3166 4871
1059 323 1145 378 De
1181 323 1385 378 nomin.
1420 323 1479 378 in
1513 342 1679 389 -αιος,
1750 324 1783 393 ξ
1817 328 1901 379 47.
2518 330 2635 392 137

401 497 493 579 12,
537 497 661 558 525
694 501 770 561 D.
862 502 1135 564 Eustath.
1187 498 1368 581 1390,
1413 498 1487 559 41
1538 496 1798 581 dubitat,
1854 507 2051 564 utrum
2099 503 2456 567 vocabulum
2504 488 2640 563 ἀπὸ

397 588 594 683 ἀκτῆς
641 598 1020 674 θαλασσίας
1065 618 1280 664 nomen
1327 606 1579 683 ceperit,
1637 624 1712 665 an
1761 597 1837 662 ἐκ
1879 602 2006 663 τοῦ
2052 591 2215 683 ἄγω,
2260 595 2340 663 τὸ
2385 602 2553 678 xio-5,
2595 593 2636 685 ἡ

395 699 705 786 εἷρημένη
752 690 994 764 ἀκταία
1037 702 1317 784 γίνεται,
1376 703 1853 767 κατακλῶνται
1911 696 2035 785 γὰρ
2080 696 2164 767 τὰ
2208 696 2640 785 σπαθώμενα.

395 808 484 867 Ab
529 808 709 886 actis,
765 809 914 869 locis
960 809 1380 887 voluptuariis,
1423 809 1740 871 videbatur
1783 809 2087 871 Lobeckio
2132 810 2429 887 Aglaoph.
2481 806 2640 866 1022

395 929 606 971 nomen
654 911 992 988 accepisse.
1077 912 1376 990 „Primum
1424 916 1630 972 notum
1662 915 1769 991 est,
1813 916 1983 973 actae
2015 917 2075 971 et
2102 931 2356 973 amoena
2384 912 2642 972 litoralia

395 1016 652 1089 quantas
675 1013 1062 1089 praebuerint
1092 1013 1170 1072 ad
1193 1012 1624 1073 libidinandum
1649 1016 1708 1073 et
1731 1014 2119 1074 helluandum
2144 1014 2642 1092 opportunitates,

396 1115 552 1174 nude
615 1114 838 1175 factum
890 1118 1006 1194 est,
1070 1120 1135 1174 nt
1192 1114 1324 1175 loca
1379 1117 1789 1193 voluptuaria,
1849 1118 1957 1177 etsi
2020 1117 2095 1177 ab
2153 1117 2276 1178 oris
2332 1117 2641 1177 maritimis

393 1220 648 1292 remota,
705 1219 914 1277 actae
971 1218 1315 1278 dicerentur
1359 1222 1420 1278 et
1462 1219 1602 1279 hinc
1647 1219 1983 1280 derivatum
2031 1219 2279 1279 verbum
2325 1203 2640 1295 ἇκτάζειν

396 1319 472 1377 de
533 1320 604 1379 iis
665 1320 768 1396 qui
831 1321 891 1379 in
954 1320 1181 1379 deliciis
1243 1321 1641 1399 mollitiisque·
1689 1304 1953 1382 vivuntss
2040 1322 2118 1382 Et
2176 1323 2233 1381 in
2295 1328 2498 1382 annot.
2539 1318 2639 1399 22,

397 1428 711 1499 postquam
741 1423 906 1482 viros
938 1420 1166 1500 doctos,
1209 1423 1314 1498 qui
1362 1441 1434 1482 ea
1463 1422 1538 1482 de
1583 1441 1651 1483 re
1698 1423 1994 1497 dixerunt,
2037 1423 2333 1501 laudavit,
2377 1423 2642 1500 „nescio,
2773 1422 2779 1428 ’

394 1524 611 1601 inquit,
659 1544 733 1585 an
779 1528 978 1584 vestes
1023 1524 1313 1584 delicatae
1360 1515 1427 1583 αἱ
1472 1514 1887 1603 καλούμεναι
1933 1508 2202 1584 α’κταῑαι
2246 1525 2467 1586 Athen.
2510 1524 2642 1603 XII,

395 1622 516 1683 525
549 1628 605 1687 D
666 1627 890 1687 similes
933 1626 1189 1689 fortasse
1249 1626 1661 1706 Synthesibus,
1722 1626 1987 1688 indidem
2033 1646 2249 1689 nomen
2296 1629 2641 1704 acceperint

394 1730 468 1787 ab
511 1730 691 1808 actis,
749 1729 846 1788 ubi
903 1748 1018 1807 par
1069 1729 1318 1789 thermis
1363 1731 1583 1790 nostris
1626 1722 1928 1793 luxuria“.
2017 1728 2266 1808 Origine
2313 1731 2640 1805 Persicum,

392 1852 430 1892 a
473 1831 722 1893 Graecis
763 1831 825 1890 in
870 1830 1119 1891 formam
1151 1831 1414 1892 Graecae
1446 1832 1700 1895 similem
1732 1832 2033 1893 detortum
2067 1836 2273 1895 censet
2301 1834 2642 1911 Schweigh.

393 1933 570 2007 Quod
619 1952 740 1994 non
786 1937 878 1993 est
920 1933 1227 2011 absonum,
1274 1920 1455 2009 quum
1502 1934 1560 1993 in
1595 1933 1709 1994 hoc
1741 1952 1964 2012 genere
1996 1934 2424 1995 vocabulorum
2454 1936 2642 1995 multa

394 2037 627 2097 soleant
670 2036 857 2114 recipi
902 2035 976 2095 ab
1022 2035 1229 2096 alienis
1270 2036 1527 2115 populis,
1572 2035 1733 2096 unde
1774 2037 1925 2096 enim
1959 2054 2077 2113 res,
2117 2028 2258 2096 inde
2288 2036 2641 2115 plerumque

394 2144 456 2198 et
502 2157 719 2201 nomen
764 2143 1094 2215 acceptum.
1179 2139 1260 2199 Ut
1303 2156 1413 2199 nos
1454 2139 1568 2215 ipsi
1613 2139 1810 2199 multis
1841 2138 2147 2198 vocabulis
2182 2138 2392 2198 alienis
2422 2140 2642 2199 utimur

395 2241 746 2319 ignorantes
775 2258 980 2301 veram
1010 2258 1213 2301 eorum
1245 2241 1552 2319 originem,
1592 2260 1647 2300 V.
1679 2259 1729 2300 c.
1758 2245 1917 2300 samt
1946 2229 2265 2318 ἓξάμιτος,
2291 2242 2453 2300 seiae
2481 2245 2641 2301 seta:

394 2362 586 2422 eaque
618 2324 947 2421 praecipue
980 2343 1413 2421 elegantiornm
1445 2347 1506 2404 et
1535 2342 2107 2422 magnificentiorum
2138 2361 2339 2403 rerum
2371 2359 2502 2403 sors
2533 2349 2641 2403 est.

565 2430 870 2506 ἀκταία
941 2446 1065 2524 pila
1131 2463 1463 2506 marmorea
1528 2446 1798 2507 Clearch.
1862 2465 1957 2524 ap.
2024 2446 2162 2506 Ath.
2233 2444 2339 2524 14,
2404 2443 2528 2504 648
2558 2448 2642 2506 F:

403 2542 709 2627 Τρίπους,
751 2537 989 2627 χύτρα,
1031 2546 1362 2625 λυχνεῖον,
1393 2535 1655 2627 ἀκταία,
1675 2537 1964 2627 βάθρον.
2036 2549 2329 2623 Hesych.:
2361 2532 2641 2608 Ἀκταία·

393 2638 434 2730 ἡ
482 2636 736 2730 Ἀττικὴ
781 2640 1070 2730 πρώτως
1114 2635 1335 2721 οὕτως
1393 2642 1695 2709 ἐκαλεῖτο
1717 2664 1730 2677 ·
1791 2645 1906 2709 καὶ
1958 2638 1998 2730 ἡ
2055 2643 2130 2710 ἐκ
2172 2647 2300 2710 τοῦ
2357 2631 2641 2709 ἇκτίτου

393 2748 600 2814 λίθου
647 2751 1273 2812 κατασκευασθεῖσα
1317 2749 1442 2812 τοῦ
1481 2749 1912 2812 Πεντελικοῦ.
1961 2784 2043 2794 -
2090 2737 2439 2833 (ἄκτίτης
2484 2752 2641 2813 litto-

391 2857 550 2933 ralis,
592 2855 862 2933 Atticus;
905 2855 986 2916 St.
1030 2856 1125 2915 B.:
1170 2849 1303 2916 Καὶ
1346 2839 1658 2935 Άκτίτης,
1704 2846 1775 2931 ἐξ
1819 2836 1901 2914 οὗ
1944 2844 2023 2914 τὸ
2062 2839 2361 2915 Ἀκτίτου
2404 2849 2640 2935 πέτρα,

395 2950 468 3015 ἐν
510 2954 592 3034 τῇ
637 2949 993 3038 τραγῳδίᾳ,
1038 2941 1191 3016 ἀντὶ
1233 2954 1357 3016 τοῦ
1400 2941 1719 3018 Ἀττικοῦ.
1792 2958 1982 3020 Snid.:
2037 2942 2223 3036 ᾏκτῆ
2269 2950 2456 3028 ἰδίως
2500 2949 2641 3016 ἐπι·
2690 2967 2694 2976 ·

395 3049 828 3130 θαλαττίὸιός
885 3077 985 3131 τις
1040 3067 1244 3140 μοῖρα
1302 3057 1419 3140 τῆς
1477 3045 1802 3140 Ἀττικῆς,
1869 3044 2040 3119 ὅθεν
2097 3053 2212 3118 καὶ
2274 3044 2312 3117 ὁ
2371 3043 2641 3138 ἄκτίτης

396 3157 612 3233 λίθος.
698 3163 1022 3240 Har-poen:
1067 3147 1265 3242 ἀκτή·
1313 3153 1865 3231 ἐπιθαλαττίδιος
1907 3179 2007 3231 τις
2049 3168 2251 3239 μοῖρα
2295 3158 2412 3239 τῆς
2442 3144 2640 3222 Ἄττι-

395 3261 538 3344 κῆς,
569 3251 917 3344 Ὑπερίδης
962 3258 1037 3323 ἐν
1079 3263 1176 3343 τῷ
1223 3259 1372 3343 περὶ
1405 3261 1530 3323 τοῦ
1559 3260 1904 3342 ταρίχους·
1950 3248 2122 3322 ὅθεν
2152 3257 2267 3321 καὶ
2297 3250 2335 3322 ὁ
2367 3246 2641 3343 ἇκτίτης

395 3362 606 3438 λίθος.
695 3367 989 3443 Hesych.:
1050 3352 1318 3446 ἄκτίτης
1365 3361 1595 3436 λίθος·
1658 3351 1793 3426 ἀπὸ
1846 3362 1979 3448 τῆς-
2009 3357 2082 3424 ἐν
2128 3354 2639 3446 Πελοποννήσῳ

394 3455 619 3549 ἀκτῆς.
703 3466 1072 3549 Σοφοκλῆς
1119 3453 1460 3546 Ἀκρισίῳ).

567 3556 901 3641 α’λκαῑος
945 3572 1087 3631 Eur.
1131 3571 1366 3631 Nomen
1394 3571 1725 3648 proprium
1771 3570 2018 3631 Graecis
2064 3571 2367 3632 usitatum.

566 3661 805 3751 ἁλμαί
816 3690 858 3731 α
901 3692 1013 3750 pro
1059 3656 1232 3751 ἅλμη
1270 3673 1539 3734 Dioscor.
1571 3674 1703 3736 Nic.
1736 3691 1829 3751 ap.
1859 3674 2079 3733 Athen.
2108 3673 2257 3734 Lob.
2284 3673 2469 3752 paral.
2500 3669 2642 3733 308.

566 3761 916 3844 ἆλωαῑος
960 3761 1390 3853 Orph.‘hymn.

566 3865 661 3956 ἅμ
674 3879 763 3954 αξ
775 3882 857 3936 αῖ
866 3894 949 3946 ος
983 3876 1149 3939 Arat.
1180 3874 1259 3935 93
1291 3863 1546 3957 ἄρκτου
1576 3864 1912 3957 ἁμαξαίης.
1985 3879 2183 3938 Noun.
2212 3878 2390 3940 Dion.
2419 3875 2470 3954 1,
2500 3872 2644 3936 251.

396 3978 453 4060 2,
486 3977 626 4041 280.
674 3975 778 4058 47,
806 3975 949 4039 252.

564 4071 858 4162 ἅμαξαί
873 4099 914 4139 α
987 4100 1095 4159 pro
1161 4064 1377 4161 ἅμαξα
1442 4081 1663 4141 dictum
1738 4099 1871 4141 esse
1934 4081 2183 4140 tradunt
2256 4081 2645 4158 grammatici,

395 4187 562 4247 Euat.
606 4187 676 4246 Il.
721 4204 781 4262 p.
831 4179 975 4242 842.
1018 4182 1127 4245 Od.
1169 4203 1226 4261 p.
1263 4179 1444 4260 1758,
1490 4180 1588 4242 58.
1635 4183 1795 4243 Hdn.
1826 4201 1921 4260 ap.
1950 4181 2034 4242 St.
2063 4183 2210 4259 Byz.
2239 4201 2295 4241 v.
2328 4170 2644 4259 Γενήτης.

398 4288 586 4349 Cram.
609 4306 706 4348 an.
732 4305 831 4347 ox.
857 4281 916 4362 33
945 4280 1088 4358 288,
1116 4282 1214 4345 25.
1255 4285 1474 4354 Arcad.
1497 4304 1554 4363 p.
1583 4283 1723 4363 194,
1753 4281 1854 4344 21.
1914 4283 2003 4345 Of.
2026 4283 2174 4344 Lob.
2204 4283 2391 4360 paral.
2420 4300 2477 4358 p.
2502 4279 2645 4342 309.

1569 4408 1581 4419 ·
2163 4392 2232 4445 9.
