3166 4871
2476 276 2618 373 '289

828 488 890 561 7)
935 489 1010 550 ad
1060 489 1179 551 Att.
1226 495 1282 567 7,
1313 498 1369 567 3,
1401 494 1438 553 5

825 588 892 664 8)
1019 619 1104 632 -
1215 595 1273 669 8,
1303 597 1361 670 5,
1394 597 1423 653 1

824 690 890 766 9)
1020 724 1102 735 —
1215 698 1310 771 14,
1341 698 1441 773 22,
1472 698 1509 756 2

784 793 889 869 10)
1018 828 1103 838 -
1216 801 1311 875 15,
1344 802 1443 875 11,
1473 798 1511 858 3
1542 821 1626 843 =
1663 802 1758 875 16,
1789 800 1846 874 6,
1877 801 1915 858 2

542 897 873 960 Proverbia
914 904 1112 961 autem
1159 899 1252 961 his
1294 899 1439 963 locis
1482 900 1540 960 in
1589 898 1849 960 medium
1896 898 2105 961 Cicero
2151 897 2430 976 protulit:
2510 900 2515 906 ’

826 998 888 1074 1)
933 1000 1010 1062 ad
1054 1000 1188 1063 fam.
1222 1006 1277 1080 6,
1308 1006 1363 1075 3,
1395 1006 1435 1064 4
1464 1026 1548 1049 ·-==
1578 1001 1654 1061 ad
1700 1000 1770 1077 Q.
1815 1000 1889 1061 fr.
1919 1004 1977 1079 2,
2010 1004 2108 1076 16,
2135 1002 2175 1061 4

825 1101 889 1177 2)
1017 1135 1101 1144 —·
1217 1107 1274 1183 9,
1306 1107 1362 1183 3,
1392 1108 1429 1166 2

823 1203 886 1280 3)
1015 1237 1100 1248 -·
1218 1210 1278 1286 9,
1308 1212 1361 1280 ’7,
1394 1211 1431 1269 2

820 1306 886 1382 4)
931 1309 1009 1370 ad
1054 1309 1109 1386 Q
1169 1309 1242 1371 fr.
1274 1316 1330 1388 1,
1359 1314 1417 1383 2,
1451 1315 1530 1374 13

823 1412 885 1482 5)
1056 1444 1141 1454 ·-·
1272 1418 1330 1492 3,
1360 1417 1417 1492 6,
1449 1418 1484 1475 ’7

822 1511 886 1588 6)
931 1513 1009 1576 8⁴1
1057 1517 1176 1576 Att-
1208 1518 1265 1594 2,
1297 1518 1395 1594 12,
1427 1517 1465 1577 3

822 1614 885 1688 7)
1017 1648 1103 1659 -
1213 1619 1268 1690 5,
1303 1623 1401 1698 11,
1431 1623 1469 1680 5

819 1721 884 1790 8)
1016 1750 1097 1761 -·
1207 1726 1265 1800 6,
1295 1724 1353 1798 5,
1383 1725 1420 1783 2
1453 1746 1537 1768 ==
1571 1719 1669 1799 15,
1704 1725 1801 1797 17,
1834 1725 1864 1782 1

820 1823 883 1891 9)
1013 1854 1090 1863 -
1207 1827 1263 1902 e,
1296 1826 1352 1902 9,
1384 1826 1422 1884 3

782 1920 886 1996 10)
1014 1955 1100 1966 -
1208 1927 1266 2004 9,
1297 1928 1353 2004 9,
1387 1930 1417 1987 1

780 2024 883 2097 11)
1012 2054 1101 2103 -γ
1211 2030 1307 2105 10,
1338 2030 1397 2106 5,
1428 2031 1465 2089 2

779 2125 883 2201 12)
1012 2159 1093 2170 -·
1206 2131 1300 2201 12,
1334 2131 1431 2202 51,
1463 2132 1500 2189 2

782 2228 886 2304 13)
1015 2261 1098 2273 -·
1210 2236 1309 2310 13,
1339 2233 1438 2310 21,
1466 2235 1506 2292 4

784 2331 885 2407 14)
1015 2365 1096 2376 -·
1210 2338 1307 2413 15,
1335 2339 1398 2413 4,
1432 2340 1462 2396 1

783 2438 884 2508 15)
1013 2468 1098 2479 -
1211 2441 1307 2518 15,
1339 2431 1465 2501 16¹³.
1489 2434 1592 2512 ¹¹⁰)

538 2538 903 2615 Quaestione
954 2540 1082 2620 jam
1127 2540 1202 2602 ad
1255 2540 1432 2602 finem
1490 2540 1784 2620 perducta
1844 2540 1958 2604 hoc
2001 2558 2185 2600 unum
2231 2539 2612 2618 relinquitur,

367 2643 449 2714 ut,
495 2658 649 2719 quae
694 2643 1024 2719 posteriore
1066 2647 1240 2722 parte
1284 2645 1691 2724 exposuimus,
1733 2643 2085 2706 brevissime
2128 2642 2612 2720 complectamur.

368 2742 639 2804 Vidimus
698 2743 880 2822 igitur
938 2746 1282 2809 Ciceronem
1345 2766 1542 2826 neque
1597 2750 1809 2825 poetae
1869 2746 2108 2807 nomine
2167 2743 2413 2823 dignum
2480 2761 2609 2805 esse

367 2864 565 2924 neque
611 2846 713 2907 tali
757 2848 1028 2926 poeticae
1077 2850 1407 2911 venustatis
1450 2867 1631 2911 sensu
1684 2867 1722 2909 a
1767 2852 1982 2909 natura
2023 2847 2208 2909 fuisse
2254 2846 2611 2926 praeditum,

368 2949 529 3026 quali
578 2967 731 3028 opus
762 2954 869 3028 est,
913 2953 980 3011 ut
1009 2950 1343 3029 intellegas,
1386 2951 1607 3030 quibus
1638 2951 1887 3011 maxime
1932 2950 1993 3010 in
2023 2950 2204 3011 rebus
2233 2948 2607 3026 singulorum

368 3055 679 3128 poetarum
713 3051 965 3114 virtutes
1011 3057 1073 3114 et
1115 3052 1272 3113 inter
1316 3071 1382 3114 se
1413 3050 1754 3113 discrimina
1799 3051 1993 3131 posita
2035 3051 2173 3129 sint,
2217 3054 2404 3128 utque
2431 3067 2606 3111 suum

367 3154 584 3232 cuique
626 3154 857 3216 tribuas
912 3154 1125 3216 locum.
1212 3154 1329 3218 Sed
1376 3173 1451 3216 ne
1504 3172 1715 3233 parum
1762 3154 1813 3216 ei
1862 3153 2098 3231 demus,
2158 3152 2605 3214 concedendum

367 3260 460 3317 est
504 3275 637 3318 eum
682 3275 718 3317 a
764 3275 971 3337 puero,
1018 3263 1085 3320 ut
1129 3258 1347 3319 ceteris
1392 3258 1698 3336 plerisque
1740 3256 2073 3319 litterarum
2117 3256 2466 3334 generibus,
2525 3255 2607 3317 ita

367 3359 730 3421 carminibus
786 3360 1063 3440 legendis
1106 3361 1252 3422 satis
1311 3379 1448 3422 acre
1506 3359 1786 3421 tribuisse
1843 3358 2125 3421 studium.
2220 3359 2439 3437 Neque
2500 3356 2606 3420 du·

364 3462 526 3524 bium
574 3467 699 3543 est,
755 3463 901 3543 quin
947 3481 1069 3525 non
1113 3463 1327 3543 solum,
1372 3467 1439 3524 ut
1482 3462 1689 3524 melior
1731 3461 2017 3524 existeret
2058 3464 2280 3535 orator,
2336 3460 2413 3522 ad
2469 3480 2607 3540 poe·

365 3568 559 3626 tarum
604 3565 789 3628 libros
831 3567 1169 3638 accesserit,
1215 3566 1322 3628 sed
1367 3567 1545 3629 etiam
1592 3564 2045 3628 delectationem
2092 3584 2369 3645 magnam
2413 3584 2488 3627 ex
2536 3566 2608 3627 iis

363 3668 731 3746 perceperit3
788 3687 923 3730 nam
971 3667 1105 3730 libri
1165 3668 1299 3748 ejus
1358 3669 1720 3730 documento
1780 3674 1922 3730 sunt
1979 3687 2112 3730 eum
2173 3667 2609 3746 posterioribus

364 3787 607 3849 quoque
638 3770 795 3831 vitae
838 3771 1031 3845 annis,
1076 3788 1208 3832 cum
1254 3789 1454 3832 rerum
1493 3770 1868 3848 publicarum
1913 3770 2254 3833 conditione
2298 3773 2607 3850 permotus

364 3870 439 3932 ab
484 3871 865 3952 eloquentiae
911 3872 1122 3935 studiis
1165 3872 1241 3934 ad
1287 3872 1727 3953 philosophiam
1772 3892 1838 3937 se
1883 3874 2298 3953 convertisset,
2349 3872 2607 3935 libenter

361 3973 422 4035 in
484 3975 808 4036 carminum
871 3975 1126 4037 lectione
1190 3981 1492 4038 versatum
1553 3994 1705 4038 esse.
1805 3978 2131 4039 Praeterea
2203 3978 2402 4038 autem
2458 3975 2605 4037 satis

536 4208 623 4274 ¹¹⁰)
657 4205 827 4262 Omisi
863 4220 931 4261 ea
963 4206 1279 4277 proverbia,
1313 4205 1429 4262 suis
1466 4207 1604 4263 locis
1629 4208 1747 4278 jam
1782 4211 2232 4274 commemorata,
2265 4219 2412 4275 quae
2446 4205 2599 4276 apud

359 4295 568 4346 certum
604 4291 841 4362 aliquem
876 4296 1098 4361 poetam
1131 4291 1511 4348 inveniuntur.
