3166 4871
619 297 739 357 122
1616 290 1875 345 Zacher

617 471 828 531 forma.
917 471 1274 546 Quanquam
1321 489 1440 530 non
1489 470 1549 528 in
1598 472 1852 547 canticO,
1894 471 2001 530 sed
2029 470 2089 530 in
2123 475 2445 546 systemate
2475 469 2868 547 anapaestico

617 578 723 651 est,
770 578 836 633 ut
878 574 1187 650 putaverit
1218 574 1531 650 quispiam,
1574 572 1937 648 Aeschylum
1971 573 2281 649 scripsisse
2312 560 2657 649 ὑπογύου.
2700 572 2864 649 quod

613 677 827 738 Strabo
888 695 997 736 suo
1061 675 1300 735 dicendi
1365 678 1513 734 mori
1576 674 2129 734 accommodaverit.
2234 674 2404 748 Quae
2469 675 2674 752 opinio
2742 693 2862 733 non

613 780 902 839 refellitur
946 778 1273 837 Hermanni
1319 778 1634 855 sententia,
1678 764 2011 854 Ιὑπογαὶου
2042 778 2304 837 sermoni
2335 778 2562 853 tragico
2593 795 2866 836 accomo-

615 882 814 943 datius
856 880 1078 956 videri,
1136 897 1318 957 quum
1379 899 1417 939 a
1459 880 1628 940 nullo
1674 881 1902 956 tragico
1951 884 2304 956 usurpatum
2348 880 2426 939 sit
2469 881 2863 956 compositum

615 1003 651 1043 a
693 981 774 1063 γῆ
833 981 1166 1043 derivatum
1209 988 1450 1058 praeter
1492 983 1857 1058 Aeschylum
1918 981 2139 1058 ipsum,
2199 982 2304 1058 qui
2349 981 2409 1040 in
2456 982 2706 1041 canticis
2748 982 2865 1040 illis

613 1086 796 1147 habet
853 1076 1126 1163 ἔγγαιος.
1225 1084 1343 1145 Sed
1406 1087 1466 1144 in
1530 1085 1877 1161 anapaestis
1932 1102 2183 1161 ¹quoque
2245 1083 2467 1142 formas
2531 1083 2768 1142 doricas
2829 1103 2865 1141 a

613 1189 858 1266 tragicis
905 1187 1204 1247 adhibitas
1251 1207 1402 1266 esse,
1446 1187 1636 1248 Gerth
1682 1186 1937 1264 (quaest,
1983 1186 2057 1245 de
2102 1205 2191 1262 gr.
2231 1189 2384 1262 trag.
2416 1185 2552 1245 dial.
2596 1185 2865 1262 Stud.11,

616 1286 738 1349 263
772 1288 886 1369 sq.)
919 1290 1367 1350 demonstravit.
1441 1292 1654 1366 ltaque
1686 1292 1859 1349 etiam
1892 1275 2229 1365 ὑπογαὶου
2256 1289 2579 1364 genuinam
2611 1288 2861 1349 formam

615 1394 1013 1470 Aeschyleam
1078 1411 1211 1453 esse
1273 1393 1567 1468 dicemus,
1629 1410 1883 1468 eamque
1945 1391 2245 1451 Doricam.
2345 1390 2465 1452 Sed
2528 1398 2601 1451 ut
2656 1396 2864 1468 poetas

616 1497 946 1573 mittamus,
1005 1514 1042 1554 a
1084 1513 1303 1572 prosae
1361 1493 1758 1570 scriptoribus
1803 1494 2001 1553 atticis
2046 1495 2238 1554 bonae
2284 1493 2495 1553 aetatis
2540 1492 2606 1566 (i
2631 1511 2683 1553 e.
2726 1500 2864 1553 ante

615 1599 792 1658 Alex.
835 1598 1034 1673 Magn.
1037 1594 1079 1672 ),
1124 1597 1280 1656 duae
1324 1601 1554 1656 tantum
1602 1615 1779 1656 voces
1823 1598 1884 1655 in
1915 1612 2132 1674 -γαιος
2162 1596 2505 1656 desinentes
2537 1601 2861 1672 usurpatae

617 1704 780 1777 sunt,
843 1689 1104 1777 ἔγγαιος
1161 1704 1218 1758 et
1272 1687 1651 1776 μεσόγαιος,
1715 1686 2052 1776 μεσόγαια.
2154 1699 2355 1775 Atque
2414 1698 2557 1757 illud
2622 1696 2861 1774 quidem

617 1802 922 1879 explic-are
966 1819 1219 1878 nequeo,
1279 1801 1394 1860 hoc
1439 1818 1586 1859 vero
1633 1801 1720 1860 sic
1763 1800 2016 1860 fortasse
2064 1800 2350 1877 explicari
2396 1801 2634 1877 poterit,
2680 1804 2746 1858 ut
2788 1800 2863 1858 ab

617 1903 881 1980 Ionibus,
923 1903 1275 1979 praesertim
1306 1902 1379 1961 ab
1410 1902 1740 1978 HerodotO,
1776 1903 1892 1963 hoc
1923 1902 2275 1962 vocabulum
2311 1903 2655 1979 receperint
2680 1903 2862 1962 Attici

617 2005 693 2065 ad
752 2004 1207 2082 significandam
1267 2023 1390 2064 rem
1453 2005 1561 2063 sibi
1624 2005 1882 2081 quodam
1944 2003 2119 2063 modo
2177 2023 2397 2064 novam
2459 2002 2662 2077 (Quod
2709 2004 2862 2063 enim

618 2107 839 2174 Pollux
858 2103 914 2184 8,
938 2103 1075 2184 109,
1119 2114 1344 2186 narrat,
1389 2126 1566 2167 unam
1599 2126 1632 2167 e
1664 2111 1950 2184 quattuor
1985 2107 2181 2183 phylis
2210 2107 2424 2166 Atticis
2455 2107 2690 2168 Cranao
2721 2124 2865 2182 rege

618 2198 965 2287 Μεσόγαια
1025 2216 1296 2269 vocatam
1358 2228 1516 2288 esse,
1575 2210 1727 2269 bene
1772 2211 2224 2271 Schoemannus
2270 2209 2481 2268 Altert.
2524 2228 2583 2286 p.
2614 2205 2735 2266 327
2784 2209 2869 2267 ait

615 2311 793 2390 „dass
858 2312 966 2370 wir
1029 2330 1093 2371 es
1163 2313 1292 2371 hier
1357 2314 1520 2371 nicht
1580 2313 1685 2372 mit
1746 2312 2255 2389 geschichtlicheu
2320 2311 2868 2388 uberlieferungen,

617 2414 881 2475 sondern
928 2414 1033 2474 mit
1077 2415 1574 2475 combinationem
1621 2434 1696 2476 zu
1743 2420 1851 2475 tun
1897 2414 2122 2491 haben,
2182 2414 2279 2474 die
2328 2414 2505 2491 jeder
2557 2415 2668 2474 auf
2704 2414 2866 2474 seine

617 2518 797 2577 weise
842 2517 1137 2576 anstellen
1183 2511 1481 2578 mochte“.
1567 2519 1707 2578 Alia
1752 2524 1842 2578 est
1885 2519 2185 2578 sententia
2228 2517 2558 2577 Hermanni
2603 2516 2705 2576 Gr.
2749 2517 2868 2576 Alt.

618 2621 667 2698 Ι,
698 2616 799 2697 93,
849 2616 943 2692 1.).
1029 2621 1303 2696 Namque
1350 2639 1523 2681 nemo
1571 2622 1834 2699 negabit,
1878 2621 2086 2680 Ionum
2131 2621 2190 2680 in
2222 2620 2403 2680 Asiae
2442 2638 2692 2697 magnae
2726 2638 2864 2678 con-

617 2722 862 2781 tinentis
922 2724 1040 2781 oris
1100 2723 1491 2782 habitantium
1553 2724 1784 2782 animos
1846 2723 2031 2782 multo
2092 2724 2261 2799 prius
2316 2740 2387 2780 ac
2443 2722 2629 2781 multo
2686 2722 2865 2780 vehe-

618 2824 873 2883 mentius
908 2824 1141 2885 subisse
1188 2826 1489 2884 notionem
1537 2826 1800 2902 regionis
1846 2825 2337 2900 mediterraneae,
2380 2843 2557 2901 quam
2605 2812 2865 2884 Graeco·

616 2945 748 2986 rum
793 2928 1046 3003 patriam
1090 2927 1491 3013 incolentium,
1539 2928 1710 2987 euius
1740 2945 1945 2987 omnes
1977 2927 2101 2987 fere
2132 2932 2336 3004 partes
2366 2945 2532 2987 mare
2561 2926 2869 3003 tangebat,

617 3034 686 3088 nt
729 3030 830 3089 vix
877 3030 1078 3105 aliqua
1121 3030 1288 3106 regio
1333 3030 1772 3089 mediterranea
1816 3031 2015 3089 vocari
2061 3036 2279 3107 posset,
2322 3046 2500 3105 quam
2529 3027 2866 3089 Atticorum

614 3132 913 3209 inprimis,
971 3133 1075 3208 qui
1127 3133 1246 3209 ipsi
1300 3137 1484 3194 totam
1529 3138 1752 3192 terram
1800 3149 1968 3192 suam
2012 3114 2227 3209 ἀκτήν
2271 3136 2577 3192 vocarent.
2661 3131 2865 3207 Atque

616 3233 694 3295 de
739 3236 1099 3310 scriptorum
1147 3253 1259 3293 usu
1305 3235 1611 3295 hactenus.

785 3335 902 3396 Sed
959 3337 1310 3412 priusquam
1373 3335 1447 3396 de
1508 3341 1724 3396 natura
1774 3355 1847 3394 ac
1916 3335 2114 3396 indole
2186 3336 2321 3412 ipsa
2377 3337 2863 3396 terminationum

615 3453 804 3515 γαιος
832 3453 1010 3515 γειος
1040 3455 1206 3514 γεως
1252 3439 1647 3515 disputemus,
1692 3439 2088 3516 proponenda
2131 3443 2275 3498 sunt
2316 3443 2441 3499 tum
2488 3458 2561 3498 ea
2604 3456 2759 3515 quae
2788 3438 2865 3498 ab

616 3539 728 3599 hac
773 3545 946 3616 parte
990 3539 1284 3614 incipiunt
1327 3540 1681 3618 composita,
1724 3547 1849 3600 tum
1896 3541 2243 3617 simpliciter
2288 3541 2574 3600 derivata.
2662 3542 2867 3617 Atque

614 3641 764 3700 haec
808 3640 1049 3717 quidem
1097 3642 1296 3717 priore
1340 3641 1473 3701 loco
1519 3659 1831 3717 ponamus.
1918 3642 2146 3703 Suffixo
2194 3658 2257 3700 ιο
2305 3643 2578 3703 derivata
2621 3648 2792 3702 sunt:

782 3749 1004 3819 γαῑος
1049 3743 1301 3803 testibus
1346 3743 1512 3803 Euat.
1545 3761 1601 3853 p.
1632 3739 1770 3822 188,
1799 3740 1897 3803 28.
1943 3745 2205 3821 Hesych.
2250 3746 2363 3804 En
2410 3744 2710 3821 significat
2740 3734 2866 3803 τὸν

614 3834 899 3924 ἐργάτην
963 3842 1132 3918 βοῦν
1199 3851 1260 3904 et
1329 3834 1454 3904 τὸν
1523 3829 1845 3923 ἀπόγειον
1908 3833 2176 3924 ἄνεμον
2286 3843 2549 3906 Γαιῶν·
2610 3832 2868 3926 γηίνὼν

612 3936 1030 4027 πραγμάτων
1074 3948 1256 4023 8ιιὶᾱ.,
1299 3966 1458 4025 quae
1504 3967 1617 4008 om.
1666 3950 1783 4009 VC.

786 4035 823 4107 ὁ
885 4046 1153 4126 Γαῖος,
1219 4050 1446 4111 telluris
1513 4050 1719 4110 fanum
1786 4050 2100 4130 Olympiae
2166 4058 2227 4113 et
2289 4054 2482 4113 Burae
2545 4052 2868 4131 Achaicae,

614 4153 790 4212 Paus.
835 4152 913 4227 V,
962 4150 1067 4230 14,
1113 4147 1150 4208 8
1212 4144 1322 4210 ἐπὶ
1380 4146 1450 4210 δὲ
1505 4150 1632 4212 τοῦ
1680 4149 1896 4212 Ιαὶου
1950 4149 2395 4233 καλουμένου.
2482 4155 2624 4232 VII,
2670 4152 2779 4231 25,
2826 4151 2866 4212 8

614 4246 726 4312 ἐπὶ
769 4242 894 4312 τὸν
926 4235 1354 4330 καλούμενον
1385 4253 1632 4312 Γαῖον·
1682 4253 1817 4323 Γᾶς
1849 4251 1916 4313 ὀὶ
1967 4247 2150 4334 ἱερόν
2197 4248 2377 4315 ἐστιν
2416 4243 2441 4312 ‹‘
2490 4255 2692 4327 Γαῖος
2722 4249 2865 4315 ἐπί-
