3166 4871
555 304 677 365 224
1560 300 1826 354 Zacher

556 478 810 537 invitum
842 496 906 538 se
939 476 1183 537 caedem
1217 482 1490 555 patrasse
1519 480 1621 555 ait,
1665 481 1711 538 si
1744 479 1968 555 injuste
2010 481 2405 558 damnabitur,
2450 501 2567 541 non
2616 483 2822 541 minus

555 598 732 657 quam
808 580 1041 639 occisus
1118 586 1349 657 punget
1422 582 1652 641 animos
1718 599 1923 640 eorum
1997 584 2098 659 qui
2167 600 2302 642 eum
2368 582 2519 642 falso
2573 583 2819 660 Judicio

555 690 962 760 necaverunt3
1008 673 1505 761 προςτρόπαιός
1549 675 1689 742 ἐστι
1734 691 1877 754 τοῖς
1921 678 2161 754 αἰτίοις
2204 686 2452 745 mordax
2481 686 2553 746 iis
2583 688 2823 747 insistet

555 764 789 861 genius.
879 787 984 846 His
1027 786 1308 846 addenda
1351 791 1522 846 sunt:
1590 788 1721 846 EM.
1766 806 1810 846 e.
1842 806 1899 846 v.
1944 778 2211 866 Αίώρα·
2259 778 2456 867 ἑορτὴ
2504 774 2816 868 Ἀθηνᾶς,

555 873 641 966 ἣν
693 885 1021 947 καλοῦσιν
1067 874 1440 947 &fidemnon
1494 883 1754 966 λέγεται
1786 880 1909 967 γὰρ
1940 875 2289 969 Ἠριγόνην
2319 882 2446 968 τήν
2474 884 2820 969 Αἰγίσθου

559 985 672 1049 καὶ
715 981 1318 1069 Κλυταιμνήστρας
1371 986 1743 1069 θυγατέρα,
1804 983 1928 1050 σὺν
1983 982 2336 1072 Τυνδάρεῳ
2390 991 2487 1071 τῷ
2543 983 2818 1071 πάππῳ

557 1087 791 1151 ἐλθεῖν
837 1078 1147 1174 Ἀθήναζε
1200 1082 1807 1172 κατηγορήσουσαι)
1850 1079 2185 1172 Ὀρέστου·
2245 1080 2683 1154 ἅπολυθείιτα
2737 1090 2813 1153 δὲ

557 1182 1025 1276 αναρτήσασαν
1088 1186 1364 1274 ἑαυτήν,
1453 1186 2059 1276 προςτρόπαιον
2136 1204 2303 1268 τοῖς
2363 1182 2815 1277 Ἀθηναίοις

543 1294 741 1377 ’γενέ
753 1297 961 1358 σθαι.
1055 1300 1195 1359 Eur.
1223 1299 1354 1358 Ion.
1392 1295 1582 1356 1260:
1630 1291 1721 1375 ἵζε
1769 1296 1895 1357 νῦν
1936 1296 2156 1378 πυρᾶς
2201 1292 2327 1358 ἔπι.
2404 1285 2550 1358 Κᾶν
2596 1291 2817 1378 θάνῃς

557 1391 681 1480 γὰρ
741 1386 974 1460 ἐνθάδ’
1019 1380 1220 1471 οὖσα,
1281 1407 1421 1469 τοῖς
1467 1386 1906 1459 ἀποκτείνασί
1960 1416 2031 1459 σε
2080 1391 2592 1480 ΙΙροςτρόπαιον
2650 1391 2817 1481 αἷμα

557 1494 808 1582 θήσεις.
899 1504 1157 1579 Sanguis
1211 1509 1376 1581 tuus,
1439 1505 1474 1562 i.
1503 1522 1554 1562 e.
1613 1505 1949 1565 recordatio
2009 1506 2321 1582 sanguinis
2378 1506 2718 1566 innocentis
2771 1525 2815 1564 a

559 1626 623 1667 se
665 1606 784 1666 fusi
831 1606 1247 1666 interfectores
1292 1610 1430 1667 tuos
1475 1606 1784 1666 mordebit.

732 1710 1010 1785 Denique
1055 1709 1260 1770 eadem
1306 1708 1741 1785 significatione
1795 1710 2008 1769 etiam
2067 1713 2408 1769 neutrum
2456 1714 2812 1787 usurpatum

453 1890 459 1895 1
559 1808 1262 1889 est.Antip11.125‚2
1310 1810 1424 1883 (Ill
1457 1806 1497 1869 δ
1541 1812 1603 1881 9)
1662 1795 1805 1869 Ουκ
1862 1801 1981 1870 ἐὰν
2024 1802 2152 1869 οὑι
2196 1795 2575 1890 απολύσητε
2624 1798 2815 1891 ἡμᾶς,

559 1897 709 1973 ἀλλ’
755 1903 872 1972 ἐὰν
917 1902 1371 1992 καταλάβητε,
1436 1903 1834 1991 ἐνθύμιον
1892 1901 2368 1989 ὑπολείψεσθε.
2432 1900 2470 1973 ὁ
2515 1908 2639 1990 μὲι
2680 1903 2813 1992 γὰρ

559 2004 763 2087 αυτὸς
807 2006 926 2086 τὰς
969 2005 1182 2074 αὐτοῦ
1227 2003 1547 2096 ἁμαρτίας
1592 2010 1823 2093 φέρων
1867 1999 2095 2074 οὐδενὶ
2141 2001 2382 2074 ουὸὲυ
2425 2006 2815 2096 προςτρό-

557 2136 811 2178 παιον
855 2113 1273 2195 καταλείψει·
1325 2106 1362 2177 ὁ
1409 2112 1480 2177 δὲ
1523 2107 1831 2196 καθαρὸς
1876 2115 1993 2195 τῆς
2038 2111 2250 2188 αἰτίας
2295 2108 2413 2175 ἐὰν
2444 2114 2815 2194 διαφθαρῇ,

559 2229 703 2292 τοῖς
733 2208 1579 2299 καταλαμβάυινυσιμεῑζοι·
1624 2211 1712 2278 τό
1759 2210 2168 2296 ἐνθύμιον
2210 2209 2575 2298 γενήσεται.
2652 2222 2811 2281 Nam

558 2326 620 2385 in
665 2325 781 2385 hoc
827 2325 959 2383 loco
1004 2328 1282 2401 apparet,
1326 2312 1407 2381 τὸ
1453 2311 1959 2401 προςτρόπαιον
2016 2322 2172 2382 idem
2236 2321 2574 2400 significare
2628 2328 2815 2400 atque

559 2416 640 2486 τὸ
699 2415 1057 2505 ἐνθύμιον,
1120 2428 1154 2485 i.
1202 2446 1251 2487 e.
1311 2426 1473 2503 quod
1532 2426 1790 2486 animum
1848 2427 2085 2503 peccati
2145 2425 2438 2486 commissi
2502 2426 2814 2487 conscium

559 2534 745 2607 angat
790 2535 850 2590 et
894 2530 1217 2608 excruciet,
1262 2528 1422 2606 quod
1469 2547 1578 2589 nos
1625 2547 1910 2589 vocamus
1953 2528 2455 2605 gewissensbisse.

729 2632 844 2693 Sed
915 2633 1188 2693 neutrius
1254 2621 1332 2690 τὸ
1398 2621 1908 2709 προςτρόπαιον
1970 2633 2087 2691 alia
2148 2650 2392 2708 quoque
2455 2631 2815 2708 significatio

561 2753 695 2796 esse
755 2734 1023 2813 videtur5
1111 2735 1507 2812 Harpocratio
1569 2735 1723 2793 enim
1787 2735 2008 2795 diserte
2070 2733 2214 2794 dicit
2270 2724 2358 2792 τὸ
2420 2724 2849 2812 προςτρό-’

561 2855 807 2897 ,παιον
865 2857 1026 2899 esse
1086 2822 1262 2896 ἀντὶ
1321 2833 1464 2896 τοῦ
1510 2822 1695 2914 ἄγος
1739 2830 1873 2894 καὶ
1918 2826 2003 2894 τὸ
2048 2831 2373 2913 μίασμα,
2437 2836 2815 2913 eandemque

561 2941 913 3003 sententiam
960 2960 1034 3001 ex
1092 2941 1193 3001 illo
1241 2941 1571 3001 hauserunt
1616 2939 1830 3000 Suidas
1888 2943 1947 2998 et
1992 2939 2257 3000 Photius.
2344 2941 2424 2999 At
2468 2939 2615 2999 haec
2661 2940 2817 2999 lexis

560 3065 638 3106 ex
683 3064 804 3106 uno
850 3045 1242 3105 Aeschinis
1288 3045 1420 3104 loco
1466 3044 1540 3104 de
1587 3043 1739 3104 falsa
1785 3044 1899 3119 leg.
1955 3037 2070 3100 158
2116 3045 2354 3118 sumpta
2401 3047 2509 3120 est,
2552 3043 2725 3102 cuius
2754 3049 2818 3101 et

563 3149 744 3209 lectio
787 3151 850 3209 et
894 3147 1191 3208 sententia
1233 3147 1552 3207 admodum
1599 3145 1878 3222 ambigua
1922 3150 2028 3204 est.
2120 3147 2332 3221 ltaque
2377 3146 2720 3204 accuratius
2752 3146 2810 3204 in

560 3270 696 3311 eum
742 3250 1128 3327 inquiramus.
1201 3251 1424 3310 Narrat
1466 3248 1819 3325 Aeschines,
1864 3247 2327 3307 Demosthenem
2367 3265 2552 3324 quum
2585 3246 2815 3306 frustra

560 3357 858 3438 tentasset
886 3352 1343 3429 Aristophanem
1387 3350 1738 3428 Olynthium
1785 3350 2042 3426 pecunia
2085 3368 2493 3427 corrumpere,
2539 3353 2606 3408 nt
2648 3347 2813 3408 femi-

566 3474 702 3516 nam
748 3472 915 3516 suam
960 3455 1037 3514 ab
1079 3455 1380 3514 Aeschine
1426 3454 1852 3514 contumeliose
1913 3456 2228 3512 tractatam
2285 3469 2417 3512 esse
2476 3455 2816 3528 testaretur,

562 3559 755 3636 ipsum
817 3556 973 3617 hanc
1031 3555 1241 3617 falsam
1304 3557 1776 3617 criminationem
1837 3573 1970 3616 cum
2031 3554 2408 3615 contumeliis
2467 3572 2537 3613 ac
2603 3554 2815 3630 iurgiis

563 3659 908 3737 protulisse,
965 3660 1061 3720 cui
1121 3661 1170 3720 si
1230 3660 1488 3738 populus
1533 3659 1919 3720 Atheniensis
1978 3657 2335 3718 credidisset
2392 3657 2501 3717 sibi
2561 3656 2677 3733 ipsi
2738 3655 2817 3716 de

561 3761 910 3839 turpissima
971 3780 1037 3822 re
1097 3762 1282 3823 fuisse
1341 3761 1732 3839 pereundum
1820 3762 1941 3820 Iam
1987 3779 2141 3838 quae
2200 3763 2565 3836 sequuntur,
2623 3759 2707 3817 sic
2752 3759 2815 3817 in

564 3864 874 3926 codicibus
916 3866 1139 3942 scripta
1167 3869 1335 3926 sunt.
1381 3851 1630 3923 Ἐάσετε
1680 3843 1806 3922 οὖν
1852 3846 2104 3921 αὐτὸν
2148 3857 2528 3920 τοιοῦτον
2570 3876 2819 3938 προς-

565 3956 958 4046 τρόπαιον
1023 3964 1368 4036 (τοιοῦτον
1430 3953 1647 4025 αὑτοῦ
1714 3982 1842 4044 πρ.
1890 3965 1944 4023 h
1990 3965 2148 4025 Flor.
2212 3983 2348 4025 cum
2412 3964 2623 4041 schol„
2704 3982 2818 4040 pro

565 4056 781 4128 αὑτοῦ
811 4071 859 4129 F
891 4069 1073 4130 habet
1115 4071 1387 4130 lacunam
1433 4069 1496 4128 in
1537 4063 1750 4138 erasis)
1794 4057 1883 4146 μὴ
1913 4056 2036 4144 γὰρ
2071 4057 2151 4146 δὴ
2180 4063 2294 4145 τῆς
2322 4055 2605 4137 πόλεως,
2653 4048 2822 4124 mot’

565 4166 640 4232 ἐν
683 4159 842 4250 ὑμῖν
888 4155 1428 4250 ἇναστρέφεῠθαι
1475 4154 1674 4243 (ὥστε
1716 4187 1832 4228 οιιι.
1876 4157 1951 4228 cl.
1996 4172 2066 4229 A.
2116 4168 2471 4245 Weidneri);
2528 4161 2645 4226 καὶ
2692 4158 2824 4247 τὴν
2938 4247 2945 4251 ἢ

564 4270 687 4354 μὲν
732 4268 1093 4355 ἐκκλησίαν
1138 4267 1523 4351 καθαίρετε,
1577 4264 1652 4329 ἐν
1697 4264 1767 4328 δὲ
1814 4276 1957 4341 τοῖς
2002 4265 2377 4350 ψηφίσμασι
2425 4259 2532 4328 ded
2566 4259 2823 4328 τούτου
