3166 4871
541 279 665 339 244

543 453 741 529 liquis,
787 471 940 530 quae
987 453 1063 514 ad
1111 454 1413 513 historiam
1462 455 1782 531 pertinent,
1825 454 1981 513 haud
2029 455 2109 513 ita
2157 471 2403 529 magnos
2441 472 2506 514 se
2536 454 2780 531 praesti-

547 560 767 628 terunt,
814 557 898 614 ita
943 557 1180 616 minime
1224 556 1598 617 excellebant
1627 557 1926 633 elegantia
1954 556 2055 615 illa
2085 574 2156 615 ac
2186 559 2499 616 venustate
2528 555 2765 615 dicendi

545 658 765 734 quibus
809 658 938 734 ipse
983 659 1080 719 vel
1123 658 1379 719 maxime
1425 658 1854 719 delectabatur.
1941 658 2208 731 Quorum
2256 658 2539 718 orationis
2581 657 2783 735 inopia

541 761 600 819 in
663 759 966 820 Ciceronis
1021 759 1187 820 libris
1245 761 1486 838 saepius
1546 761 1922 838 vituperatur
1991 760 2175 837 idque
2242 777 2480 838 semper
2537 762 2648 831 ita,
2716 766 2784 820 ut

547 866 878 923 ceterorum
925 862 1143 941 quibus
1187 864 1467 924 laborant
1509 864 1787 923 vitiorum
1838 864 1940 923 vix
1992 864 2211 923 mentio
2263 859 2471 933 fiat.⁴²)
2537 892 2620 903 —-
2675 864 2784 922 His

542 964 729 1041 igitur
782 964 1213 1041 praeferendos
1257 982 1387 1025 esse
1430 984 1682 1042 magnos
1727 965 1862 1025 illos
1907 964 2169 1025 Graecos
2213 983 2410 1025 rerum
2459 964 2785 1043 scriptores

543 1068 720 1145 plane
784 1067 1108 1143 concessit,
1169 1072 1231 1126 at
1296 1085 1427 1126 cum
1488 1066 1657 1127 falsis
1725 1072 1998 1128 uteretur
2056 1067 2367 1144 judicandi
2434 1067 2782 1138 rationibus,

543 1186 715 1229 snum
762 1170 980 1245 cuique
1026 1169 1222 1229 locum
1270 1169 1530 1229 tribuere
1578 1187 1696 1227 non
1744 1171 1953 1246 potuit.
2039 1171 2239 1246 Atque
2283 1169 2656 1245 Thucydidis
2698 1199 2783 1209 —

543 1272 619 1332 ab
681 1272 794 1331 hoc
839 1270 992 1331 enim
1052 1270 1546 1349 proficiscendum
1616 1271 1856 1331 videtur
1926 1303 2006 1312 —-
2076 1290 2351 1348 magnam
2396 1272 2453 1330 iu
2499 1271 2782 1332 Cicerone

545 1373 730 1433 fuisse
774 1374 1222 1434 admirationem
1269 1375 1425 1433 inter
1469 1393 1675 1435 omnes
1721 1379 1972 1434 constat„
2059 1376 2211 1434 Nam
2255 1380 2316 1434 et
2345 1392 2527 1452 saepe
2557 1374 2784 1449 maguis

546 1495 679 1536 eum
730 1477 900 1536 effert
946 1475 1226 1536 laudibus
1240 1473 1317 1547 ⁴3)
1364 1479 1424 1534 et
1453 1476 1749 1536 interdum
1786 1477 1950 1537 locos
1982 1496 2054 1537 ex
2087 1478 2219 1555 ejus
2248 1477 2417 1536 libris
2447 1473 2783 1553 profert.⁴⁴)

545 1577 663 1639 Sed
724 1582 791 1638 ut
849 1579 1110 1637 omittam
1176 1580 1283 1638 has
1344 1577 1554 1638 landes
1600 1583 1658 1637 et
1702 1578 1879 1638 valde
1924 1580 1981 1638 in
2031 1581 2370 1639 universum
2420 1578 2608 1638 dictas
2654 1596 2786 1639 esse

546 1685 605 1740 et
659 1680 786 1740 fere
847 1681 1065 1756 magis,
1127 1685 1391 1757 quantus
1451 1686 1681 1757 orator,
1740 1699 1917 1758 quam
1965 1684 2229 1758 quantus
2272 1699 2469 1740 rerum
2530 1683 2788 1759 scriptor

545 1784 868 1861 exstiterit,
926 1801 1201 1860 premere
1245 1814 1328 1823 —
1373 1783 1672 1860 posterius
1716 1783 1864 1843 illud
1912 1784 2068 1842 hanc
2113 1785 2585 1861 excusationem,
2642 1802 2786 1844 sane

547 1904 663 1946 non
713 1885 1136 1962 sufficientem,
1197 1885 1404 1961 habet,
1460 1884 1619 1962 quod
1669 1884 1745 1944 ad
1791 1887 2188 1963 eloquentiam
2235 1890 2509 1963 spectant
2552 1887 2591 1945 ii
2635 1886 2789 1961 libri,

545 1988 646 2048 ubi
676 1987 1069 2065 Thucydides
1101 1992 1464 2048 memoratur
1510 2019 1587 2028 —-
1639 1994 1802 2048 certe
1834 2006 1908 2047 ex
1940 1989 2025 2059 iis,
2055 2007 2209 2066 quae
2241 1988 2297 2047 d.
2329 2007 2413 2048 or.
2447 1992 2503 2065 2,
2534 1991 2785 2049 56—58

543 2092 871 2151 Antonium
889 2088 967 2164 ⁴⁸⁵)
1033 2091 1421 2151 disserentem
1486 2091 1663 2151 facit.
1730 2092 2059 2151 luculenter
2102 2094 2377 2168 apparet,
2441 2109 2618 2168 quam
2666 2110 2783 2151 non

546 2212 678 2254 eum
703 2194 968 2263 aliorum,
1001 2197 1125 2254 tum
1150 2193 1521 2270 Thucydidis
1551 2193 1851 2270 propriam
1877 2194 2151 2253 virtutem
2179 2195 2567 2270 perspexerit.
2634 2195 2785 2254 Nam

544 2315 664 2356 non
709 2296 899 2356 solum
947 2315 1063 2356 non
1113 2295 1334 2356 diserte
1379 2295 1597 2355 dicitur
1640 2294 2055 2372 Thucydidem
2104 2298 2284 2373 longe
2330 2295 2785 2372 praeferendum

546 2416 677 2460 esse
740 2397 1173 2476 posterioribus
1232 2397 1383 2470 illis,
1442 2399 1545 2476 qui
1608 2397 1782 2458 simul
1829 2403 2251 2473 memorantur,
2295 2398 2625 2477 historicis,
2683 2399 2787 2460 sed

545 2502 722 2561 etiam
754 2501 1051 2574 Timaeus,
1082 2517 1277 2576 quem,
1309 2505 1376 2558 ut
1407 2500 1558 2559 alios
1590 2503 1870 2570 omittam,
1900 2501 2188 2577 Polybius
2218 2502 2489 2560 acerbius
2520 2501 2788 2572 fortasse,

544 2603 650 2663 sed
711 2622 829 2662 non
892 2604 1021 2662 sine
1081 2603 1250 2678 gravi
1314 2619 1527 2661 caussa
1588 2607 1653 2661 ut
1704 2602 2149 2662 vitiosissimum
2196 2620 2391 2663 rerum
2439 2605 2786 2681 scriptorem

546 2707 827 2780 exagitat.
881 2704 1127 2773 „horum
1176 2704 1469 2764 omnium“
1521 2735 1605 2744 ——
1648 2705 1683 2763 ii
1733 2705 1992 2781 intellegi
2040 2704 2337 2782 videntur,
2382 2708 2483 2783 qui
2531 2707 2670 2767 inde
2714 2707 2788 2768 ab

546 2807 714 2867 initio
760 2806 795 2878 ἓ
828 2811 907 2868 57
955 2808 1011 2866 iu
1063 2805 1318 2866 medium
1379 2807 1597 2884 prolati
1658 2811 1799 2866 sunt
1853 2842 1931 2851 —
1986 2808 2196 2884 „longe
2242 2807 2672 2869 eruditissimus
2730 2812 2789 2869 et

545 2929 745 2971 rerum
809 2910 983 2987 copia
1047 2916 1107 2969 et
1150 2910 1579 2970 sententiarum
1629 2910 1919 2969 varietate
1965 2910 2511 2971 abundantissimus
2557 2916 2617 2971 et
2661 2912 2787 2988 ipsa

546 3014 975 3090 compositione
1022 3031 1140 3073 non
1188 3012 1519 3090 impolitus“
1564 3018 1816 3072 vocatur
1862 3013 1896 3071 i.
1943 3031 1993 3072 e.
2039 3032 2229 3091 aeque
2274 3013 2400 3073 fere
2444 3015 2674 3089 magnis
2718 3032 2789 3072 ac

544 3116 748 3194 paullo
810 3118 988 3175 antea
1045 3114 1107 3187 (5
1139 3112 1245 3188 56)
1305 3114 1695 3192 Thucydides
1762 3115 2010 3175 effertur
2070 3116 2359 3176 laudibus.
2432 3147 2516 3156 —
2575 3118 2788 3193 Neque

545 3219 731 3296 magis
777 3237 874 3288 ea,
940 3236 1095 3293 quae
1143 3222 1204 3277 et
1248 3217 1363 3278 hoc
1409 3218 1541 3278 loco
1589 3221 1649 3277 et
1693 3218 1838 3277 alias
1883 3217 1956 3277 de
2002 3219 2216 3277 ceteris
2260 3218 2543 3279 Graeciae
2588 3237 2786 3279 rerum

542 3384 748 3393 „on—--

711 3482 780 3547 42)
815 3478 887 3535 cf.
923 3495 1066 3549 quae
1103 3481 1155 3535 d.
1194 3498 1271 3536 or.
1311 3487 1359 3550 2,
1396 3488 1459 3536 53
1497 3487 1555 3537 et
1591 3488 1655 3536 54
1692 3481 1982 3535 Antonius
2033 3488 2090 3536 et
2127 3482 2361 3536 Catulus
2396 3481 2689 3551 proferunt
2721 3513 2787 3521 —-

543 3580 875 3635 quamquam
915 3566 1108 3620 Cicero
1144 3566 1301 3621 Brut.
1339 3571 1403 3621 66
1456 3566 1808 3636 „Originum“
1857 3567 2084 3622 Catonis
2133 3566 2352 3622 dicendi
2397 3583 2579 3638 genus
2623 3568 2788 3623 valde

541 3650 736 3706 laudat
772 3681 838 3690 ——
874 3656 933 3705 et
967 3666 1111 3721 quae
1152 3652 1221 3705 de
1260 3651 1406 3720 legg.
1451 3656 1495 3720 1,
1532 3656 1564 3706 6
1601 3657 1660 3706 et
1696 3657 1724 3705 ἰ’
1762 3650 1988 3706 Atticus
2025 3651 2266 3706 disserit.

714 3738 784 3803 ⁴³)
818 3735 888 3791 cf.
925 3736 1078 3791 Brut.
1116 3740 1241 3804 2873
1276 3752 1355 3792 or.
1393 3742 1487 3806 303
1521 3736 1660 3791 ibid.
1696 3741 1777 3792 39.

711 3824 780 3888 ⁴⁸⁴)
816 3819 887 3876 cf.
924 3821 995 3875 ad
1034 3818 1155 3877 Att.
1198 3827 1246 3890 7,
1286 3826 1332 3886 1,
1370 3826 1430 3888 ὃς
1464 3821 1599 3877 ibid.
1642 3827 1720 3889 10,
1756 3827 1804 3887 8,
1843 3828 1901 3890 ’ῖς
1935 3821 2090 3876 Brut.
2127 3827 2209 3877 47.

713 3909 784 3975 ⁴⁵)
817 3907 1157 3976 Quamquam
1210 3907 1538 3976 plerumque
1591 3907 1827 3962 Crassus
1866 3907 2154 3962 Ciceronis
2189 3912 2381 3975 partes
2415 3908 2560 3975 agit,
2608 3914 2784 3960 tamen

541 3992 681 4047 nihil
718 3991 971 4047 invenire
1006 4007 1255 4060 possum,
1294 4007 1409 4061 quo
1445 3991 1798 4061 significetur
1833 4006 1914 4056 ea,
1950 4006 2094 4060 quae
2130 3992 2235 4047 hoc
2270 3993 2394 4047 loco
2428 3992 2498 4047 ab
2534 3992 2789 4047 Antonio

542 4076 929 4148 proferuntur,
977 4077 1049 4132 ab
1104 4077 1283 4146 ipsius
1332 4078 1616 4133 Ciceronis
1661 4077 1937 4132 sententia
1969 4077 2258 4145 recedere,
2302 4079 2629 4146 praesertim
2664 4092 2785 4132 cum

538 4165 593 4233 (§
634 4167 725 4230 59)
774 4178 856 4232 ea,
911 4178 1054 4232 quae
1110 4160 1396 4217 Antonius
1450 4163 1721 4230 protulit,
1773 4177 1807 4216 a
1859 4160 2060 4216 Catulo
2111 4168 2168 4217 et
2220 4162 2459 4217 Caesare
2517 4160 2788 4217 Strabone

539 4246 896 4303 vehementer
933 4247 1142 4302 laudari
1181 4248 1372 4316 fingat.
