3166 4871
2460 314 2584 378 285

348 483 724 555 sententiam,
769 485 873 561 qui
912 483 1052 545 inde
1084 484 1159 546 ab
1190 480 1524 545 Alexandri
1555 486 1758 564 magni
1785 486 2156 564 temporibus
2183 486 2586 548 Alexandrlae

347 584 714 660 potissimum
770 587 1039 647 carmina
1095 587 1331 648 Graeca
1391 585 1812 648 condiderunt.
1932 588 2121 662 Quam
2196 606 2318 648 rem
2377 590 2589 667 paucis

348 684 662 747 absolvere
724 706 1067 766 possumus,
1140 690 1282 767 quia
1353 708 1428 749 ex
1488 689 1654 751 libris
1720 689 1851 767 ejus
1911 690 2279 767 intellegitur
2337 710 2588 769 parvum

349 787 610 848 studium
657 807 791 851 eum
837 791 896 851 in
943 792 1051 852 hos
1093 799 1304 870 poetas
1348 793 1696 853 contulisse.
1796 792 1931 867 Qua
1987 799 2186 853 autem
2248 793 2324 854 de
2378 811 2591 854 caussa

350 890 465 951 hoc
509 891 733 952 factum
776 894 873 973 sit,
916 893 1091 955 facile
1137 899 1336 973 potest
1379 895 1686 972 explicari.
1773 895 1926 955 Nam
1958 912 2091 956 cum
2123 897 2373 956 Romani
2405 899 2591 973 magis

350 993 660 1071 magisque
721 1001 931 1074 poetas
974 996 1417 1058 Alexandrinos
1471 998 1674 1075 legere
1735 1003 1916 1075 atque
1970 998 2187 1059 imitari
2238 999 2593 1078 inciperent,

340 1095 468 1173 jam
528 1096 606 1156 ad
663 1100 1029 1176 posteriores
1091 1100 1251 1160 vitae
1310 1118 1500 1161 annos
1544 1100 1753 1162 Cicero
1809 1108 2171 1177 pervenerat
2228 1121 2426 1180 neque
2470 1106 2589 1162 tam

350 1198 631 1273 studiose,
662 1220 840 1279 quam
862 1203 1124 1281 juvenis,
1165 1203 1227 1263 in
1258 1204 1624 1263 carminibus
1658 1203 1928 1280 legendis
1959 1203 2326 1265 versabatur.
2398 1204 2592 1283 Adde,

352 1302 516 1379 qnod
568 1303 825 1366 vidimus
869 1307 1193 1367 Homerum
1238 1312 1299 1367 et
1342 1312 1552 1383 poetas
1595 1307 1863 1367 scenicos
1908 1306 2034 1367 fere
2077 1307 2236 1368 solos
2278 1341 2361 1351 —
2406 1325 2591 1383 qnan-

351 1406 477 1464 tum
534 1406 815 1484 Judicare
886 1426 1203 1487 possumus
1273 1440 1358 1449 —
1427 1410 1483 1469 ei
1557 1408 2012 1470 delectationem
2076 1409 2457 1489 praebuisse,
2522 1429 2595 1472 ea

351 1511 551 1568 autem
609 1512 936 1572 carminum
993 1529 1247 1590 genera,
1307 1529 1465 1588 quae
1507 1510 1909 1572 Alexandriae
1960 1516 2203 1590 praeter
2253 1518 2455 1574 cetera
2499 1532 2595 1574 co-

350 1607 650 1690 lebantur,
693 1614 881 1675 multo
927 1615 1120 1675 minus
1165 1616 1219 1676 ei
1264 1606 1516 1692 probata
1558 1632 1708 1676 esse.
2472 1601 2493 1604 ⁷*

527 1750 606 1809 Ut
646 1756 845 1813 autem
881 1752 1008 1831 jam
1053 1751 1130 1812 ad
1174 1753 1413 1829 singula
1459 1751 1934 1830 progrediamur,
1975 1752 2210 1812 initium
2254 1750 2592 1812 faciendum

354 1853 445 1911 est
486 1852 562 1912 ab
609 1854 826 1932 Arato,
882 1873 1060 1933 quem
1119 1873 1194 1915 ex
1241 1855 1510 1916 omnibus
1557 1854 1648 1913 his
1692 1853 1886 1932 poetis
1930 1854 2107 1930 longe
2149 1854 2595 1915 accuratissime

354 1951 629 2013 Ciceroni
661 1959 866 2015 notum
910 1955 1095 2016 fuisse
1134 1974 1244 2033 pro
1275 1960 1441 2016 certo
1471 1956 1613 2014 lieet
1642 1953 1962 2015 affirmare.
2021 1955 2208 2032 Cujus
2249 1956 2595 2027 carminum,

354 2071 511 2129 qnae
589 2046 971 2134 Φαινόμενα
1042 2063 1103 2117 et
1173 2041 1665 2137 Προγνωστικὰ
1735 2057 2168 2128 inscribuntur,
2240 2074 2371 2117 cum
2445 2055 2595 2116 illud

346 2154 591 2232 juvenis
634 2159 1075 2220 exercitationis
1121 2177 1355 2236 caussa,
1397 2162 1465 2219 ut
1508 2159 1767 2236 videtur,
1812 2159 1924 2219 hoc
1964 2158 2394 2236 posterioribus
2438 2160 2599 2219 vitae

356 2260 551 2319 annis*
592 2258 698 2332 (44
743 2280 796 2322 a.
855 2261 1016 2334 Chr.)
1135 2262 1365 2322 Latinis
1452 2261 1811 2322 hexametris
1879 2262 2249 2340 expresserit
2268 2257 2401 2337 ¹⁰³),
2477 2279 2595 2321 non

358 2361 567 2422 mirum
615 2369 708 2424 est
750 2366 990 2444 saepius
1038 2365 1203 2425 illum
1251 2366 1506 2444 eJusque
1552 2363 1818 2425 carmina
1861 2364 1934 2424 ab
1980 2382 2050 2424 eo
2082 2365 2417 2424 memorari.
2480 2363 2599 2424 Sed

357 2482 434 2524 ne
467 2464 554 2526 -de
600 2466 693 2527 his
740 2468 981 2545 quidem
1026 2467 1174 2546 quid
1220 2468 1494 2538 senserit,
1541 2468 1686 2527 satis
1732 2471 1984 2540 constat,
2031 2485 2164 2527 cum
2211 2466 2447 2528 duobus
2485 2467 2603 2526 illis

357 2567 536 2640 locis,
595 2571 815 2647 quibus
868 2571 1052 2650 alios,
1113 2571 1216 2648 qni
1278 2589 1420 2631 num
1483 2570 1727 2630 omniuo
1790 2575 2041 2631 Aratum
2102 2570 2411 2648 noverint,
2458 2570 2601 2649 jure

359 2670 615 2733 dubitari
675 2679 905 2753 potest,
968 2674 1044 2735 de
1102 2674 1194 2735 bis
1260 2673 1622 2735 carminibus
1675 2672 2053 2752 disputantes
2111 2670 2373 2744 induxit,
2433 2672 2605 2732 nimis

359 2775 644 2836 universa
700 2776 1088 2856 proferantur
1141 2775 1391 2855 Judicia.
1509 2777 1661 2836 Nam
1723 2775 1778 2835 d.
1839 2794 1924 2837 or.
1975 2779 2028 2852 1,
2072 2778 2153 2837 69
2213 2775 2465 2836 Crassus
2516 2774 2604 2834 sic

361 2877 547 2939 verba
590 2877 769 2940 facit:
820 2880 1091 2952 „Etenim
1138 2880 1187 2938 si
1234 2883 1472 2939 constat
1527 2878 1689 2938 inter
1732 2876 1944 2939 doctos
1987 2875 2283 2936 hominem
2328 2876 2602 2955 ignarum

358 2980 720 3059 astrologiae
764 2981 1159 3042 ornatissimis
1201 2985 1384 3057 atque
1431 2980 1672 3057 optimis
1717 2978 1986 3039 versibus
2016 2978 2270 3038 Aratum
2314 2976 2390 3037 de
2434 2977 2604 3037 caelo

358 3082 667 3160 stellisque
726 3081 1014 3161 dixisse“,
1070 3089 1131 3143 et
1188 3083 1243 3143 d.
1290 3100 1417 3160 rep.
1465 3086 1517 3153 1,
1566 3085 1646 3143 22
1708 3080 1915 3141 Philus
1976 3079 2052 3140 de
2097 3080 2356 3158 sphaera
2399 3079 2608 3155 aliqua

361 3184 741 3247 Archimedis
786 3190 1023 3263 narrat,
1088 3186 1298 3263 „cujus
1344 3202 1576 3245 omnem
1623 3179 1938 3244 ornatum“
1988 3212 2073 3222 —
2119 3187 2185 3243 ut
2228 3182 2361 3259 ejus
2406 3179 2606 3242 verbis

364 3292 500 3348 utar
542 3318 626 3328 —-
670 3307 826 3368 „non
871 3288 1229 3366 astrologiae
1273 3286 1537 3363 scientia,
1579 3286 1687 3347 sed
1735 3286 1974 3364 poetica
2018 3284 2275 3362 quadam
2319 3282 2606 3344 facultate

362 3390 613 3452 Aratum
659 3389 973 3453 extulisse“
1018 3390 1224 3451 Gallus
1268 3388 1521 3450 dixerat.

536 3528 735 3591 Ceteri
794 3531 992 3590 autem
1047 3529 1160 3589 loci
1175 3571 1193 3605 ,
1255 3526 1474 3604 quibus
1517 3525 1691 3586 Arati
1745 3525 1965 3586 mentio
2007 3523 2101 3602 fit,
2156 3524 2233 3585 de
2277 3523 2605 3585 carminum

365 3631 497 3712 ejus
552 3633 770 3693 virtute
824 3631 971 3692 nihil
1030 3630 1268 3692 omuino
1313 3629 1649 3706 continent,
1707 3626 1820 3688 nisi
1863 3626 1998 3704 quis
2043 3625 2136 3688 his
2180 3626 2393 3687 Lucilii
2439 3626 2609 3686 Balbi

363 3736 566 3797 verbis
622 3736 706 3796 uti
767 3733 897 3794 vult
957 3731 1039 3807 (d.
1094 3732 1255 3794 deor.
1315 3736 1434 3792 nat.
1494 3734 1551 3808 2,
1617 3726 1789 3803 104):
1864 3731 2053 3809 „Utar
2099 3773 2158 3790 ..
2188 3774 2204 3790 .
2250 3727 2610 3790 carminibus

364 3839 628 3909 Arateis,
690 3854 847 3915 quae
912 3855 949 3896 a
1012 3839 1072 3895 te
1134 3833 1453 3895 admodum
1519 3831 1967 3893 adolescentulo
2027 3849 2320 3893 conversa
2379 3832 2462 3891 ita
2515 3847 2609 3889 me

367 3942 683 4012 delectant,
741 3940 883 4017 quia
925 3938 1141 3998 Latina
1182 3939 1353 4008 sunt,
1416 3941 1483 3997 ut
1526 3936 1715 3997 multa
1759 3953 1836 3996 ex
1878 3935 1951 3994 iis
1999 3934 2279 3995 memoria
2322 3929 2610 3999 teneam.“

365 4046 457 4105 Ac
510 4063 585 4105 ne
637 4061 710 4105 ea
766 4041 1004 4118 quidem
1065 4058 1158 4117 re,
1215 4038 1376 4118 quod
1431 4038 1640 4100 Cicero
1699 4039 1909 4098 iterum
1969 4054 2042 4097 ac
2098 4035 2339 4114 saepius
2400 4051 2612 4096 versus

550 4293 638 4361 ¹⁰³)
676 4288 746 4348 cf.
784 4308 839 4361 p.
875 4293 975 4345 249
1009 4289 1136 4345 adn.
1172 4293 1253 4344 60.

2139 4391 2205 4440 19
