3166 4871
2522 312 2642 371 175

400 483 578 543 Pacis
624 481 1014 543 didascaliam
1062 485 1397 560 pertinere3
1452 486 1760 545 immutato
1820 486 2004 563 igitur
2062 490 2373 563 poetarum
2434 483 2643 545 ordine

399 584 550 646 haec
608 586 866 664 legenda
933 589 1248 664 proponit:
1327 580 1585 659 ,ἐνίκα
1649 573 1944 668 Εἰρήνῃ
2019 576 2077 660 β’
2139 574 2644 666 Λεωκράτης“

399 685 543 760 (ιιοιι
591 692 658 747 ιιι
700 707 759 766 p.
791 693 827 750 7
875 689 1141 750 exhibet:
1185 676 1385 770 ἡνίκα
1429 679 1683 769 Εἰρήνῃ
1726 680 1784 765 β’
1831 688 1954 768 A),
1999 689 2057 750 id
2108 688 2269 767 quod
2303 690 2385 750 ita
2428 688 2643 748 intelli·

397 789 657 866 gendum
703 791 806 869 sit,
849 797 918 852 ιιι
962 792 1399 870 Aristophanes
1444 795 1604 855 Pace
1648 795 1849 870 priore
1894 792 2252 869 secundum,
2311 792 2640 868 posteriore

397 893 653 970 primum
699 895 1024 971 praemium
1069 895 1291 956 tulerit.

568 995 779 1056 Restat
834 997 1177 1058 Meinekii
1244 1001 1567 1078 sententia,
1628 1001 1731 1077 qui
1791 1000 1941 1060 haee
1998 999 2312 1077 proponit:
2370 984 2640 1076 „v‘llea

386 1083 629 1178 Ἑρμῆν
675 1093 1215 1179 Κοιλλί(νι“()ιηόςιι
1274 1100 1423 1175 (vita
1468 1104 1650 1163 Arist.
1692 1122 1749 1180 p.
1781 1102 2083 1172 XXXIX):
2144 1099 2396 1162 eundem
2458 1100 2640 1176 igitur

399 1199 816 1282 Callistratum,
860 1205 956 1265 cui
1002 1205 1437 1282 Aristophanes
1480 1204 1818 1267 fabularum
1878 1221 2121 1265 suarum
2168 1203 2492 1264 nonnullas
2537 1202 2639 1263 do·

399 1303 621 1365 cendas
663 1305 929 1385 tradidit,
972 1307 1088 1367 bac
1131 1308 1191 1368 in
1237 1306 1443 1368 fabula
1485 1307 1785 1369 secundas
1832 1306 2033 1385 egisse
2072 1306 2388 1367 existimat.

567 1407 797 1482 Quibus
856 1409 932 1470 de
992 1410 1191 1471 causis
1247 1409 1494 1471 Frankii
1552 1416 1613 1472 et
1671 1410 1915 1488 Bergkii
1976 1409 2361 1487 conjecturae
2421 1409 2636 1486 impro-

396 1508 630 1571 bandae
673 1511 812 1590 sint,
855 1530 1040 1589 supra
1070 1514 1446 1591 explicatum.
1492 1544 1574 1554 —
1621 1512 1681 1574 Si
1728 1514 1842 1575 hoe
1872 1531 2173 1591 urgemus,
2216 1511 2403 1572 verba
2432 1513 2638 1571 nostra

399 1629 434 1671 e
478 1611 808 1674 didascalia
849 1632 982 1676 esse
1037 1614 1384 1695 desumpta,
1446 1616 1740 1678 Dindorfii
1803 1617 2209 1694 conjecturam
2268 1632 2306 1673 a
2348 1612 2637 1674 Dubnero

396 1713 699 1776 laudatam
763 1715 924 1791 (adn.
989 1718 1065 1778 ad
1135 1719 1366 1790 scholl.)
1427 1719 1585 1779 haud
1664 1721 1860 1780 minus
1927 1717 2267 1796 improbare
2342 1715 2638 1793 cogimur:

396 1816 737 1880 didascaliis
783 1820 934 1881 enim
983 1820 1058 1882 de
1102 1822 1403 1883 actoribus
1445 1827 1690 1900 praeter
1734 1821 1974 1882 nomina
2018 1819 2166 1880 nihil
2223 1818 2473 1879 relatum
2519 1819 2638 1894 est;

394 1920 445 1978 si
488 1921 730 1982 aliunde
775 1923 962 2000 petita
991 1929 1134 1984 suut
1178 1925 1328 1985 haee
1373 1925 1575 1995 verba,
1622 1922 1918 1984 Dindorfii
1951 1923 2305 2000 conjectura
2348 1921 2409 1979 in
2453 1917 2635 1979 ambi·

396 2040 648 2098 guarum
721 2024 958 2085 illarum
1021 2044 1268 2086 numero
1321 2025 1671 2105 reponenda
1739 2030 1858 2096 est,
1924 2042 2080 2102 quae
2140 2026 2244 2084 aut
2299 2040 2478 2083 verae
2531 2025 2638 2081 aut

394 2122 584 2185 falsae
628 2132 785 2186 sunt.
871 2128 1028 2189 Num
1077 2127 1153 2189 ad
1200 2127 1639 2189 defendendam
1685 2147 1815 2189 eam
1859 2126 2187 2205 quidquam
2233 2124 2403 2186 afferi
2446 2124 2637 2202 possit

393 2224 809 2289 dubitaverim.

564 2332 751 2392 Recte
795 2333 1037 2410 quidem
1083 2333 1401 2395 Richterus
1445 2340 1663 2413 monet,
1709 2335 1991 2396 Mercurii
2034 2350 2268 2404 nomen,
2314 2335 2380 2391 ut
2423 2347 2631 2390 seeun-

394 2431 604 2494 darum
650 2434 708 2495 in
756 2435 914 2498 Pace
956 2434 1163 2498 fabula
1206 2440 1464 2516 partium
1510 2457 1835 2518 personae,
1889 2438 2003 2499 hoc
2047 2435 2179 2498 loco
2224 2433 2467 2497 retineri
2510 2451 2630 2493 non

390 2554 594 2616 posse,
652 2557 849 2617 neque
893 2539 1101 2602 ultima
1146 2541 1323 2603 modo
1378 2541 1698 2621 fragmenti
1757 2543 1943 2603 verba
2001 2544 2287 2617 corrupta
2345 2555 2478 2599 esse
2522 2535 2628 2597 sed

391 2641 567 2701 etiam
611 2641 760 2703 illud
820 2635 1116 2725 „Zlevyoe
1159 2639 1259 2724 τῷ
1307 2635 1626 2726 δριιίματι(ι
1668 2648 1869 2724 inepte
1928 2645 2153 2706 dictum
2199 2640 2275 2703 de
2318 2643 2498 2719 poeta
2540 2656 2629 2699 se·

391 2744 589 2806 eundo
635 2749 902 2824 praemio
961 2755 1192 2821 ornato,
1238 2752 1646 2825 quaestionem
1695 2750 1877 2827 igitur
1921 2748 1998 2809 ad
2059 2750 2249 2808 totum
2310 2740 2629 2819 fragmenti

390 2847 670 2908 ambitum
701 2849 1078 2911 referendam
1110 2868 1258 2913 esse.
1316 2850 1434 2913 Sed
1466 2871 1542 2913 ne
1575 2871 1614 2911 a
1643 2853 1924 2913 Richtero
1956 2849 2199 2928 quidem
2229 2846 2628 2925 fragmentum

391 2953 661 3010 nostrum
707 2950 1085 3013 emendatum
1146 2971 1279 3014 esse
1336 2955 1475 3014 mihi
1518 2954 1775 3014 videtur.
1863 2954 2097 3013 Nomen
2157 2936 2628 3030 ‚Assfflxo‘stvss“

391 3069 428 3111 a
471 3050 730 3129 Bergkio
777 3054 1114 3132 conjectum
1160 3053 1363 3115 nescio
1408 3074 1530 3132 quo
1590 3057 1721 3133 jure
1764 3073 1802 3115 a
1844 3054 2131 3116 Richtero
2175 3052 2489 3130 probatum
2536 3049 2628 3109 sit.

390 3152 566 3227 Quod
608 3153 686 3214 ad
731 3156 983 3232 primam
1041 3159 1102 3216 et
1143 3157 1378 3218 tertiam
1426 3158 1557 3236 eius
1602 3158 2007 3236 conjecturam
2049 3156 2291 3232 attinet,
2334 3153 2464 3214 fieri
2507 3170 2628 3213 non

394 3273 574 3334 posse
618 3258 758 3318 mihi
803 3258 1056 3331 videtur,
1118 3265 1184 3320 ιιι
1234 3259 1379 3320 illud
1442 3249 1764 3338 „deductu
1807 3255 2064 3337 νικᾶν“,
2121 3256 2283 3335 quod
2343 3256 2418 3317 ab
2462 3273 2627 3331 argg.

386 3363 545 3420 auct.
589 3377 826 3438 semper
887 3361 963 3422 de
1007 3365 1187 3440 poeta
1229 3363 1460 3424 victore
1522 3367 1868 3441 usurpatur,
1922 3361 2002 3422 de
2046 3361 2332 3422 histrione
2390 3357 2628 3419 dicatur

388 3479 460 3521 eo
507 3479 709 3541 sensu,
753 3467 822 3523 ut
863 3482 974 3542 per
1003 3464 1353 3526 histrionem
1384 3469 1568 3544 poeta
1611 3464 1999 3544 significetur,
2045 3465 2149 3543 qui
2193 3465 2309 3524 hoc
2339 3462 2625 3523 histrione

388 3581 531 3626 usus
575 3570 636 3626 et
680 3566 854 3644 cujus
898 3567 1104 3628 fabula
1147 3570 1412 3646 praemio
1457 3572 1677 3629 affecta
1720 3571 1811 3631 sit.

553 3669 828 3729 Praemia
881 3671 1075 3747 poetis
1118 3671 1441 3733 victoribus
1496 3673 1808 3750 proposita
1852 3691 1971 3734 non
2016 3669 2440 3733 confundenda
2483 3671 2626 3728 sunt

386 3788 519 3831 cum
564 3771 870 3850 praemiis,
927 3773 1147 3851 quibus
1190 3773 1512 3836 histriones
1557 3775 1881 3836 honoratos
1938 3775 2121 3836 fuisse
2176 3777 2410 3834 constat
2464 3771 2621 3847 frag-

383 3877 581 3934 mento
644 3874 1039 3955 didascalico,
1099 3877 1261 3954 quod
1324 3876 1513 3939 edidit
1548 3877 1852 3939 Bockhius
1899 3897 1947 3939 c.
1991 3879 2028 3938 i.
2073 3897 2164 3955 gr.
2210 3881 2330 3939 231
2376 3895 2392 3935 ε
2436 3894 2492 3934 v.
2556 3879 2623 3936 5:

383 4020 397 4035 .
434 4021 446 4035 .
481 4020 495 4035 .
529 3962 797 4058 ώνυμος
841 3971 1050 4051 ἐνίκα,
1096 3984 1156 4041 et
1191 3981 1367 4042 inser.
1399 3999 1438 4041 a
1464 3981 1735 4043 Kohlero
1764 3999 1779 4040 ε
1812 3982 1846 4040 1.
1880 3982 1914 4041 1.
1945 3983 2017 4052 11,
2061 4001 2119 4060 p.
2156 3984 2274 4042 112
2308 3979 2513 4040 edita:
2545 3978 2621 4038 cf.

381 4079 563 4140 schol.
592 4081 874 4141 Aeschin.
906 4084 961 4152 2,
993 4086 1068 4143 15
1116 4081 1274 4156 (30):
1320 4068 1816 4164 ,Ἀριστόδημος
1858 4116 1943 4125 -
1986 4076 2174 4143 ἐνίκα
2207 4077 2307 4153 δὶς
2350 4074 2460 4141 ἐπί
2488 4077 2620 4160 Λη-

382 4176 625 4242 ναίων“
680 4187 741 4243 et
801 4184 959 4244 Plut.
1005 4203 1105 4262 qu.
1150 4204 1320 4246 comt.
1370 4190 1428 4265 9,
1459 4192 1530 4249 6:
1590 4178 1763 4265 „ensi
1814 4181 1887 4246 δὲ
1942 4186 2327 4260 (Theodorus
2385 4188 2619 4260 tragoe-

380 4284 608 4345 diarum
655 4284 847 4359 actor)
877 4276 1156 4366 νικήσας
1185 4280 1459 4369 εἰσῆλθε
1491 4275 1667 4370 πρὸς
1694 4274 1960 4371 αὕτὴνίῑ.
2034 4291 2202 4350 Haec
2231 4288 2308 4348 ad
2340 4291 2617 4364 quartum
