3166 4871
2507 306 2628 367 207

394 473 623 544 ἄλλων
697 484 836 545 τῶν
898 479 1164 544 ἐκεῖθεν
1225 471 1798 564 ἀπαγγελλόντων
1876 467 2023 540 οὐδ’
2084 470 2318 540 ὁτιοῦν
2370 470 2624 558 {vcia-:fl

395 588 469 648 ib.
507 593 582 650 18
629 586 839 663 (346):
891 620 1010 658 „—
1054 583 1164 647 καὶ
1227 573 1782 668 ἀνηριθμησάμην
1826 572 1962 644 άπὸ
2005 583 2147 644 τῶν
2192 573 2486 663 πρώτων
2531 577 2629 644 εἶλ-

395 685 619 750 πίόων
664 684 945 750 ἐκείνων
1006 672 1108 751 ῶν
1153 680 1191 750 ὁ
1236 687 1610 771 Κτησιφῶν
1655 685 1767 749 καὶ
1823 677 1862 748 ὁ
1910 673 2371 768 ,Ἀριστόδημος
2423 673 2631 766 ἀπήγ-

397 791 626 871 γειλαν
687 783 857 873 πρὸς
915 780 1086 871 ὑμᾶς
1120 840 1131 852 .
1167 839 1178 851 .
1214 795 1265 850 .“
1317 793 1390 854 ib.
1423 797 1506 855 94
1551 793 1728 867 (371)
1794 782 1908 863 ,τὸ
1965 784 2086 869 μὲν
2138 776 2264 868 γὰρ
2319 783 2390 867 ἐξ
2434 774 2633 871 ἀρχῆς

395 883 545 972 ἄχρι
576 890 701 954 τοῦ
748 885 960 975 λόγου
990 903 1216 974 τυχεῖν
1252 890 1599 955 Φίλιππον
1628 884 1796 973 ὑπὲρ
1826 891 1942 974 τῆς
1974 878 2235 975 εἰρήνης
2263 891 2632 973 Κτησιφῶν

395 992 507 1054 καὶ
534 981 999 1079 Αριστόδημος
1020 988 1145 1078 τὴν
1178 981 1390 1077 ἀρχὴν
1412 987 1695 1077 πρώτην
1719 989 1963 1076 ἔφερον
1993 992 2118 1056 τοῦ
2139 994 2596 1075 φενακισμοῦ.
2601 992 2635 1025 “

392 1099 469 1160 ib.
516 1102 639 1162 315
686 1092 896 1180 (442):
959 1132 1069 1171 „--
1117 1086 1277 1170 τούς
1321 1090 1406 1160 τὰ
1448 1089 1907 1177 φιλάνθρωπα
1954 1093 2275 1210 λέγοντας
2332 1093 2634 1173 ἐκείνους

293 1249 304 1260 .
393 1181 845 1261 ἀπέστειλεν(
816 1197 985 1281 υπὲρ
1017 1190 1252 1276 αὑτοῦ,
1282 1189 1409 1262 τὸν
1439 1192 1941 1280 Νεοπτόλεμον,
1985 1187 2109 1260 τὸν
2144 1186 2632 1283 Αριστόδημον,

392 1293 517 1363 τὸν
563 1300 1041 1384 Κτησιφῶντα·
1098 1295 1326 1385 ἐπειδὴ
1372 1299 1441 1365 δε
1505 1292 1812 1384 ἤλθομεν
1857 1292 1949 1375 ὡς
1993 1291 2206 1364 αύτὸν
2240 1305 2631 1385 (Philippum)

391 1393 574 1485 ἡμεῖς
618 1398 684 1465 οἱ
726 1400 1037 1483 πρέσβεις
1069 1453 1081 1465 .
1117 1453 1129 1465 .

567 1507 749 1569 Vides
803 1513 1036 1588 autem,
1097 1514 1164 1569 ut
1222 1509 1667 1572 Aristodemum
1727 1511 1807 1570 ita
1868 1512 2325 1588 Neoptolemum
2390 1531 2633 1590 quoque

392 1609 739 1671 histrionem
771 1629 807 1671 a
842 1612 1242 1673 Demosthene
1284 1612 1668 1690 reprehendi,
1712 1613 1871 1690 quod
1904 1615 2064 1691 rogis
2110 1616 2309 1691 potius
2353 1614 2634 1676 defensor

393 1711 573 1773 fuerit
616 1717 800 1790 atque
844 1714 1069 1775 amicus
1114 1734 1290 1792 quam
1336 1716 1563 1792 patriae
1610 1716 1907 1776 libertatis
1948 1716 2200 1785 vindex;
2255 1716 2312 1777 d.
2356 1716 2394 1775 f.
2438 1719 2473 1777 l.
2508 1722 2631 1780 315

393 1812 569 1888 (442)
642 1816 944 1893 expressis
1016 1817 1215 1878 verbis
1277 1823 1484 1878 orator
1560 1818 1703 1878 dicit
1771 1819 2232 1895 Neoptolemum
2299 1819 2420 1896 jam
2494 1825 2635 1880 ante

395 1918 751 1995 legationem
807 1918 968 1978 illam
1024 1918 1226 1979 decem
1275 1920 1537 1980 virorum
1604 1939 1723 1981 una
1786 1939 1921 1980 cum
1967 1920 2340 1981 Aristodemo
2403 1922 2635 1999 collega

391 2018 652 2097 Philippi
699 2019 1177 2081 benevolentiam
1224 2022 1505 2082 laudibus
1549 2023 1855 2083 extulisse.
1944 2024 2161 2100 Legati
2209 2042 2423 2083 munus
2452 2024 2632 2085 Athe-

394 2122 636 2182 nienses
678 2120 753 2180 ad
801 2140 934 2182 eum
982 2122 1285 2201 detulisse,
1336 2142 1534 2202 neque
1577 2124 1856 2185 audimus
1901 2143 2099 2202 neque
2142 2125 2462 2186 verisimile
2515 2133 2633 2188 cst:

394 2223 767 2301 Neoptolemi
839 2224 1096 2285 animum
1174 2229 1377 2287 orator
1452 2227 1623 2303 prius
1696 2226 1935 2287 videtur
2008 2227 2389 2304 perspexisse
2455 2247 2632 2305 quam

393 2326 779 2390 Aristodemi:
828 2332 893 2387 ut
922 2327 1336 2390 Aristodemus
1381 2333 1518 2406 post
1557 2330 1804 2406 primam
1854 2330 2209 2407 legationem
2243 2335 2635 2392 coronaretur

394 2431 456 2490 et
497 2428 742 2491 alterius
802 2430 1105 2509 particeps
1163 2449 1294 2493 esse
1354 2451 1429 2493 ne
1475 2431 1926 2512 prohiberetur,
1970 2434 2391 2495 Demosthenis
2449 2453 2633 2513 opera

393 2534 672 2593 effectum
705 2539 797 2593 est
841 2533 1081 2608 (Aesch.
1112 2535 1187 2612 11,
1223 2540 1318 2612 17,
1352 2540 1486 2614 19);
1535 2555 1682 2616 ergo
1715 2540 1923 2614 postea
1967 2536 2201 2598 demum
2234 2537 2630 2615 proditionem

393 2635 524 2713 ejus
582 2637 905 2713 perspexit.
993 2638 1450 2716 Neoptolemum
1513 2640 1743 2716 patriae
1803 2640 1949 2701 nihil
2007 2639 2172 2700 aliud
2232 2640 2343 2702 nisi
2405 2659 2634 2701 summa

393 2738 548 2798 mala
614 2740 804 2799 moliri
884 2740 957 2800 ab
1023 2740 1192 2801 initio
1258 2759 1325 2802 se
1390 2743 1649 2803 sensisse
1715 2743 2031 2820 profitetur
2089 2743 2147 2802 in
2217 2761 2302 2803 or.
2365 2743 2420 2803 d.
2482 2761 2631 2821 paco

395 2844 451 2913 6,
478 2845 513 2901 7
559 2839 723 2913 (58):
776 2826 1029 2911 ,Πάλιν
1073 2838 1331 2915 τοίνυν,
1377 2830 1434 2902 οὗ
1484 2832 1720 2921 ἄνδρες
1768 2829 2127 2923 Ἀθηναῖοι,
2172 2830 2465 2904 κατιδών
2508 2842 2633 2904 Νε-

394 2930 774 3019 οπτόλεμον
835 2932 959 3001 τὸν
1003 2927 1383 3022 ὑποκριτὴν
1426 2942 1525 3023 τῶ
1580 2940 1706 3023 μὲν
1762 2943 1878 3025 τῆς
1937 2938 2166 3025 τέχνης
2216 2932 2633 3025 προσχήματι

393 3028 791 3121 τυγχάνοντ’
853 3027 1105 3117 άδείας,
1165 3036 1341 3104 κακὰ
1404 3032 1464 3105 δ’
1510 3036 1961 3125 ἐργαζόμενον
2029 3036 2115 3103 τὰ
2172 3039 2442 3125 μέγιστα
2507 3033 2634 3126 τὴν

392 3133 599 3204 πόλιν
644 3139 755 3204 καὶ
800 3131 885 3204 τὰ
945 3130 1104 3225 παρ’
1148 3135 1339 3225 ὑμῶν
1400 3143 1794 3207 διοικοῦντα
1846 3142 2168 3227 Φιλίππῳ
2212 3142 2326 3207 καὶ
2379 3165 2633 3228 πρυτα-

391 3235 700 3321 νεύοντα,
743 3239 1115 3326 παρελθῶν
1145 3238 1342 3309 εἶπον
1370 3243 1462 3324 εἰς
1507 3238 1676 3328 ὑμᾶς
1707 3296 1719 3309 .
1757 3297 1769 3309 .
1803 3251 1855 3310 .“
1937 3251 2391 3328 Neoptolemum
2427 3250 2632 3311 amicis

394 3350 660 3412 caruisse
728 3351 981 3412 subinde
1041 3353 1264 3412 indicat
1332 3347 1485 3426 „ocal
1541 3337 1760 3413 οὐκέτ’
1806 3346 1880 3412 ἐν
1935 3342 2206 3424 τούτοις
2259 3343 2634 3432 αἰτιάσομαι

392 3443 552 3523 τούς
609 3440 783 3532 ὑπὲρ
825 3449 1317 3534 Νεοπτολέμου
1376 3449 1693 3534 λέγοντας
1746 3440 1930 3529 (οὐδὲ
1976 3443 2068 3526 εἶς
2113 3446 2238 3534 γὰρ
2297 3434 2429 3537 ἦν),
2489 3441 2632 3515 ἀλλ’

394 3540 641 3627 αὐτοὺς
686 3543 906 3635 ὖμᾶςΆ*
1000 3558 1316 3635 Tragicum
1366 3576 1497 3619 eum
1547 3559 1731 3619 fuisse
1796 3563 2056 3618 actorem
2105 3576 2138 3617 e
2185 3558 2384 3618 verbis
2429 3557 2632 3618 subse-

394 3657 715 3735 quentibus
745 3658 1099 3736 intelligitur
1151 3654 1243 3730 „el
1289 3650 1414 3738 γὰρ
1461 3654 1535 3719 ἐν
1562 3650 1895 3720 Διονύσου
1938 3649 2325 3739 τραγῳδοὺς
2354 3649 2634 3719 ἐθεάσα-

392 3758 538 3832 σθε,
585 3746 753 3818 ἀλλὰ
793 3745 883 3838 μὴ
929 3755 1079 3876 περ]
1145 3757 1480 3842 σωτηρίας
1526 3757 1640 3820 καὶ
1698 3760 1954 3821 κοινῶν
1995 3751 2411 3841 πραγμάτων
2452 3748 2537 3842 ἦν
2596 3780 2634 3821 ο

396 3850 624 3940 λόγος,
680 3846 807 3921 οὐκ
865 3848 948 3921 άν
994 3849 1217 3935 ου’τως
1275 3849 1420 3923 οὔτ’
1466 3858 1732 3924 ἐκείνου
1791 3854 1961 3945 πρὸς
2017 3852 2216 3942 χάριν
2278 3848 2423 3923 ουτ’
2467 3855 2631 3942 ἐμοῦ

390 3948 561 4042 πρὸς
623 3947 990 4043 ἀπέχθειαν
1055 3948 1413 4046 ηκούσατε.
1422 3968 1455 3995 “
1565 3967 1874 4045 Eundem,
1946 3986 2019 4026 ne
2082 3969 2331 4044 propter
2393 3966 2630 4026 nimiam

393 4085 525 4126 cum
591 4067 868 4147 Philippo
945 4069 1444 4129 consuetudinem
1511 4070 1570 4128 in
1633 4071 1850 4130 civium
1910 4068 2156 4130 caderet
2214 4067 2633 4146 suspicionem,

393 4169 825 4230 Demosthenes
883 4169 1136 4230 subinde
1195 4170 1342 4232 dicit
1401 4190 1638 4231 causam
1707 4171 2168 4248 interposuisse,
2234 4169 2504 4246 coegisse
2565 4186 2630 4229 se

391 4289 494 4331 aes
546 4272 834 4350 alienum,
878 4271 1040 4348 quod
1088 4272 1342 4332 hostium
1389 4275 1446 4333 in
1509 4278 1673 4333 terra
1716 4273 1824 4333 sibi
1872 4272 2211 4348 deberetur,
2255 4271 2332 4331 ad
2385 4289 2631 4332 munera
