3166 4871
532 280 656 341 266

532 452 951 529 Aristophanis
1006 451 1272 511 aemulos
1317 452 1625 511 Cratinum
1689 457 1751 511 et
1808 452 2064 530 Eupolin
2112 454 2209 513 vel
2272 454 2467 514 minus
2527 455 2769 516 novisse

530 556 824 631 videatur,
867 573 977 631 per
1022 572 1086 613 se
1133 552 1629 612 verisimillimum
1678 560 1770 613 ost
1810 572 1945 613 eum
1994 555 2106 614 hoc
2141 555 2434 633 judicium
2482 575 2602 617 non
2647 564 2765 616 tam

527 677 602 718 ex
647 677 758 718 sua
801 657 988 734 ipsius
1018 656 1333 730 sententia,
1376 672 1554 731 quam
1603 675 1678 715 ex
1723 673 1927 716 eorum
1962 660 2344 729 Graecorum,
2391 676 2542 735 quos
2570 659 2631 718 in
2677 659 2769 719 his

526 760 706 821 rebus
766 763 1008 819 secutus
1066 763 1181 832 est,
1241 758 1597 817 auctoritate
1657 758 1895 818 secisse.
1999 759 2170 832 Quae
2228 760 2432 836 opinio
2494 758 2767 837 profecto

526 842 645 924 non
688 861 1024 922 infirmatur
1085 859 1199 919 hoc
1245 857 1377 918 loco
1435 858 1537 931 (ad
1583 858 1652 932 Q.
1702 860 1770 918 fr.
1804 866 1862 937 3,
1895 864 1949 938 1,
1984 860 2117 932 19):
2182 862 2403 933 „Dedit
2448 862 2586 921 mihi
2646 864 2766 939 epi-

525 965 737 1026 stolam
770 962 1083 1040 legendam
1113 968 1297 1037 tuam,
1341 978 1518 1038 quam
1552 962 1756 1038 paullo
1792 967 1932 1022 ante
1963 968 2299 1041 acceperat,
2326 964 2766 1042 Aristophaneo

525 1068 719 1145 modo,
764 1065 940 1126 valde
973 1063 1312 1124 mehercule
1352 1070 1414 1122 et
1444 1082 1691 1123 suavem
1732 1073 1793 1124 et
1820 1082 2094 1142 gravem:
2140 1084 2263 1144 qua
2284 1084 2416 1126 sum
2446 1066 2765 1128 admodum

524 1169 909 1232 delectatus-‘⁶
1005 1168 1157 1227 Nam
1222 1166 1501 1225 facillime
1560 1167 1808 1243 cogitari
1869 1174 2066 1245 potest
2133 1170 2378 1229 scivisse
2422 1188 2585 1246 eum,
2645 1187 2764 1246 quo

523 1274 651 1335 fere
696 1272 871 1333 modo
917 1269 1348 1346 Aristophanes
1394 1268 1659 1329 scribere
1699 1271 1939 1345 soleret,
1983 1272 2212 1330 etiamsi
2261 1277 2365 1331 aut
2395 1272 2615 1331 nullam
2661 1277 2767 1332 aut

522 1391 861 1454 perpaucas
920 1373 1053 1450 ejus
1114 1371 1350 1431 fabulas
1410 1372 1541 1448 ipse
1604 1371 1851 1448 legerat.
1966 1374 2170 1450 Atque
2228 1374 2268 1433 ii
2330 1392 2574 1452 quoque
2634 1374 2764 1445 loci,

523 1481 742 1557 quibus
787 1482 985 1536 certos
1045 1473 1334 1551 quosdam
1381 1473 1804 1550 Aristophanis
1860 1493 2073 1535 versus
2131 1474 2466 1553 significare
2513 1475 2766 1554 videtur,

522 1596 731 1642 omnes
803 1576 1097 1656 ejusmodi
1163 1581 1333 1645 sunt,
1408 1581 1475 1635 ut
1526 1594 1645 1636 non
1710 1577 1856 1636 satis
1920 1578 2179 1654 probent
2234 1596 2367 1639 eum
2446 1578 2762 1639 nonnullas

525 1684 703 1762 hujus
759 1681 992 1741 fabulas
1046 1678 1262 1756 legisse
1323 1696 1519 1755 neque
1573 1679 1775 1756 potius
1833 1681 2011 1740 alium
2071 1681 2421 1758 scriptorem
2467 1680 2762 1742 Graecum

522 1791 791 1849 secutum
840 1801 988 1844 esse.
1075 1783 1169 1841 Ita
1214 1779 1613 1858 judicandum
1661 1786 1753 1841 est
1797 1782 1871 1842 de
1918 1783 2047 1843 loco
2095 1784 2209 1858 jam
2265 1783 2445 1843 allato
2506 1782 2562 1842 d.
2607 1783 2761 1861 legg.

523 1894 578 1961 2,
612 1894 709 1961 37,
772 1888 874 1964 qui
921 1885 999 1946 ad
1045 1883 1412 1944 comoediam
1461 1884 1754 1944 Horarum
1802 1885 2039 1945 nomine
2082 1886 2430 1962 inscriptam
2487 1892 2761 1963 spectare

522 1987 869 2065 videturffl’),
914 2005 1110 2065 neque
1156 1986 1349 2046 minus
1380 1985 1455 2046 de
1488 1984 1686 2046 verbis
1730 1987 1822 2047 his
1865 1985 1975 2060 (or.
2004 1988 2112 2058 29)
2160 1989 2463 2059 „Pericles
2506 1989 2554 2047 si
2596 1989 2761 2050 tenui

519 2112 740 2171 genere
786 2097 1071 2161 uteretur,
1117 2107 1421 2167 nunquam
1465 2089 1541 2147 ab
1575 2090 1980 2166 Aristophane
2023 2096 2205 2168 poeta
2234 2091 2485 2168 fulgere,
2528 2100 2761 2169 tonare,

518 2196 880 2275 permiscere
910 2193 1220 2254 Graeciam
1268 2191 1466 2252 dictus
1511 2192 1729 2268 esset“,
1772 2209 1928 2269 quae
1972 2191 2184 2253 Latine
2228 2191 2491 2253 reddunt
2532 2193 2760 2254 Achar-

522 2299 791 2358 nensium
838 2314 1048 2356 versus
1092 2298 1219 2356 530
1262 2299 1325 2354 et
1367 2297 1488 2356 531

945 2382 1295 2457 Ἐντεῦθεν
1340 2379 1503 2474 ὀργῇ
1546 2389 1909 2476 Περικλέης
1951 2383 2326 2475 οὑλύμπιος

821 2487 1226 2580 ἤστραπτεν,
1270 2487 1577 2577 ἐβρόντα,
1622 2488 1956 2575 ξυνεκύκα
1999 2489 2126 2578 τὴν
2158 2482 2457 2560 Ἑλλάδα.

690 2605 902 2680 Neque
946 2602 1143 2662 minus
1187 2618 1397 2677 parum
1445 2607 1746 2660 versatum
1802 2601 1989 2663 fuisse
2035 2601 2383 2663 Ciceronem
2426 2604 2487 2663 in
2530 2604 2757 2664 Aristo·

517 2708 731 2786 phanis
774 2704 1098 2767 comoediis
1159 2722 1231 2764 eo
1275 2701 1577 2780 probatur,
1637 2702 1802 2779 quod
1845 2703 1920 2763 ad
1966 2705 2092 2764 Att.
2128 2709 2222 2776 12,
2255 2709 2311 2783 6,
2343 2710 2381 2768 3
2441 2705 2759 2766 confitetur

520 2829 586 2870 se
645 2809 813 2870 initio
861 2807 1022 2867 hunc
1080 2806 1276 2865 locum
1340 2805 1494 2866 salso
1539 2804 1817 2881 Eupolidi
1875 2806 2169 2867 tribuisse.
2256 2807 2491 2868 Deinde
2545 2825 2759 2869 versus

518 2912 600 2972 illi
642 2911 721 2973 ad
766 2912 889 2971 Att.
919 2913 979 2988 8,
1007 2913 1065 2982 8,
1098 2913 1155 2986 2,
1200 2926 1563 2985 quamquam
1610 2907 1884 2967 simillimi
1929 2914 2071 2969 sunt
2108 2909 2585 2970 Acharnensium
2626 2928 2756 2969 ver-

512 3015 679 3075 sibns
723 3016 1075 3088 659—61‚
1118 3016 1318 3071 tamen
1364 3028 1438 3070 ex
1483 3009 1688 3070 fabula
1730 3010 1935 3088 aliqua
1963 3011 2293 3089 Euripiden.
2334 3017 2479 3074 sunt
2520 3013 2756 3090 sumpti,

515 3119 590 3177 ab
621 3115 1028 3193 Aristophane
1058 3121 1255 3174 autem
1288 3112 1539 3189 parodia
1581 3110 1959 3189 expressi.⁸¹)
2046 3113 2203 3174 Tum
2245 3115 2296 3174 is
2327 3131 2551 3194 versus,
2579 3133 2754 3192 quem

512 3219 691 3279 Tusc.
724 3222 777 3290 1,
808 3221 887 3278 41
921 3216 1124 3277 affert:

776 3319 1012 3393 „Quam
1056 3318 1314 3394 quisque
1360 3317 1520 3376 norit
1561 3320 1770 3394 artem,
1813 3318 1875 3376 in
1922 3317 2035 3377 hac
2079 3334 2144 3378 se
2190 3319 2493 3391 exereat“,

513 3439 881 3499 quamquam
927 3420 1102 3481 etiam
1148 3420 1210 3479 in
1261 3420 1593 3496 Vesparnm
1640 3436 1817 3479 versu
1867 3422 2026 3480 1431
2075 3420 2159 3479 ita
2202 3421 2530 3482 invenitur:

935 3507 1151 3601 Ἑρδοι
1194 3538 1294 3591 τις
1337 3507 1425 3598 ἣν
1473 3509 1756 3591 ἕκαστος
1801 3513 2007 3601 εἰδείη
2049 3515 2310 3602 τέχνην,

510 3631 728 3698 tamen,
771 3630 841 3713 ut
880 3622 1138 3700 videtur,
1181 3627 1357 3684 vetus
1387 3628 1521 3683 erat
1562 3622 1947 3700 proverbium
1992 3623 2068 3684 ab
2098 3625 2507 3703 Aristophane
2552 3626 2613 3686 in
2658 3644 2753 3687 co-

513 3726 805 3789 moediam
866 3726 1023 3787 illam
1087 3731 1398 3803 receptum
1456 3731 1641 3802 atque
1700 3725 1818 3786 hoc
1877 3725 2120 3803 quidem
2178 3732 2417 3787 constat
2481 3746 2617 3788 eum
2662 3729 2755 3789 Ci-

512 3829 714 3891 ceroni
762 3848 881 3890 non
937 3846 1015 3889 ex
1058 3827 1465 3903 Aristophane
1509 3827 1639 3888 solo
1700 3835 1902 3888 notum
1947 3827 2169 3898 fuisse;
2231 3827 2379 3890 dicit
2420 3830 2576 3891 enim
2618 3829 2753 3891 loeo

510 3932 772 4011 prolato:
824 3933 1024 4003 „Bene
1055 3931 1157 3990 illo
1191 3928 1560 3990 Graecorum
1592 3928 1915 4006 proverbio
1946 3930 2376 4009 praecipitur“;
2420 3931 2753 4009 eodemque

512 4034 688 4096 modo
722 4032 1077 4111 accipienda
1120 4035 1260 4093 sunt
1303 4031 1490 4092 verba
1534 4031 1636 4106 (ad
1668 4034 1791 4092 Att.
1822 4035 1882 4109 5,
1914 4036 2017 4110 10,
2047 4029 2138 4106 3):
2189 4032 2276 4107 „0
2323 4034 2475 4095 illud
2517 4045 2754 4095 verum:

509 4135 664 4143 ———
725 4135 794 4142 .-

681 4183 746 4244 an)
783 4136 998 4235 efs‘rh.
1036 4175 1226 4247 Bergk
1264 4177 1414 4249 apud
1452 4176 1708 4233 Meineke
1742 4176 1939 4247 fragm.
1974 4194 2112 4233 com.
2148 4176 2243 4234 Gr.
2280 4178 2352 4248 11,
2388 4196 2442 4248 p.
2485 4184 2631 4234 1173.

678 4269 749 4332 ⁸¹)
782 4261 854 4318 cf.
893 4262 1104 4331 Nauck,
1143 4263 1209 4317 fr.
1247 4269 1384 4332 trag.
1423 4264 1617 4318 Groec.
1654 4264 1845 4332 Eurip.
1882 4261 1949 4318 fr.
1986 4267 2102 4318 910.
