3166 4871
975 266 1061 320 De
1097 266 1302 320 nomin.
1339 266 1398 320 in
1436 284 1599 330 -αιος,
1671 271 1703 332 s
1741 270 1820 319 82.
2447 274 2569 333 253

321 442 441 503 Sed
491 444 752 505 obscura
798 448 889 504 est
920 446 1105 522 orig0.
1177 445 1504 523 Benfeyius
1533 446 1582 523 1,
1614 444 1692 503 40
1741 445 1974 505 confert
2020 434 2254 524 σειρός,
2298 439 2572 524 ceipene:

325 530 946 617 „Schlechtesormen
985 567 1103 608 von
1151 536 1419 626 σειριάω
1451 542 1767 627 σειρίασις
1812 548 1945 609 sind
1993 538 2230 628 σιριάω
2262 542 2573 627 σιρίασιςε

321 649 514 724 geben
579 668 692 709 uns
754 649 918 710 diese
978 649 1086 710 das
1129 638 1325 728 recht,
1383 651 1627 711 hierher
1678 669 1754 710 zu
1814 650 2023 711 zicheu
2085 652 2241 711 auch
2299 645 2573 728 σίραιος,

324 746 576 829 σι’ρινος
606 740 864 826 (οἶνος),
896 746 1184 831 σίραιον,
1209 741 1315 827 τό,
1346 751 1777 829 eingekochter
1807 752 2575 830 (zusammengebrannter3

323 856 383 914 in
431 854 537 915 der
582 854 980 932 cigentlichen
1026 854 1373 932 bcdcutung
1440 875 1558 917 von
1622 854 1811 929 σαυς)
1870 861 2049 933 most,
2116 856 2374 916 welcher
2417 855 2574 916 auch

323 947 546 1036 ἕψημα
612 957 721 1017 das
786 955 1087 1034 gekochte
1153 958 1422 1019 heisst?“
1493 958 1629 1027 ,Sed
1702 960 1835 1036 ipsa
1900 978 2080 1036 quam
2148 961 2323 1019 affert
2385 958 2575 1019 forma

325 1053 581 1137 σίρινος
643 1061 835 1127 (Eust.
880 1059 988 1121 Od.
1031 1080 1100 1138 Ρ.
1153 1057 1342 1139 1385,
1392 1059 1503 1133 1-1)
1555 1062 1782 1139 arguit,
1845 1080 1965 1123 non
2029 1082 2068 1121 a
2126 1062 2310 1122 verbo
2373 1061 2480 1121 sed
2539 1078 2577 1119 a

323 1164 566 1223 nomine
611 1163 924 1240 repetitam
974 1181 1104 1223 csse
1150 1164 1304 1224 hanc
1351 1182 1576 1224 vocem.
1662 1165 1945 1224 Fortasse
1991 1169 2314 1241 cognatum
2353 1168 2446 1224 est
2473 1164 2574 1224 lat.

320 1264 539 1342 serum,
585 1265 746 1343 quod
794 1283 926 1325 cum
972 1250 1131 1345 ὀρός
1179 1265 1438 1327 conferri
1484 1266 1656 1344 solet,
1700 1266 2073 1343 improbante
2118 1265 2326 1327 Fickio
2358 1267 2404 1343 1,
2450 1263 2571 1323 796

321 1357 572 1446 pro'pter
632 1367 879 1427 formam
945 1354 1161 1447 ὀρρός.
1261 1369 1350 1430 cf.
1410 1369 1534 1428 lett,
1576 1364 1757 1429 sdras
1817 1387 2054 1446 cassim,
2119 1370 2185 1429 sl.
2245 1374 2383 1431 vet..
2416 1368 2575 1444 Syra

322 1489 564 1548 caseus,
624 1488 736 1531 scr.
780 1466 937 1529 sdra
992 1475 1052 1532 et
1105 1466 1257 1531 scira
1312 1488 1492 1531 sucus
1547 1489 1747 1532 serum
1794 1472 2093 1548 butyrum.
2178 1472 2310 1533 Nec
2352 1472 2575 1532 desunt

323 1573 458 1643 alia
501 1573 562 1633 in
625 1574 848 1650 quibus
904 1592 946 1632 α
1007 1572 1129 1648 (vel
1178 1572 1231 1646 ε)
1292 1578 1432 1634 ante
1491 1591 1530 1651 ρ
1575 1575 1638 1635 in
1682 1591 1705 1632 ι
1750 1575 1828 1636 sit
1887 1579 2206 1636 mutatum:
2272 1567 2574 1652 οἰκτίρω,

321 1671 615 1755 κίρνημι,
661 1664 974 1754 σκιρτάω.

499 1785 823 1854 σιφαῑος
883 1779 1033 1840 Luc.
1079 1779 1330 1856 Lexiph.
1376 1776 1446 1839 ὃς
1512 1765 1725 1858 Ἄρτοι
1781 1775 1905 1858 μὲν
1964 1759 2131 1860 ἦσαν
2188 1785 2445 1855 σιφαῖοι
2490 1764 2574 1839 οὖ

323 1879 597 1957 φαῦλοι.
688 1882 867 1942 Liber
927 1901 1082 1942 unus
1127 1888 1419 1958 συφαῑοι.
1487 1880 1817 1958 Σιλᾳιαῖος
1876 1868 2079 1962 ἄρτος
2138 1883 2266 1943 sine
2322 1885 2573 1960 interpr.

325 1984 489 2045 Snid.
565 1984 851 2046 vocabuli
897 1985 1355 2063 explicationem
1401 2004 1519 2059 non
1567 1984 1746 2045 video
1790 1990 2077 2045 tentatam
2138 1985 2250 2045 nisi
2303 1985 2360 2044 in
2408 1985 2575 2045 Pass.

326 2088 470 2147 lexa
534 2088 895 2156 „Vielleicbt
938 2090 1044 2147 mit
1089 2082 1329 2161 σι’φων,
1377 2077 1617 2163 σιφλός
1664 2092 1953 2166 verwant,
1996 2088 2120 2147 also
2169 2086 2376 2147 hohles
2421 2087 2574 2164 brot,

327 2192 463 2250 cine
493 2196 589 2251 art
618 2191 999 2252 windbeutel.
1072 2190 1308 2268 Suidas‚
1351 2190 1444 2250 bei
1477 2190 1612 2249 dem
1644 2189 1771 2249 sich
1820 2188 2129 2265 σιλφαϊος
2175 2196 2356 2260 σῖτος
2417 2191 2574 2249 ohne

330 2292 659 2370 erklarung
705 2293 906 2368 findet,
949 2293 1184 2354 schricb
1223 2294 1531 2353 vielleicht
1571 2291 1887 2369 σιφλαῑος
1920 2294 2018 2351 σ.“
2095 2290 2296 2367 (Quod
2326 2297 2576 2370 propter

329 2396 598 2457 ordinem
647 2396 976 2457 litterarum
1023 2398 1148 2457 veri
1197 2416 1316 2457 non
1361 2394 1598 2469 simile.)

497 2488 901 2582 σπήλαιον
966 2501 1259 2578 spelunca
1317 2501 1466 2560 Plat.
1523 2500 1707 2560 Arist.
1759 2501 1941 2576 chss
1993 2500 2053 2558 iu
2115 2500 2218 2559 KZ
2272 2497 2372 2576 19,
2424 2495 2573 2557 181:

328 2604 480 2674 „Dic
525 2601 805 2676 cinfachc
851 2603 1092 2680 wurzel‚
1135 2603 1364 2663 welche
1409 2603 1519 2662 das
1550 2623 1639 2680 gr.
1671 2596 1873 2673 σπέος
1919 2602 2234 2679 darbietet‚
2275 2601 2577 2662 erscheint

325 2706 388 2764 in
421 2704 556 2765 dem
589 2706 708 2764 ihm
742 2705 1261 2783 cntsprechenden
1295 2705 1684 2767 lateinischcn
1709 2721 1963 2779 spec-us
1985 2705 2178 2765 durch
2203 2722 2238 2764 c
2259 2705 2579 2781 erweitert‚

325 2807 614 2868 wahrend
677 2808 811 2867 eine
874 2810 1272 2883 erweiterung
1336 2807 1651 2868 del-selben
1710 2808 1936 2867 wurzel
1995 2807 2185 2867 durch
2232 2809 2281 2879 l,
2346 2808 2455 2866 wie
2513 2807 2575 2865 in

323 2910 551 2987 griech.
599 2900 965 2989 σπήλ-αιον
1011 2907 1540 3002 ιιιιᾱχσπῆλ-υγξ,
1599 2911 1693 2969 die
1737 2911 1814 2969 im
1859 2909 2249 2978 lateinischen
2295 2929 2368 2969 zu
2412 2910 2575 2982 spiil-

321 3030 494 3074 aeum
543 3014 666 3074 und
711 3015 1057 3088 spel-unca
1100 3012 1420 3089 gewordcn
1468 3012 1633 3091 sind,
1692 3031 1758 3072 so
1818 3014 1894 3072 im
1955 3012 2288 3073 deutschen
2343 3013 2575 3085 spat-t,

321 3119 573 3192 spat-te
630 3116 754 3176 und
813 3116 889 3175 im
951 3116 1176 3194 griech.
1237 3105 1547 3191 σπάλ-αξ
1608 3135 1652 3175 s.
1714 3099 2114 3189 ἀ-σπάλ-αξ
2174 3114 2301 3173 sich
2360 3114 2575 3188 zeigt“.

323 3221 627 3280 Incertum
672 3218 856 3296 igitur
901 3223 1009 3296 est,
1053 3223 1252 3279 utrum
1299 3220 1372 3278 ab
1417 3219 1552 3295 ipsa
1596 3217 1797 3277 radice
1838 3216 2082 3277 ductum
2115 3215 2191 3276 sit
2220 3203 2575 3293 σπήλαιον,

325 3343 400 3383 an
442 3343 481 3383 a
527 3322 900 3382 substantivo
946 3322 1147 3398 aliquo
1193 3311 1419 3400 σπήλη
1463 3319 1556 3394 (ut
1602 3309 1858 3399 στήλη).

495 3419 851 3501 συρμαὶα.
942 3425 1040 3487 Sic
1097 3425 1430 3484 vocabatur
1483 3423 1803 3500 praecipue
1854 3423 2018 3500 potio
2071 3421 2147 3481 ad
2192 3420 2572 3500 purgandum

326 3535 598 3589 ventrem
662 3533 900 3605 sumpta
959 3534 1099 3588 eta
1143 3526 1387 3586 medicis
1450 3527 1697 3587 Graecis
1758 3526 1997 3601 saepius
2059 3523 2329 3586 adhibita
2393 3523 2575 3596 (unde

328 3637 607 3692 ventrum
674 3649 936 3707 purgare
1001 3630 1302 3690 vocabant
1366 3621 1752 3706 συρμαΐςειν
1827 3626 1969 3688 ndt.
2014 3625 2079 3699 2,
2135 3625 2231 3687 77.
2298 3627 2451 3704 Aah,
2517 3631 2577 3687 et

327 3735 748 3812 purgationem
798 3721 1212 3810 συρμαϊσμόν
1257 3733 1442 3810 Hipp.
1485 3751 1560 3809 p..
1590 3728 1710 3789 805
1744 3729 1855 3808 H),
1920 3750 2097 3807 quam
2143 3730 2216 3789 ab
2261 3729 2576 3807 Aegyptiis

327 3839 627 3915 recepisse
672 3835 972 3896 videntur.
1059 3835 1390 3912 Aegyptios
1448 3836 1607 3894 enim
1664 3839 1787 3893 tres
1846 3833 1974 3893 dics
2017 3834 2331 3895 continuos
2376 3833 2575 3893 unius·

327 3942 622 4017 cuiusque
669 3939 888 3998 mensis
931 3933 1212 4014 syrmaea
1255 3939 1459 3997 alvum
1506 3956 1796 4015 purgasse
1840 3941 2050 3996 auctor
2095 3940 2188 3996 est
2233 3935 2576 3995 Herodotus

325 4044 398 4120 11,
430 4042 531 4120 77,
576 4048 639 4103 et
667 4042 972 4119 Aristoph.
1003 4041 1243 4104 Thesm.
1275 4038 1395 4098 857
1430 4042 1764 4117 Aegyptios
1795 4043 1971 4099 vocat
1997 4037 2575 4116 μελανοσυρμαῖον

331 4135 518 4205 λεών.
613 4144 732 4206 Sed
779 4163 895 4204 non
942 4144 1019 4203 ad
1067 4145 1228 4204 hunc
1272 4142 1447 4204 finem
1495 4143 1687 4204 solum
1736 4143 2072 4220 potabatur,
2119 4159 2253 4201 nam
2295 4159 2366 4200 eo
2400 4138 2577 4197 medi·

327 4253 600 4309 (tamenta
659 4247 848 4306 diluta
908 4249 1267 4323 propinasse
1329 4245 1595 4306 medicos
1654 4246 1850 4306 discas
1909 4264 1982 4304 ex
2041 4244 2332 4319 llippocr.
2393 4240 2577 4299 morb.
