3166 4871
2541 312 2668 374 277

433 495 677 555 Marcus
723 494 971 556 eandem
1020 494 1163 563 fere,
1211 514 1388 571 quam
1439 494 1643 567 frater,
1699 494 1775 553 de
1820 493 2111 569 Sophocle
2157 490 2409 569 ejusque
2454 493 2673 554 fabulis

432 597 710 658 habuerit
769 597 1138 658 sententiam.
1251 597 1528 675 Denique
1589 596 1646 656 d.
1705 596 1803 656 fin.
1855 602 1908 673 1,
1954 601 1991 657 5
2049 595 2178 672 ipse
2235 596 2378 656 dicit
2434 596 2510 656 ab
2570 595 2668 656 illo

433 700 731 759 Electram
778 699 878 759 vel
942 699 1164 776 optime
1224 700 1508 778 scriptam
1570 716 1721 760 esso.
1765 729 1847 739 —
1894 699 2127 773 Quibus
2171 697 2486 776 Sophoclis
2547 697 2669 758 lau·

433 801 609 861 dibus
654 800 886 863 accedit
928 801 1091 861 aliud
1136 806 1549 879 argumentum
1608 801 1792 879 idque
1840 800 2077 861 maximi
2131 801 2431 862 momenti.
2518 801 2672 878 Ipsis

432 903 585 964 enim
621 903 925 965 Ciceronis
969 904 1132 964 libris
1175 904 1464 981 probatur
1507 905 1565 964 in
1614 922 1838 983 corum,
1883 920 2034 982 quos
2089 903 2387 965 interdum
2431 908 2668 964 vertere

432 1004 676 1079 solebat,
722 1024 970 1068 numero
1018 1007 1179 1067 illum
1227 1008 1501 1068 eximium
1548 1006 1842 1085 quendam
1889 1007 2156 1069 tenuisse
2201 1007 2422 1085 locum,
2467 1023 2669 1084 quam·

431 1127 606 1185 quam
657 1109 776 1169 duo
820 1113 1047 1169 tantum
1095 1128 1256 1170 nunc
1302 1110 1460 1188 apud
1510 1128 1642 1170 eum
1689 1115 1924 1171 exstant
1965 1110 2080 1171 loci
2112 1109 2426 1188 Sophoclei
2457 1108 2671 1169 Latine

430 1211 718 1289 expressi,
749 1229 1003 1290 quorum
1028 1213 1184 1273 alter
1212 1230 1425 1274 versus
1452 1214 1781 1274 nonnullos
1813 1231 1886 1273 ex
1908 1213 2163 1290 Teucro,
2191 1213 2240 1273 si
2270 1209 2671 1272 Th.Welcker

429 1312 607 1373 fidem
643 1315 948 1393 habemus,
991 1317 1312 1376 translatos
1342 1318 1608 1377 continet
1638 1314 1736 1390 (cf.
1765 1316 1946 1377 Tusc.
1978 1319 2035 1393 3,
2067 1319 2189 1392 71),
2235 1315 2390 1375 alter
2418 1315 2668 1376 Trachi-

428 1417 660 1477 niarum
707 1436 920 1479 versus
956 1422 1392 1480 1046—1102
1438 1417 1538 1493 (cf.
1578 1420 1757 1480 Tusc.
1791 1423 1847 1491 2,
1879 1416 2211 1492 20—22).
2256 1449 2338 1458 —
2382 1416 2498 1478 Sed
2546 1435 2666 1477 non

427 1520 614 1580 solum
650 1520 1136 1581 verisimillimum
1185 1525 1277 1583 est
1322 1522 1480 1581 haud
1528 1540 1755 1600 paucos
1793 1526 2109 1599 praeterea
2139 1519 2456 1599 Sophoclis
2501 1521 2668 1580 locos

427 1642 462 1682 a
522 1621 808 1684 Cicerone
854 1623 1083 1702 juvene
1143 1625 1199 1684 in
1264 1624 1541 1685 Latinum
1604 1643 1731 1685 esse
1793 1641 2144 1702 conversos,
2206 1622 2313 1684 sed
2374 1623 2552 1683 etiam
2616 1623 2668 1682 is

428 1726 705 1803 maxime,
765 1745 940 1803 quem
1000 1726 1267 1787 secundo
1313 1728 1446 1789 loco
1491 1728 1738 1806 protuli,
1798 1746 1932 1788 cum
1988 1725 2372 1803 longissimus
2415 1725 2493 1784 sit
2548 1742 2665 1784 om-

425 1827 617 1900 nium,
663 1828 764 1907 qui
811 1828 970 1907 apud
1020 1828 1367 1891 Ciceronem
1412 1828 1822 1908 inveniuntur,
1864 1831 2008 1890 satis
2051 1829 2391 1905 perspicue,
2435 1826 2669 1904 opinor,

427 1930 618 2008 docet,
664 1935 890 2008 quanta
934 1933 990 1991 in
1039 1948 1111 1992 eo
1156 1931 1337 1993 fuerit
1379 1933 1536 1992 illius
1582 1932 1908 1993 admiratio.
1998 1931 2183 2009 Cujus
2224 1928 2444 1990 fabulis
2488 1929 2664 1989 etlam

424 2033 855 2110 posterioribus
914 2033 1075 2093 vitae
1148 2036 1319 2094 annis
1378 2034 1558 2094 valde
1622 2052 1755 2094 eum
1832 2034 2187 2095 delectatum
2250 2049 2385 2093 esse
2443 2050 2517 2093 ex
2592 2049 2664 2091 eo

425 2135 821 2211 cognoscitur,
865 2135 1027 2213 quod
1074 2137 1345 2214 epistulis
1390 2137 1690 2198 interdum
1736 2154 1949 2198 versus
1986 2135 2352 2214 Sophocleos
2395 2134 2664 2205 inseruit,

425 2254 578 2317 quos
620 2236 776 2297 infra
820 2256 1173 2301 enumerare
1217 2239 1275 2299 in
1321 2240 1518 2300 animo
1562 2244 1668 2301 est.

596 2339 717 2399 Iam
750 2343 818 2401 ut
847 2343 1254 2419 quaestionem
1287 2343 1655 2421 propositam
1697 2342 1771 2402 ad
1806 2342 1978 2403 finem
2012 2340 2429 2420 perducamus,
2472 2344 2664 2401 trans·

422 2441 815 2522 grediendum
850 2449 942 2505 est
974 2445 1050 2505 ad
1082 2445 1445 2524 Euripidem.
1518 2447 1721 2524 Atque
1764 2447 1810 2506 si
1843 2445 1928 2506 ita
1957 2446 2057 2506 illa
2086 2449 2250 2505 recte
2283 2443 2665 2524 dijudicetur,

426 2550 493 2607 ut
534 2545 867 2625 videamus,
911 2551 1108 2608 utrum
1141 2548 1323 2626 hujus
1368 2567 1444 2609 an
1489 2549 1652 2609 illius
1683 2549 1892 2611 Cicero
1936 2549 2145 2626 plures
2191 2547 2471 2625 respiciat
2500 2546 2663 2607 locos

423 2648 548 2709 sine
605 2649 727 2709 ulla
771 2649 1139 2712 dubitatione
1186 2651 1501 2712 dicendum
1545 2653 1659 2713 erit
1715 2650 1992 2731 Euripidi
2039 2651 2401 2728 tragicorum
2447 2649 2662 2728 princi·

422 2755 624 2829 patum
674 2770 711 2812 a
757 2758 959 2814 nostro
1004 2771 1135 2814 esse
1181 2755 1489 2815 tributum.
1586 2752 1738 2815 Octo
1783 2754 1938 2815 enim
1986 2753 2166 2832 hujus
2194 2751 2538 2830 tragoedias
2583 2751 2665 2810 ita

422 2860 859 2932 commemorat,
904 2860 969 2916 ut
1001 2855 1099 2915 vix
1146 2857 1405 2917 dubitari
1437 2858 1642 2935 possit,
1687 2856 1832 2934 quin
1878 2857 2003 2934 ipse
2035 2874 2137 2916 eas
2181 2855 2412 2932 legerit.
2484 2851 2660 2928 Quod

424 2973 516 3015 me
563 2974 703 3017 vere
764 2956 986 3018 dixisse
1033 2962 1098 3018 ut
1144 2958 1351 3018 melius
1412 2964 1619 3036 posset
1662 2958 1951 3036 intellegi,
2012 2957 2173 3018 haud
2218 2957 2486 3033 ineptum
2533 2972 2664 3015 esse

421 3061 569 3134 puto
622 3057 730 3118 has
774 3076 896 3119 una
948 3076 1081 3120 cum
1144 3060 1292 3120 locis
1340 3059 1748 3121 CiceronianIs
1808 3060 1883 3120 ad
1944 3078 2047 3121 eas
2108 3058 2521 3138 spectantibus
2583 3058 2665 3117 ita

422 3176 787 3238 enumerare
838 3165 904 3221 ut
934 3162 1189 3240 primum
1238 3161 1347 3224 hos
1376 3164 1540 3223 locos
1583 3162 1906 3241 proferam,
1949 3162 2054 3241 qui
2100 3161 2410 3221 maximam
2442 3158 2663 3219 habent

422 3261 719 3339 probandi
763 3264 902 3335 vim,
947 3267 1070 3325 tum
1119 3264 1340 3326 lineola
1383 3264 1735 3344 interposita
1778 3269 2013 3326 ceteros
2060 3264 2288 3324 addam.

555 3369 607 3425 1.
681 3366 1107 3427 Andromacha
1137 3367 1213 3427 cf.
1244 3367 1299 3428 d.
1332 3372 1451 3445 opt.
1480 3387 1534 3445 g.
1568 3387 1650 3429 or.
1687 3371 1782 3430 18.
1826 3398 1911 3409 —
1960 3368 2047 3428 Ex
2094 3366 2305 3428 eadem
2350 3364 2664 3443 tragoedia

679 3472 916 3546 sumpta
959 3474 1100 3531 sunt
1144 3469 1331 3531 verba
1383 3470 1459 3531 ad
1518 3471 1641 3531 Att.
1671 3473 1730 3548 2,
1759 3474 1859 3548 25,
1894 3475 1923 3531 1
1973 3471 2210 3547 prolata
2266 3456 2498 3529 ἑλικτὰ
2547 3460 2663 3525 καὶ

675 3554 877 3630 ὄυδὲν
905 3596 989 3618 ---
1018 3590 1076 3633 v.
1120 3577 1243 3634 447
1291 3572 1432 3633 edit.
1474 3573 1805 3634 Kirchhoff.

552 3675 607 3733 2.
679 3673 944 3751 Antiopa
974 3673 1047 3734 cf.
1077 3673 1133 3734 d.
1164 3679 1286 3753 opt.
1316 3695 1373 3754 g.
1404 3694 1487 3737 or.
1520 3678 1601 3737 18
1632 3679 1692 3737 et
1720 3675 1775 3735 d.
1806 3675 1903 3736 fin.
1939 3680 1993 3754 1,
2022 3680 2080 3737 4.
2122 3706 2209 3716 -
2254 3674 2484 3750 Quibus
2515 3673 2662 3732 locis

676 3774 936 3835 addendi
982 3782 1123 3836 sunt
1167 3777 1222 3837 d.
1264 3778 1381 3838 inv.
1418 3783 1472 3854 1,
1503 3781 1586 3839 94
1632 3782 1692 3838 et
1736 3796 1809 3838 ex
1857 3778 2151 3856 probabili
2198 3779 2261 3838 F.
2296 3777 2388 3836 W.
2420 3774 2658 3836 Schnei-

679 3876 873 3938 dewin
936 3879 1286 3957 conjectura
1346 3897 1559 3941 versus
1613 3880 1667 3941 d.
1725 3880 1890 3942 deor.
1951 3885 2073 3941 nat.
2123 3884 2181 3959 2,
2228 3881 2307 3940 65
2366 3877 2581 3938 Latine
2626 3896 2663 3936 a

678 3980 965 4041 Cicerone
1009 3984 1273 4059 expressi
1305 4007 1388 4029 =
1419 3981 1636 4043 Nauck
1682 3982 1898 4060 fragm.
1941 3984 2082 4044 Eur.
2116 3986 2239 4045 935
2259 3977 2353 4052 ⁹⁷).

550 4085 605 4142 3.
680 4082 1080 4160 Cresphontes
1126 4084 1199 4144 cf.
1244 4086 1423 4146 Tusc.
1459 4089 1514 4162 1,
1547 4088 1668 4146 115
1700 4110 1782 4132 =
1815 4085 1887 4147 fr.
1919 4089 2042 4147 452
2090 4086 2166 4146 N.

589 4297 658 4359 ⁹⁷)
691 4293 762 4351 cf.
801 4295 992 4351 Nauck
1031 4304 1168 4366 trag.
1204 4296 1399 4353 Graec.
1438 4295 1633 4368 fragm.
1671 4315 1725 4368 p.
1766 4303 1857 4353 521
1901 4304 1959 4353 et
1995 4303 2110 4354 339.
