<?xml version="1.0" encoding="UTF-8"?>
<!DOCTYPE html PUBLIC "-//W3C//DTD XHTML 1.0 Transitional//EN"
    "http://www.w3.org/TR/xhtml1/DTD/xhtml1-transitional.dtd">
<html xmlns="http://www.w3.org/1999/xhtml" xml:lang="en" lang="en">
 <head>
  <title>
</title>
<meta http-equiv="Content-Type" content="text/html;charset=utf-8" />
  <meta name='ocr-system' content='tesseract 3.04.00' />
  <meta name='ocr-capabilities' content='ocr_page ocr_carea ocr_par ocr_line ocrx_word'/>
</head>
<body>
  <div class='ocr_page' id='page_1' title='image "./dissertationesp00hallgoog_0534.png"; bbox 0 0 3166 4871; ppageno 0'>
   <div class='ocr_carea' id='block_1_1' title="bbox 522 306 640 366">
    <p class='ocr_par' dir='ltr' id='par_1_1' title="bbox 522 306 640 366">
     <span class='ocr_line' id='line_1_1' title="bbox 522 306 640 366; baseline 0 0"><span class='ocrx_word' id='word_1_1' title='bbox 522 306 640 366; x_wconf 83' lang='lat'>176</span> 
     </span>
    </p>
   </div>
   <div class='ocr_carea' id='block_1_2' title="bbox 514 477 2832 4361">
    <p class='ocr_par' dir='ltr' id='par_1_2' title="bbox 514 477 2773 2814">
     <span class='ocr_line' id='line_1_2' title="bbox 514 477 2757 557; baseline -0.002 -18"><span class='ocrx_word' id='word_1_2' title='bbox 514 498 567 539; x_wconf 87' lang='lat' dir='ltr'>a.</span> <span class='ocrx_word' id='word_1_3' title='bbox 615 477 751 540; x_wconf 81' lang='lat' dir='ltr'>Chr.</span> <span class='ocrx_word' id='word_1_4' title='bbox 798 480 1101 539; x_wconf 86' lang='lat' dir='ltr'>saeculum</span> <span class='ocrx_word' id='word_1_5' title='bbox 1165 480 1493 555; x_wconf 82' lang='lat' dir='ltr'>pertinent3</span> <span class='ocrx_word' id='word_1_6' title='bbox 1546 478 1671 557; x_wconf 87' lang='lat' dir='ltr'>jam</span> <span class='ocrx_word' id='word_1_7' title='bbox 1719 498 1771 537; x_wconf 83' lang='lat' dir='ltr'>a.</span> <span class='ocrx_word' id='word_1_8' title='bbox 1811 482 1931 539; x_wconf 79' lang='lat'>421</span> <span class='ocrx_word' id='word_1_9' title='bbox 1984 479 2300 538; x_wconf 76' lang='lat' dir='ltr'>histriones</span> <span class='ocrx_word' id='word_1_10' title='bbox 2360 478 2434 538; x_wconf 90' lang='lat' dir='ltr'>de</span> <span class='ocrx_word' id='word_1_11' title='bbox 2480 478 2757 554; x_wconf 83' lang='lat' dir='ltr'>praemiis</span> 
     </span>
     <span class='ocr_line' id='line_1_3' title="bbox 517 578 2752 660; baseline -0.002 -19"><span class='ocrx_word' id='word_1_12' title='bbox 517 582 840 660; x_wconf 89' lang='lat' dir='ltr'>propositis</span> <span class='ocrx_word' id='word_1_13' title='bbox 888 584 1043 641; x_wconf 87' lang='lat' dir='ltr'>inter</span> <span class='ocrx_word' id='word_1_14' title='bbox 1073 599 1136 641; x_wconf 92' lang='lat' dir='ltr'>se</span> <span class='ocrx_word' id='word_1_15' title='bbox 1185 587 1461 652; x_wconf 82' lang='lat' dir='ltr'>certasse,</span> <span class='ocrx_word' id='word_1_16' title='bbox 1508 580 1707 642; x_wconf 90' lang='lat' dir='ltr'>adhuc</span> <span class='ocrx_word' id='word_1_17' title='bbox 1739 600 1855 640; x_wconf 89' lang='lat' dir='ltr'>non</span> <span class='ocrx_word' id='word_1_18' title='bbox 1906 584 2156 640; x_wconf 87' lang='lat' dir='ltr'>constat.</span> <span class='ocrx_word' id='word_1_19' title='bbox 2243 582 2312 640; x_wconf 93' lang='lat' dir='ltr'>In</span> <span class='ocrx_word' id='word_1_20' title='bbox 2356 579 2474 639; x_wconf 89' lang='lat' dir='ltr'>illis</span> <span class='ocrx_word' id='word_1_21' title='bbox 2516 578 2752 657; x_wconf 88' lang='lat' dir='ltr'>quidem</span> 
     </span>
     <span class='ocr_line' id='line_1_4' title="bbox 516 681 2758 762; baseline -0.001 -18"><span class='ocrx_word' id='word_1_22' title='bbox 516 685 750 744; x_wconf 88' lang='lat' dir='ltr'>duabus</span> <span class='ocrx_word' id='word_1_23' title='bbox 811 685 1201 762; x_wconf 88' lang='lat' dir='ltr'>conjecturis,</span> <span class='ocrx_word' id='word_1_24' title='bbox 1261 687 1328 744; x_wconf 89' lang='lat' dir='ltr'>ut</span> <span class='ocrx_word' id='word_1_25' title='bbox 1387 703 1423 743; x_wconf 89' lang='lat' dir='ltr'>a</span> <span class='ocrx_word' id='word_1_26' title='bbox 1478 684 1757 744; x_wconf 88' lang='lat' dir='ltr'>Richtero</span> <span class='ocrx_word' id='word_1_27' title='bbox 1819 683 2090 762; x_wconf 87' lang='lat' dir='ltr'>prolatae</span> <span class='ocrx_word' id='word_1_28' title='bbox 2149 686 2313 755; x_wconf 86' lang='lat' dir='ltr'>suut,</span> <span class='ocrx_word' id='word_1_29' title='bbox 2373 682 2433 742; x_wconf 91' lang='lat' dir='ltr'>id</span> <span class='ocrx_word' id='word_1_30' title='bbox 2494 681 2758 759; x_wconf 85' lang='lat' dir='ltr'>offendit,</span> 
     </span>
     <span class='ocr_line' id='line_1_5' title="bbox 517 785 2757 865; baseline -0.001 -17"><span class='ocrx_word' id='word_1_31' title='bbox 517 787 680 864; x_wconf 89' lang='lat' dir='ltr'>quod</span> <span class='ocrx_word' id='word_1_32' title='bbox 714 805 823 865; x_wconf 73' lang='lat' dir='ltr'>per</span> <span class='ocrx_word' id='word_1_33' title='bbox 867 785 1218 848; x_wconf 77' lang='lat' dir='ltr'>histrionem</span> <span class='ocrx_word' id='word_1_34' title='bbox 1250 786 1539 848; x_wconf 84' lang='lat' dir='ltr'>victorem</span> <span class='ocrx_word' id='word_1_35' title='bbox 1585 790 1823 864; x_wconf 86' lang='lat' dir='ltr'>poetam</span> <span class='ocrx_word' id='word_1_36' title='bbox 1869 803 2129 864; x_wconf 87' lang='lat' dir='ltr'>quoqne,</span> <span class='ocrx_word' id='word_1_37' title='bbox 2174 786 2276 863; x_wconf 87' lang='lat' dir='ltr'>qui</span> <span class='ocrx_word' id='word_1_38' title='bbox 2309 786 2423 846; x_wconf 93' lang='lat' dir='ltr'>hoc</span> <span class='ocrx_word' id='word_1_39' title='bbox 2469 785 2757 846; x_wconf 76' lang='lat' dir='ltr'>histrione</span> 
     </span>
     <span class='ocr_line' id='line_1_6' title="bbox 520 888 2755 967; baseline -0.001 -18"><span class='ocrx_word' id='word_1_40' title='bbox 520 907 667 950; x_wconf 89' lang='lat' dir='ltr'>usus</span> <span class='ocrx_word' id='word_1_41' title='bbox 711 891 801 961; x_wconf 86' lang='lat' dir='ltr'>sit,</span> <span class='ocrx_word' id='word_1_42' title='bbox 847 890 1132 950; x_wconf 84' lang='lat' dir='ltr'>victorem</span> <span class='ocrx_word' id='word_1_43' title='bbox 1179 889 1498 967; x_wconf 80' lang='lat' dir='ltr'>significari</span> <span class='ocrx_word' id='word_1_44' title='bbox 1543 890 1851 966; x_wconf 79' lang='lat' dir='ltr'>statuitur3</span> <span class='ocrx_word' id='word_1_45' title='bbox 1896 888 2061 948; x_wconf 89' lang='lat' dir='ltr'>nulla</span> <span class='ocrx_word' id='word_1_46' title='bbox 2104 891 2197 948; x_wconf 90' lang='lat' dir='ltr'>est</span> <span class='ocrx_word' id='word_1_47' title='bbox 2239 904 2337 948; x_wconf 86' lang='lat' dir='ltr'>res</span> <span class='ocrx_word' id='word_1_48' title='bbox 2381 892 2595 966; x_wconf 86' lang='lat' dir='ltr'>poetae</span> <span class='ocrx_word' id='word_1_49' title='bbox 2637 888 2755 947; x_wconf 87' lang='lat' dir='ltr'>vic-</span> 
     </span>
     <span class='ocr_line' id='line_1_7' title="bbox 515 992 2759 1069; baseline -0 -17"><span class='ocrx_word' id='word_1_50' title='bbox 515 993 625 1052; x_wconf 86' lang='lat' dir='ltr'>tori</span> <span class='ocrx_word' id='word_1_51' title='bbox 661 1010 791 1052; x_wconf 91' lang='lat' dir='ltr'>eum</span> <span class='ocrx_word' id='word_1_52' title='bbox 839 992 1125 1052; x_wconf 76' lang='lat' dir='ltr'>histrione</span> <span class='ocrx_word' id='word_1_53' title='bbox 1158 992 1401 1052; x_wconf 82' lang='lat' dir='ltr'>victore.</span> <span class='ocrx_word' id='word_1_54' title='bbox 1441 1021 1530 1033; x_wconf 90' lang='lat'>-·-</span> <span class='ocrx_word' id='word_1_55' title='bbox 1572 992 1897 1052; x_wconf 85' lang='lat' dir='ltr'>Praeterea</span> <span class='ocrx_word' id='word_1_56' title='bbox 1937 1010 1973 1050; x_wconf 89' lang='lat' dir='ltr'>a</span> <span class='ocrx_word' id='word_1_57' title='bbox 2017 1009 2110 1051; x_wconf 89' lang='lat' dir='ltr'>me</span> <span class='ocrx_word' id='word_1_58' title='bbox 2143 992 2461 1069; x_wconf 89' lang='lat' dir='ltr'>impetrare</span> <span class='ocrx_word' id='word_1_59' title='bbox 2502 1008 2759 1068; x_wconf 78' lang='lat' dir='ltr'>nequeo,</span> 
     </span>
     <span class='ocr_line' id='line_1_8' title="bbox 517 1081 2756 1172; baseline -0.001 -17"><span class='ocrx_word' id='word_1_60' title='bbox 517 1098 584 1155; x_wconf 89' lang='lat' dir='ltr'>ut</span> <span class='ocrx_word' id='word_1_61' title='bbox 626 1099 849 1172; x_wconf 87' lang='lat' dir='ltr'>putem,</span> <span class='ocrx_word' id='word_1_62' title='bbox 891 1095 1226 1171; x_wconf 86' lang='lat' dir='ltr'>argumenti</span> <span class='ocrx_word' id='word_1_63' title='bbox 1274 1095 1447 1154; x_wconf 88' lang='lat' dir='ltr'>Pacis</span> <span class='ocrx_word' id='word_1_64' title='bbox 1493 1094 1975 1172; x_wconf 89' lang='lat' dir='ltr'>Aristophaneae</span> <span class='ocrx_word' id='word_1_65' title='bbox 2032 1099 2337 1155; x_wconf 79' lang='lat' dir='ltr'>auctorem</span> <span class='ocrx_word' id='word_1_66' title='bbox 2382 1093 2584 1153; x_wconf 83' lang='lat' dir='ltr'>verbis</span> <span class='ocrx_word' id='word_1_67' title='bbox 2642 1081 2756 1171; x_wconf 85' lang='grc' dir='ltr'>,,τὸ</span> 
     </span>
     <span class='ocr_line' id='line_1_9' title="bbox 519 1189 2759 1277; baseline -0.001 -21"><span class='ocrx_word' id='word_1_68' title='bbox 519 1189 589 1256; x_wconf 78' lang='grc' dir='ltr'>δὲ</span> <span class='ocrx_word' id='word_1_69' title='bbox 635 1190 883 1277; x_wconf 64' lang='lat' dir='ltr'>‹5de⁴</span> <span class='ocrx_word' id='word_1_70' title='bbox 926 1197 1102 1256; x_wconf 80' lang='lat' dir='ltr'>aliam</span> <span class='ocrx_word' id='word_1_71' title='bbox 1133 1196 1394 1257; x_wconf 83' lang='lat' dir='ltr'>fabulam</span> <span class='ocrx_word' id='word_1_72' title='bbox 1426 1195 1769 1273; x_wconf 84' lang='lat' dir='ltr'>significare</span> <span class='ocrx_word' id='word_1_73' title='bbox 1815 1197 2079 1257; x_wconf 81' lang='lat' dir='ltr'>voluisse</span> <span class='ocrx_word' id='word_1_74' title='bbox 2135 1198 2245 1257; x_wconf 89' lang='lat' dir='ltr'>nisi</span> <span class='ocrx_word' id='word_1_75' title='bbox 2292 1197 2480 1274; x_wconf 80' lang='lat' dir='ltr'>ipsam</span> <span class='ocrx_word' id='word_1_76' title='bbox 2513 1196 2759 1256; x_wconf 87' lang='lat' dir='ltr'>Pacem:</span> 
     </span>
     <span class='ocr_line' id='line_1_10' title="bbox 519 1287 2757 1380; baseline -0.001 -19"><span class='ocrx_word' id='word_1_77' title='bbox 519 1301 601 1361; x_wconf 88' lang='lat' dir='ltr'>Ut</span> <span class='ocrx_word' id='word_1_78' title='bbox 641 1300 826 1359; x_wconf 87' lang='lat' dir='ltr'>verba</span> <span class='ocrx_word' id='word_1_79' title='bbox 871 1287 943 1378; x_wconf 71' lang='lat' dir='ltr'>„d</span> <span class='ocrx_word' id='word_1_80' title='bbox 989 1287 1302 1380; x_wconf 82' lang='grc' dir='ltr'>ποιητὴς“</span> <span class='ocrx_word' id='word_1_81' title='bbox 1355 1300 1416 1359; x_wconf 93' lang='lat' dir='ltr'>in</span> <span class='ocrx_word' id='word_1_82' title='bbox 1462 1300 1829 1377; x_wconf 78' lang='lat' dir='ltr'>argumentis</span> <span class='ocrx_word' id='word_1_83' title='bbox 1875 1299 2337 1378; x_wconf 80' lang='lat' dir='ltr'>Aristophaneis</span> <span class='ocrx_word' id='word_1_84' title='bbox 2397 1317 2635 1377; x_wconf 88' lang='lat' dir='ltr'>semper</span> <span class='ocrx_word' id='word_1_85' title='bbox 2680 1298 2757 1358; x_wconf 90' lang='lat' dir='ltr'>ad</span> 
     </span>
     <span class='ocr_line' id='line_1_11' title="bbox 514 1385 2773 1481; baseline 0 -19"><span class='ocrx_word' id='word_1_86' title='bbox 514 1403 708 1479; x_wconf 89' lang='lat' dir='ltr'>ipsum</span> <span class='ocrx_word' id='word_1_87' title='bbox 760 1403 1061 1464; x_wconf 76' lang='lat' dir='ltr'>comicum</span> <span class='ocrx_word' id='word_1_88' title='bbox 1108 1404 1430 1480; x_wconf 86' lang='lat' dir='ltr'>pertinent,</span> <span class='ocrx_word' id='word_1_89' title='bbox 1479 1402 1563 1462; x_wconf 90' lang='lat' dir='ltr'>ita</span> <span class='ocrx_word' id='word_1_90' title='bbox 1625 1390 1740 1474; x_wconf 68' lang='lat' dir='ltr'>„to</span> <span class='ocrx_word' id='word_1_91' title='bbox 1792 1396 2046 1481; x_wconf 56' lang='grc' dir='ltr'>ὁρᾶμῶ</span> <span class='ocrx_word' id='word_1_92' title='bbox 2105 1420 2342 1479; x_wconf 79' lang='lat' dir='ltr'>semper</span> <span class='ocrx_word' id='word_1_93' title='bbox 2392 1405 2484 1463; x_wconf 90' lang='lat' dir='ltr'>est</span> <span class='ocrx_word' id='word_1_94' title='bbox 2534 1385 2773 1462; x_wconf 54' lang='lat' dir='ltr'>Aristo-&#39;</span> 
     </span>
     <span class='ocr_line' id='line_1_12' title="bbox 517 1503 2758 1584; baseline 0 -20"><span class='ocrx_word' id='word_1_95' title='bbox 517 1504 735 1583; x_wconf 89' lang='lat' dir='ltr'>phanis</span> <span class='ocrx_word' id='word_1_96' title='bbox 797 1503 1032 1583; x_wconf 79' lang='lat' dir='ltr'>fabula3</span> <span class='ocrx_word' id='word_1_97' title='bbox 1095 1524 1242 1582; x_wconf 88' lang='lat' dir='ltr'>ergo</span> <span class='ocrx_word' id='word_1_98' title='bbox 1304 1505 1709 1584; x_wconf 83' lang='lat' dir='ltr'>Apollodorus</span> <span class='ocrx_word' id='word_1_99' title='bbox 1771 1506 1914 1565; x_wconf 85' lang='lat' dir='ltr'>nulli</span> <span class='ocrx_word' id='word_1_100' title='bbox 1992 1504 2122 1568; x_wconf 84' lang='lat' dir='ltr'>alii,</span> <span class='ocrx_word' id='word_1_101' title='bbox 2185 1506 2297 1565; x_wconf 89' lang='lat' dir='ltr'>nisi</span> <span class='ocrx_word' id='word_1_102' title='bbox 2375 1504 2758 1582; x_wconf 81' lang='lat' dir='ltr'>Aristophani</span> 
     </span>
     <span class='ocr_line' id='line_1_13' title="bbox 516 1606 2759 1686; baseline 0.001 -21"><span class='ocrx_word' id='word_1_103' title='bbox 516 1606 871 1668; x_wconf 87' lang='lat' dir='ltr'>tribuendus</span> <span class='ocrx_word' id='word_1_104' title='bbox 934 1608 1072 1668; x_wconf 88' lang='lat' dir='ltr'>mihi</span> <span class='ocrx_word' id='word_1_105' title='bbox 1130 1607 1372 1669; x_wconf 85' lang='lat' dir='ltr'>videtur</span> <span class='ocrx_word' id='word_1_106' title='bbox 1422 1607 1480 1667; x_wconf 90' lang='lat' dir='ltr'>id</span> <span class='ocrx_word' id='word_1_107' title='bbox 1539 1607 1703 1686; x_wconf 92' lang='lat' dir='ltr'>quod</span> <span class='ocrx_word' id='word_1_108' title='bbox 1761 1611 1828 1668; x_wconf 88' lang='lat' dir='ltr'>ut</span> <span class='ocrx_word' id='word_1_109' title='bbox 1886 1608 2064 1669; x_wconf 90' lang='lat' dir='ltr'>etiam</span> <span class='ocrx_word' id='word_1_110' title='bbox 2122 1606 2449 1668; x_wconf 89' lang='lat' dir='ltr'>secundam</span> <span class='ocrx_word' id='word_1_111' title='bbox 2494 1607 2759 1668; x_wconf 85' lang='lat' dir='ltr'>Richteri</span> 
     </span>
     <span class='ocr_line' id='line_1_14' title="bbox 520 1691 2760 1791; baseline 0 -22"><span class='ocrx_word' id='word_1_112' title='bbox 520 1711 923 1788; x_wconf 88' lang='lat' dir='ltr'>conjecturam</span> <span class='ocrx_word' id='word_1_113' title='bbox 970 1691 1235 1790; x_wconf 73' lang='grc' dir='ltr'>(.,ἢνὶκα</span> <span class='ocrx_word' id='word_1_114' title='bbox 1265 1699 1562 1790; x_wconf 76' lang='grc' dir='ltr'><strong><em>Εἰρήνην</em></strong></span> <span class='ocrx_word' id='word_1_115' title='bbox 1591 1700 2060 1791; x_wconf 68' lang='grc' dir='ltr'><strong><em>ΛεωκράτηςἽ</em></strong></span> <span class='ocrx_word' id='word_1_116' title='bbox 2105 1710 2428 1787; x_wconf 87' lang='lat' dir='ltr'>improbem</span> <span class='ocrx_word' id='word_1_117' title='bbox 2477 1729 2569 1784; x_wconf 79' lang='lat' dir='ltr'>me</span> <span class='ocrx_word' id='word_1_118' title='bbox 2606 1728 2760 1771; x_wconf 90' lang='lat' dir='ltr'>com·</span> 
     </span>
     <span class='ocr_line' id='line_1_15' title="bbox 520 1812 2760 1891; baseline 0 -19"><span class='ocrx_word' id='word_1_119' title='bbox 520 1817 734 1891; x_wconf 84' lang='lat' dir='ltr'>movet,</span> <span class='ocrx_word' id='word_1_120' title='bbox 778 1813 1125 1890; x_wconf 86' lang='lat' dir='ltr'>praesertim</span> <span class='ocrx_word' id='word_1_121' title='bbox 1160 1832 1343 1890; x_wconf 89' lang='lat' dir='ltr'>quum</span> <span class='ocrx_word' id='word_1_122' title='bbox 1375 1814 1434 1872; x_wconf 90' lang='lat' dir='ltr'>in</span> <span class='ocrx_word' id='word_1_123' title='bbox 1467 1812 1663 1874; x_wconf 88' lang='lat' dir='ltr'>medio</span> <span class='ocrx_word' id='word_1_124' title='bbox 1707 1831 1779 1872; x_wconf 86' lang='lat' dir='ltr'>ea</span> <span class='ocrx_word' id='word_1_125' title='bbox 1808 1814 2204 1891; x_wconf 84' lang='lat' dir='ltr'>relinquatur,</span> <span class='ocrx_word' id='word_1_126' title='bbox 2250 1816 2446 1873; x_wconf 89' lang='lat' dir='ltr'>utrum</span> <span class='ocrx_word' id='word_1_127' title='bbox 2482 1812 2760 1891; x_wconf 79' lang='lat' dir='ltr'>Eupolidi</span> 
     </span>
     <span class='ocr_line' id='line_1_16' title="bbox 518 1907 2760 1995; baseline -0.001 -19"><span class='ocrx_word' id='word_1_128' title='bbox 518 1935 595 1976; x_wconf 87' lang='lat' dir='ltr'>au</span> <span class='ocrx_word' id='word_1_129' title='bbox 628 1916 896 1978; x_wconf 87' lang='lat' dir='ltr'>Leuconi</span> <span class='ocrx_word' id='word_1_130' title='bbox 926 1913 1259 1976; x_wconf 80' lang='lat' dir='ltr'>tribuamus</span> <span class='ocrx_word' id='word_1_131' title='bbox 1291 1916 1738 1995; x_wconf 83' lang='lat' dir='ltr'>Apollodorum.</span> <span class='ocrx_word' id='word_1_132' title='bbox 1776 1947 1853 1956; x_wconf 88' lang='lat'>-</span> <span class='ocrx_word' id='word_1_133' title='bbox 1887 1915 2203 1990; x_wconf 80' lang='lat' dir='ltr'>Quomodo</span> <span class='ocrx_word' id='word_1_134' title='bbox 2235 1915 2385 1976; x_wconf 88' lang='lat' dir='ltr'>illud</span> <span class='ocrx_word' id='word_1_135' title='bbox 2430 1907 2760 1995; x_wconf 74' lang='grc' dir='ltr'>,,ἑνίκησε“</span> 
     </span>
     <span class='ocr_line' id='line_1_17' title="bbox 520 2018 2759 2097; baseline -0.001 -17"><span class='ocrx_word' id='word_1_136' title='bbox 520 2018 938 2097; x_wconf 80' lang='lat' dir='ltr'>explicandum</span> <span class='ocrx_word' id='word_1_137' title='bbox 1000 2019 1105 2086; x_wconf 72' lang='lat' dir='ltr'>sit,</span> <span class='ocrx_word' id='word_1_138' title='bbox 1164 2038 1344 2097; x_wconf 87' lang='lat' dir='ltr'>quum</span> <span class='ocrx_word' id='word_1_139' title='bbox 1413 2020 1850 2097; x_wconf 78' lang='lat' dir='ltr'>Aristophanes</span> <span class='ocrx_word' id='word_1_140' title='bbox 1910 2018 2163 2080; x_wconf 86' lang='lat' dir='ltr'>subinde</span> <span class='ocrx_word' id='word_1_141' title='bbox 2225 2037 2343 2079; x_wconf 89' lang='lat' dir='ltr'>non</span> <span class='ocrx_word' id='word_1_142' title='bbox 2406 2018 2599 2095; x_wconf 87' lang='lat' dir='ltr'>primo</span> <span class='ocrx_word' id='word_1_143' title='bbox 2656 2018 2759 2078; x_wconf 89' lang='lat' dir='ltr'>sed</span> 
     </span>
     <span class='ocr_line' id='line_1_18' title="bbox 519 2119 2762 2200; baseline -0 -19"><span class='ocrx_word' id='word_1_144' title='bbox 519 2121 789 2182; x_wconf 87' lang='lat' dir='ltr'>secundo</span> <span class='ocrx_word' id='word_1_145' title='bbox 833 2121 965 2181; x_wconf 90' lang='lat' dir='ltr'>loco</span> <span class='ocrx_word' id='word_1_146' title='bbox 1012 2121 1334 2182; x_wconf 84' lang='lat' dir='ltr'>collocatus</span> <span class='ocrx_word' id='word_1_147' title='bbox 1388 2122 1490 2198; x_wconf 89' lang='lat' dir='ltr'>sit,</span> <span class='ocrx_word' id='word_1_148' title='bbox 1548 2120 1773 2182; x_wconf 86' lang='lat' dir='ltr'>frustra</span> <span class='ocrx_word' id='word_1_149' title='bbox 1817 2120 2106 2200; x_wconf 84' lang='lat' dir='ltr'>indagare</span> <span class='ocrx_word' id='word_1_150' title='bbox 2150 2119 2375 2198; x_wconf 81' lang='lat' dir='ltr'>studui3</span> <span class='ocrx_word' id='word_1_151' title='bbox 2436 2124 2600 2181; x_wconf 91' lang='lat' dir='ltr'>certe</span> <span class='ocrx_word' id='word_1_152' title='bbox 2641 2139 2762 2181; x_wconf 89' lang='lat' dir='ltr'>non</span> 
     </span>
     <span class='ocr_line' id='line_1_19' title="bbox 520 2221 2762 2302; baseline 0 -18"><span class='ocrx_word' id='word_1_153' title='bbox 520 2226 577 2284; x_wconf 87' lang='lat' dir='ltr'>in</span> <span class='ocrx_word' id='word_1_154' title='bbox 641 2222 942 2284; x_wconf 86' lang='lat' dir='ltr'>Welckeri</span> <span class='ocrx_word' id='word_1_155' title='bbox 1004 2225 1405 2302; x_wconf 82' lang='lat' dir='ltr'>explicatione</span> <span class='ocrx_word' id='word_1_156' title='bbox 1469 2224 1967 2299; x_wconf 77' lang='lat' dir='ltr'>acquiescendum</span> <span class='ocrx_word' id='word_1_157' title='bbox 2032 2224 2172 2301; x_wconf 83' lang='lat' dir='ltr'>erit,</span> <span class='ocrx_word' id='word_1_158' title='bbox 2233 2224 2338 2302; x_wconf 89' lang='lat' dir='ltr'>qui</span> <span class='ocrx_word' id='word_1_159' title='bbox 2391 2221 2522 2297; x_wconf 88' lang='lat' dir='ltr'>(1.l.</span> <span class='ocrx_word' id='word_1_160' title='bbox 2569 2242 2625 2300; x_wconf 88' lang='lat' dir='ltr'>p.</span> <span class='ocrx_word' id='word_1_161' title='bbox 2656 2222 2762 2296; x_wconf 88' lang='lat'>81)</span> 
     </span>
     <span class='ocr_line' id='line_1_20' title="bbox 521 2319 2763 2405; baseline -0.001 -18"><span class='ocrx_word' id='word_1_162' title='bbox 521 2327 663 2387; x_wconf 87' lang='lat' dir='ltr'>illud</span> <span class='ocrx_word' id='word_1_163' title='bbox 712 2319 1045 2405; x_wconf 75' lang='grc' dir='ltr'><em>,,ἒνίκησε“</em></span> <span class='ocrx_word' id='word_1_164' title='bbox 1091 2327 1366 2403; x_wconf 84' lang='lat' dir='ltr'>ambigue</span> <span class='ocrx_word' id='word_1_165' title='bbox 1400 2335 1752 2404; x_wconf 86' lang='lat' dir='ltr'>usurpatum</span> <span class='ocrx_word' id='word_1_166' title='bbox 1802 2344 1935 2387; x_wconf 88' lang='lat' dir='ltr'>esse</span> <span class='ocrx_word' id='word_1_167' title='bbox 1980 2325 2171 2404; x_wconf 80' lang='lat' dir='ltr'>dic&#39;at3</span> <span class='ocrx_word' id='word_1_168' title='bbox 2218 2344 2373 2387; x_wconf 89' lang='lat' dir='ltr'>nova</span> <span class='ocrx_word' id='word_1_169' title='bbox 2419 2326 2763 2405; x_wconf 86' lang='lat' dir='ltr'>conjectura</span> 
     </span>
     <span class='ocr_line' id='line_1_21' title="bbox 520 2427 2760 2508; baseline 0 -19"><span class='ocrx_word' id='word_1_170' title='bbox 520 2430 715 2490; x_wconf 87' lang='lat' dir='ltr'>locum</span> <span class='ocrx_word' id='word_1_171' title='bbox 763 2429 1272 2508; x_wconf 87' lang='lat' dir='ltr'>corruptissimum</span> <span class='ocrx_word' id='word_1_172' title='bbox 1320 2433 1552 2490; x_wconf 88' lang='lat' dir='ltr'>tentare</span> <span class='ocrx_word' id='word_1_173' title='bbox 1599 2448 1716 2490; x_wconf 85' lang='lat' dir='ltr'>nou</span> <span class='ocrx_word' id='word_1_174' title='bbox 1766 2448 1948 2490; x_wconf 85' lang='lat' dir='ltr'>ausus</span> <span class='ocrx_word' id='word_1_175' title='bbox 1993 2448 2154 2507; x_wconf 81' lang='lat' dir='ltr'>sum3</span> <span class='ocrx_word' id='word_1_176' title='bbox 2198 2427 2478 2490; x_wconf 81' lang='lat' dir='ltr'>Meinekii</span> <span class='ocrx_word' id='word_1_177' title='bbox 2527 2429 2760 2508; x_wconf 86' lang='lat' dir='ltr'>conjec-</span> 
     </span>
     <span class='ocr_line' id='line_1_22' title="bbox 520 2531 2765 2610; baseline 0.001 -20"><span class='ocrx_word' id='word_1_178' title='bbox 520 2537 714 2593; x_wconf 84' lang='lat' dir='ltr'>turam</span> <span class='ocrx_word' id='word_1_179' title='bbox 759 2533 906 2592; x_wconf 90' lang='lat' dir='ltr'>satis</span> <span class='ocrx_word' id='word_1_180' title='bbox 946 2532 1265 2592; x_wconf 84' lang='lat' dir='ltr'>violentam</span> <span class='ocrx_word' id='word_1_181' title='bbox 1303 2533 1429 2610; x_wconf 87' lang='lat' dir='ltr'>jam</span> <span class='ocrx_word' id='word_1_182' title='bbox 1477 2536 1800 2610; x_wconf 88' lang='lat' dir='ltr'>propterea</span> <span class='ocrx_word' id='word_1_183' title='bbox 1844 2531 2127 2610; x_wconf 87' lang='lat' dir='ltr'>improbo,</span> <span class='ocrx_word' id='word_1_184' title='bbox 2173 2533 2335 2609; x_wconf 89' lang='lat' dir='ltr'>quod</span> <span class='ocrx_word' id='word_1_185' title='bbox 2382 2550 2515 2592; x_wconf 91' lang='lat' dir='ltr'>cum</span> <span class='ocrx_word' id='word_1_186' title='bbox 2551 2532 2765 2592; x_wconf 88' lang='lat' dir='ltr'>ceteris</span> 
     </span>
     <span class='ocr_line' id='line_1_23' title="bbox 524 2621 2764 2715; baseline -0 -21"><span class='ocrx_word' id='word_1_187' title='bbox 524 2640 833 2712; x_wconf 89' lang='lat' dir='ltr'>utramque</span> <span class='ocrx_word' id='word_1_188' title='bbox 897 2653 1129 2711; x_wconf 87' lang='lat' dir='ltr'>vocem,</span> <span class='ocrx_word' id='word_1_189' title='bbox 1183 2621 1426 2715; x_wconf 80' lang='grc' dir='ltr'><em>Ἑρμῆν</em></span> <span class='ocrx_word' id='word_1_190' title='bbox 1489 2640 1542 2693; x_wconf 79' lang='lat' dir='ltr'>et</span> <span class='ocrx_word' id='word_1_191' title='bbox 1614 2623 2038 2713; x_wconf 81' lang='grc' dir='ltr'>λοιοκρότης,</span> <span class='ocrx_word' id='word_1_192' title='bbox 2104 2653 2221 2694; x_wconf 90' lang='lat' dir='ltr'>non</span> <span class='ocrx_word' id='word_1_193' title='bbox 2290 2636 2364 2695; x_wconf 92' lang='lat' dir='ltr'>ab</span> <span class='ocrx_word' id='word_1_194' title='bbox 2427 2635 2764 2709; x_wconf 85' lang='lat' dir='ltr'>argumenti</span> 
     </span>
     <span class='ocr_line' id='line_1_24' title="bbox 521 2736 1414 2814; baseline 0 -17"><span class='ocrx_word' id='word_1_195' title='bbox 521 2741 770 2797; x_wconf 90' lang='lat' dir='ltr'>auctore</span> <span class='ocrx_word' id='word_1_196' title='bbox 815 2738 1099 2814; x_wconf 80' lang='lat' dir='ltr'>scriptam</span> <span class='ocrx_word' id='word_1_197' title='bbox 1145 2736 1414 2798; x_wconf 86' lang='lat' dir='ltr'>censeo.“</span> 
     </span>
    </p>

    <p class='ocr_par' dir='ltr' id='par_1_3' title="bbox 523 2840 2832 4361">
     <span class='ocr_line' id='line_1_25' title="bbox 693 2840 2791 2918; baseline 0 -18"><span class='ocrx_word' id='word_1_198' title='bbox 693 2841 1075 2918; x_wconf 88' lang='lat' dir='ltr'>Propositum</span> <span class='ocrx_word' id='word_1_199' title='bbox 1138 2840 1277 2901; x_wconf 91' lang='lat' dir='ltr'>mihi</span> <span class='ocrx_word' id='word_1_200' title='bbox 1323 2846 1453 2901; x_wconf 89' lang='lat' dir='ltr'>erat</span> <span class='ocrx_word' id='word_1_201' title='bbox 1515 2841 1718 2918; x_wconf 88' lang='lat' dir='ltr'>priore</span> <span class='ocrx_word' id='word_1_202' title='bbox 1763 2840 2274 2902; x_wconf 83' lang='lat' dir='ltr'>commentationis</span> <span class='ocrx_word' id='word_1_203' title='bbox 2342 2846 2516 2918; x_wconf 89' lang='lat' dir='ltr'>parte</span> <span class='ocrx_word' id='word_1_204' title='bbox 2561 2841 2636 2902; x_wconf 90' lang='lat' dir='ltr'>de</span> <span class='ocrx_word' id='word_1_205' title='bbox 2696 2840 2791 2900; x_wconf 90' lang='lat' dir='ltr'>iis</span> 
     </span>
     <span class='ocr_line' id='line_1_26' title="bbox 524 2943 2766 3023; baseline 0 -19"><span class='ocrx_word' id='word_1_206' title='bbox 524 2944 830 3021; x_wconf 88' lang='lat' dir='ltr'>disputare</span> <span class='ocrx_word' id='word_1_207' title='bbox 861 2944 1302 3021; x_wconf 86' lang='lat' dir='ltr'>tragoediarum</span> <span class='ocrx_word' id='word_1_208' title='bbox 1339 2949 1398 3003; x_wconf 91' lang='lat' dir='ltr'>et</span> <span class='ocrx_word' id='word_1_209' title='bbox 1430 2943 1872 3005; x_wconf 80' lang='lat' dir='ltr'>comoediarum</span> <span class='ocrx_word' id='word_1_210' title='bbox 1908 2944 2228 3023; x_wconf 87' lang='lat' dir='ltr'>actoribus,</span> <span class='ocrx_word' id='word_1_211' title='bbox 2272 2944 2377 3022; x_wconf 87' lang='lat' dir='ltr'>qui</span> <span class='ocrx_word' id='word_1_212' title='bbox 2403 2943 2487 3005; x_wconf 87' lang='lat' dir='ltr'>ita</span> <span class='ocrx_word' id='word_1_213' title='bbox 2516 2961 2766 3004; x_wconf 91' lang='lat' dir='ltr'>comme-</span> 
     </span>
     <span class='ocr_line' id='line_1_27' title="bbox 523 3046 2768 3126; baseline 0 -20"><span class='ocrx_word' id='word_1_214' title='bbox 523 3051 846 3125; x_wconf 87' lang='lat' dir='ltr'>morantur,</span> <span class='ocrx_word' id='word_1_215' title='bbox 907 3049 975 3107; x_wconf 88' lang='lat' dir='ltr'>ut</span> <span class='ocrx_word' id='word_1_216' title='bbox 1035 3047 1290 3124; x_wconf 87' lang='lat' dir='ltr'>quisque</span> <span class='ocrx_word' id='word_1_217' title='bbox 1353 3066 1552 3107; x_wconf 86' lang='lat' dir='ltr'>eornm</span> <span class='ocrx_word' id='word_1_218' title='bbox 1606 3048 1782 3107; x_wconf 88' lang='lat' dir='ltr'>unius</span> <span class='ocrx_word' id='word_1_219' title='bbox 1840 3047 2211 3125; x_wconf 89' lang='lat' dir='ltr'>potissimum</span> <span class='ocrx_word' id='word_1_220' title='bbox 2260 3050 2476 3126; x_wconf 87' lang='lat' dir='ltr'>poetae</span> <span class='ocrx_word' id='word_1_221' title='bbox 2536 3046 2768 3107; x_wconf 79' lang='lat' dir='ltr'>fabulas</span> 
     </span>
     <span class='ocr_line' id='line_1_28' title="bbox 525 3149 2768 3227; baseline -0 -17"><span class='ocrx_word' id='word_1_222' title='bbox 525 3151 719 3227; x_wconf 85' lang='lat' dir='ltr'>egisse</span> <span class='ocrx_word' id='word_1_223' title='bbox 762 3150 1054 3212; x_wconf 80' lang='lat' dir='ltr'>videatur.</span> <span class='ocrx_word' id='word_1_224' title='bbox 1144 3151 1253 3212; x_wconf 85' lang='lat' dir='ltr'>Oui</span> <span class='ocrx_word' id='word_1_225' title='bbox 1299 3151 1561 3226; x_wconf 85' lang='lat' dir='ltr'>muneri,</span> <span class='ocrx_word' id='word_1_226' title='bbox 1622 3168 1802 3227; x_wconf 85' lang='lat' dir='ltr'>quum</span> <span class='ocrx_word' id='word_1_227' title='bbox 1868 3168 2268 3227; x_wconf 80' lang='lat' dir='ltr'>quaecunque</span> <span class='ocrx_word' id='word_1_228' title='bbox 2326 3149 2404 3212; x_wconf 87' lang='lat' dir='ltr'>de</span> <span class='ocrx_word' id='word_1_229' title='bbox 2465 3151 2579 3211; x_wconf 81' lang='lat' dir='ltr'>iliis</span> <span class='ocrx_word' id='word_1_230' title='bbox 2623 3150 2768 3209; x_wconf 84' lang='lat' dir='ltr'>viris</span> 
     </span>
     <span class='ocr_line' id='line_1_29' title="bbox 525 3251 2769 3331; baseline -0 -19"><span class='ocrx_word' id='word_1_231' title='bbox 525 3252 742 3312; x_wconf 82' lang='lat' dir='ltr'>tradita</span> <span class='ocrx_word' id='word_1_232' title='bbox 800 3256 941 3313; x_wconf 91' lang='lat' dir='ltr'>sunt</span> <span class='ocrx_word' id='word_1_233' title='bbox 1001 3254 1430 3331; x_wconf 79' lang='lat' dir='ltr'>congesserim,</span> <span class='ocrx_word' id='word_1_234' title='bbox 1493 3251 1851 3314; x_wconf 82' lang='lat' dir='ltr'>satisfecisse</span> <span class='ocrx_word' id='word_1_235' title='bbox 1901 3252 2041 3313; x_wconf 88' lang='lat' dir='ltr'>mihi</span> <span class='ocrx_word' id='word_1_236' title='bbox 2103 3251 2328 3314; x_wconf 87' lang='lat' dir='ltr'>videor.</span> <span class='ocrx_word' id='word_1_237' title='bbox 2416 3254 2769 3329; x_wconf 88' lang='lat' dir='ltr'>Histriones,</span> 
     </span>
     <span class='ocr_line' id='line_1_30' title="bbox 526 3339 2832 3433; baseline -0 -18"><span class='ocrx_word' id='word_1_238' title='bbox 526 3374 679 3433; x_wconf 89' lang='lat' dir='ltr'>quos</span> <span class='ocrx_word' id='word_1_239' title='bbox 735 3355 934 3416; x_wconf 89' lang='lat' dir='ltr'>adhuc</span> <span class='ocrx_word' id='word_1_240' title='bbox 979 3356 1348 3433; x_wconf 83' lang='lat' dir='ltr'>enumeravi,</span> <span class='ocrx_word' id='word_1_241' title='bbox 1408 3356 1719 3415; x_wconf 81' lang='lat' dir='ltr'>maximam</span> <span class='ocrx_word' id='word_1_242' title='bbox 1776 3359 2002 3432; x_wconf 87' lang='lat' dir='ltr'>partem</span> <span class='ocrx_word' id='word_1_243' title='bbox 2048 3353 2258 3415; x_wconf 88' lang='lat' dir='ltr'>eadem</span> <span class='ocrx_word' id='word_1_244' title='bbox 2321 3359 2518 3416; x_wconf 88' lang='lat' dir='ltr'>aetate</span> <span class='ocrx_word' id='word_1_245' title='bbox 2575 3360 2764 3416; x_wconf 80' lang='lat' dir='ltr'>artem</span> <span class='ocrx_word' id='word_1_246' title='bbox 2822 3339 2832 3347; x_wconf 50' lang='lat'><em>⁶</em></span> 
     </span>
     <span class='ocr_line' id='line_1_31' title="bbox 531 3456 2770 3535; baseline 0 -18"><span class='ocrx_word' id='word_1_247' title='bbox 531 3475 696 3518; x_wconf 89' lang='lat' dir='ltr'>suam</span> <span class='ocrx_word' id='word_1_248' title='bbox 729 3462 1142 3535; x_wconf 85' lang='lat' dir='ltr'>exercuerunt,</span> <span class='ocrx_word' id='word_1_249' title='bbox 1189 3475 1309 3535; x_wconf 89' lang='lat' dir='ltr'>qna</span> <span class='ocrx_word' id='word_1_250' title='bbox 1338 3457 1486 3518; x_wconf 83' lang='lat' dir='ltr'>artis</span> <span class='ocrx_word' id='word_1_251' title='bbox 1517 3456 1787 3534; x_wconf 82' lang='lat' dir='ltr'>poeticae</span> <span class='ocrx_word' id='word_1_252' title='bbox 1834 3457 2139 3534; x_wconf 86' lang='lat' dir='ltr'>principes</span> <span class='ocrx_word' id='word_1_253' title='bbox 2171 3457 2423 3518; x_wconf 88' lang='lat' dir='ltr'>Athenis</span> <span class='ocrx_word' id='word_1_254' title='bbox 2461 3458 2770 3519; x_wconf 86' lang='lat' dir='ltr'>florebant.</span> 
     </span>
     <span class='ocr_line' id='line_1_32' title="bbox 528 3559 2765 3639; baseline 0 -19"><span class='ocrx_word' id='word_1_255' title='bbox 528 3561 698 3634; x_wconf 82' lang='lat' dir='ltr'>Quae</span> <span class='ocrx_word' id='word_1_256' title='bbox 728 3560 805 3620; x_wconf 88' lang='lat' dir='ltr'>de</span> <span class='ocrx_word' id='word_1_257' title='bbox 836 3561 908 3621; x_wconf 89' lang='lat' dir='ltr'>iis</span> <span class='ocrx_word' id='word_1_258' title='bbox 953 3561 1228 3621; x_wconf 89' lang='lat' dir='ltr'>audimus</span> <span class='ocrx_word' id='word_1_259' title='bbox 1267 3560 1583 3622; x_wconf 79' lang='lat' dir='ltr'>admodum</span> <span class='ocrx_word' id='word_1_260' title='bbox 1618 3579 1812 3638; x_wconf 88' lang='lat' dir='ltr'>pauca</span> <span class='ocrx_word' id='word_1_261' title='bbox 1839 3566 1999 3638; x_wconf 87' lang='lat' dir='ltr'>sunt,</span> <span class='ocrx_word' id='word_1_262' title='bbox 2041 3564 2108 3621; x_wconf 90' lang='lat' dir='ltr'>ut</span> <span class='ocrx_word' id='word_1_263' title='bbox 2136 3559 2411 3639; x_wconf 86' lang='lat' dir='ltr'>vidimus,</span> <span class='ocrx_word' id='word_1_264' title='bbox 2455 3563 2515 3621; x_wconf 89' lang='lat' dir='ltr'>et</span> <span class='ocrx_word' id='word_1_265' title='bbox 2556 3579 2765 3638; x_wconf 89' lang='lat' dir='ltr'>parum</span> 
     </span>
     <span class='ocr_line' id='line_1_33' title="bbox 529 3662 2768 3743; baseline 0.001 -21"><span class='ocrx_word' id='word_1_266' title='bbox 529 3667 704 3722; x_wconf 84' lang='lat' dir='ltr'>certa.</span> <span class='ocrx_word' id='word_1_267' title='bbox 796 3664 886 3723; x_wconf 84' lang='lat' dir='ltr'>Ex</span> <span class='ocrx_word' id='word_1_268' title='bbox 914 3681 1034 3739; x_wconf 88' lang='lat' dir='ltr'>quo</span> <span class='ocrx_word' id='word_1_269' title='bbox 1079 3666 1349 3741; x_wconf 89' lang='lat' dir='ltr'>tempore</span> <span class='ocrx_word' id='word_1_270' title='bbox 1396 3667 1614 3741; x_wconf 87' lang='lat' dir='ltr'>poetae</span> <span class='ocrx_word' id='word_1_271' title='bbox 1646 3662 2030 3740; x_wconf 87' lang='lat' dir='ltr'>ignobiliores</span> <span class='ocrx_word' id='word_1_272' title='bbox 2075 3681 2423 3725; x_wconf 85' lang='lat' dir='ltr'>successere</span> <span class='ocrx_word' id='word_1_273' title='bbox 2466 3667 2528 3725; x_wconf 91' lang='lat' dir='ltr'>et</span> <span class='ocrx_word' id='word_1_274' title='bbox 2553 3666 2768 3743; x_wconf 86' lang='lat' dir='ltr'>poetae</span> 
     </span>
     <span class='ocr_line' id='line_1_34' title="bbox 528 3765 2772 3843; baseline 0.001 -19"><span class='ocrx_word' id='word_1_275' title='bbox 528 3768 639 3843; x_wconf 91' lang='lat' dir='ltr'>ipsi</span> <span class='ocrx_word' id='word_1_276' title='bbox 686 3767 928 3843; x_wconf 88' lang='lat' dir='ltr'>ingenio</span> <span class='ocrx_word' id='word_1_277' title='bbox 974 3766 1132 3826; x_wconf 89' lang='lat' dir='ltr'>haud</span> <span class='ocrx_word' id='word_1_278' title='bbox 1195 3767 1446 3826; x_wconf 79' lang='lat' dir='ltr'>multum</span> <span class='ocrx_word' id='word_1_279' title='bbox 1495 3767 1799 3837; x_wconf 86' lang='lat' dir='ltr'>valebant,</span> <span class='ocrx_word' id='word_1_280' title='bbox 1857 3765 2193 3827; x_wconf 84' lang='lat' dir='ltr'>fabularum</span> <span class='ocrx_word' id='word_1_281' title='bbox 2239 3771 2508 3828; x_wconf 86' lang='lat' dir='ltr'>actorum</span> <span class='ocrx_word' id='word_1_282' title='bbox 2570 3785 2665 3827; x_wconf 86' lang='lat' dir='ltr'>ars</span> <span class='ocrx_word' id='word_1_283' title='bbox 2710 3770 2772 3827; x_wconf 88' lang='lat' dir='ltr'>et</span> 
     </span>
     <span class='ocr_line' id='line_1_35' title="bbox 529 3851 2769 3948; baseline -0.001 -19"><span class='ocrx_word' id='word_1_284' title='bbox 529 3869 678 3930; x_wconf 85' lang='lat' dir='ltr'>ordo</span> <span class='ocrx_word' id='word_1_285' title='bbox 734 3851 1102 3930; x_wconf 80' lang='lat' dir='ltr'>incrementa</span> <span class='ocrx_word' id='word_1_286' title='bbox 1162 3873 1453 3947; x_wconf 88' lang='lat' dir='ltr'>ceperunt</span> <span class='ocrx_word' id='word_1_287' title='bbox 1510 3870 1736 3948; x_wconf 86' lang='lat' dir='ltr'>maj0ra</span> <span class='ocrx_word' id='word_1_288' title='bbox 1794 3868 1893 3943; x_wconf 88' lang='lat' dir='ltr'>(cf.</span> <span class='ocrx_word' id='word_1_289' title='bbox 1959 3869 2198 3930; x_wconf 87' lang='lat' dir='ltr'>Aristot.</span> <span class='ocrx_word' id='word_1_290' title='bbox 2243 3870 2415 3930; x_wconf 87' lang='lat' dir='ltr'>Rhet.</span> <span class='ocrx_word' id='word_1_291' title='bbox 2459 3870 2565 3948; x_wconf 87' lang='lat'>111,</span> <span class='ocrx_word' id='word_1_292' title='bbox 2614 3874 2667 3947; x_wconf 91' lang='lat'>1,</span> <span class='ocrx_word' id='word_1_293' title='bbox 2698 3873 2769 3929; x_wconf 87' lang='lat'>4:</span> 
     </span>
     <span class='ocr_line' id='line_1_36' title="bbox 529 3958 2777 4053; baseline 0 -21"><span class='ocrx_word' id='word_1_294' title='bbox 529 4006 630 4052; x_wconf 89' lang='lat'>„—-</span> <span class='ocrx_word' id='word_1_295' title='bbox 689 3971 919 4052; x_wconf 76' lang='grc' dir='ltr'>μεῖζον</span> <span class='ocrx_word' id='word_1_296' title='bbox 981 3958 1308 4032; x_wconf 78' lang='grc' dir='ltr'>δύνανται</span> <span class='ocrx_word' id='word_1_297' title='bbox 1367 3970 1492 4032; x_wconf 80' lang='grc' dir='ltr'>νῦν</span> <span class='ocrx_word' id='word_1_298' title='bbox 1535 3969 1676 4031; x_wconf 84' lang='grc' dir='ltr'>τῶν</span> <span class='ocrx_word' id='word_1_299' title='bbox 1733 3968 2042 4053; x_wconf 79' lang='grc' dir='ltr'><em>ποιητῶν</em></span> <span class='ocrx_word' id='word_1_300' title='bbox 2101 3963 2167 4032; x_wconf 80' lang='grc' dir='ltr'>οὶ</span> <span class='ocrx_word' id='word_1_301' title='bbox 2210 3959 2652 4051; x_wconf 72' lang='grc' dir='ltr'><strong>ιῖ·ποκριταί.“)</strong></span> <span class='ocrx_word' id='word_1_302' title='bbox 2712 3978 2777 4033; x_wconf 90' lang='lat' dir='ltr'>et</span> 
     </span>
     <span class='ocr_line' id='line_1_37' title="bbox 532 4075 2773 4155; baseline -0.002 -18"><span class='ocrx_word' id='word_1_303' title='bbox 532 4096 685 4155; x_wconf 88' lang='lat' dir='ltr'>quae</span> <span class='ocrx_word' id='word_1_304' title='bbox 744 4078 884 4136; x_wconf 85' lang='lat' dir='ltr'>ante</span> <span class='ocrx_word' id='word_1_305' title='bbox 942 4076 1000 4134; x_wconf 91' lang='lat' dir='ltr'>id</span> <span class='ocrx_word' id='word_1_306' title='bbox 1064 4082 1300 4153; x_wconf 91' lang='lat' dir='ltr'>tempus</span> <span class='ocrx_word' id='word_1_307' title='bbox 1357 4077 1511 4136; x_wconf 87' lang='lat' dir='ltr'>inter</span> <span class='ocrx_word' id='word_1_308' title='bbox 1567 4081 1777 4154; x_wconf 85' lang='lat' dir='ltr'>poetas</span> <span class='ocrx_word' id='word_1_309' title='bbox 1834 4080 1894 4135; x_wconf 87' lang='lat' dir='ltr'>et</span> <span class='ocrx_word' id='word_1_310' title='bbox 1954 4075 2273 4137; x_wconf 85' lang='lat' dir='ltr'>histriones</span> <span class='ocrx_word' id='word_1_311' title='bbox 2349 4076 2773 4136; x_wconf 83' lang='lat' dir='ltr'>intercesserat</span> 
     </span>
     <span class='ocr_line' id='line_1_38' title="bbox 531 4177 2770 4256; baseline -0.001 -17"><span class='ocrx_word' id='word_1_312' title='bbox 531 4179 682 4239; x_wconf 82' lang='lat' dir='ltr'>ratio</span> <span class='ocrx_word' id='word_1_313' title='bbox 747 4178 934 4256; x_wconf 88' lang='lat' dir='ltr'>magis</span> <span class='ocrx_word' id='word_1_314' title='bbox 992 4180 1302 4256; x_wconf 86' lang='lat' dir='ltr'>magisque</span> <span class='ocrx_word' id='word_1_315' title='bbox 1363 4181 1590 4239; x_wconf 88' lang='lat' dir='ltr'>mutata</span> <span class='ocrx_word' id='word_1_316' title='bbox 1653 4177 1894 4239; x_wconf 86' lang='lat' dir='ltr'>videtur</span> <span class='ocrx_word' id='word_1_317' title='bbox 1952 4194 2116 4248; x_wconf 89' lang='lat' dir='ltr'>esse;</span> <span class='ocrx_word' id='word_1_318' title='bbox 2197 4177 2518 4238; x_wconf 78' lang='lat' dir='ltr'>histriones</span> <span class='ocrx_word' id='word_1_319' title='bbox 2577 4179 2770 4237; x_wconf 88' lang='lat' dir='ltr'>aetate</span> 
     </span>
     <span class='ocr_line' id='line_1_39' title="bbox 532 4279 2769 4361; baseline -0.002 -19"><span class='ocrx_word' id='word_1_320' title='bbox 532 4282 893 4361; x_wconf 87' lang='lat' dir='ltr'>posteriores</span> <span class='ocrx_word' id='word_1_321' title='bbox 945 4281 1295 4359; x_wconf 89' lang='lat' dir='ltr'>plerumque</span> <span class='ocrx_word' id='word_1_322' title='bbox 1365 4280 1449 4341; x_wconf 87' lang='lat' dir='ltr'>ita</span> <span class='ocrx_word' id='word_1_323' title='bbox 1508 4283 2059 4351; x_wconf 86' lang='lat' dir='ltr'>commemorantur,</span> <span class='ocrx_word' id='word_1_324' title='bbox 2123 4284 2188 4340; x_wconf 90' lang='lat' dir='ltr'>ut</span> <span class='ocrx_word' id='word_1_325' title='bbox 2232 4298 2347 4339; x_wconf 93' lang='lat' dir='ltr'>non</span> <span class='ocrx_word' id='word_1_326' title='bbox 2402 4280 2530 4357; x_wconf 76' lang='lat' dir='ltr'>Jam</span> <span class='ocrx_word' id='word_1_327' title='bbox 2589 4279 2769 4339; x_wconf 88' lang='lat' dir='ltr'>certis</span> 
     </span>
    </p>
   </div>
  </div>
 </body>
</html>
