3166 4871
583 287 703 346 ’110
1575 279 1845 335 Zacher

581 456 666 539 γῆ
698 464 791 520 661
827 460 891 520 111
922 459 1140 519 Iliade:
1189 457 1254 518 Γ
1275 456 1411 537 104,
1463 458 1517 518 Τ
1537 455 1682 537 259,
1729 456 1790 518 Φ
1814 455 1914 536 63,
1959 460 2197 535 saepius
2224 458 2285 518 in
2317 455 2593 535 Odyssea
2627 455 2665 515 λ
2694 453 2829 534 166,

581 559 725 641 301,
769 559 926 638 481,
982 578 1028 639 μ
1055 559 1153 639 27,
1198 558 1405 639 11233,
1450 559 1657 640 0237,
1702 557 1935 639 1122333
2002 561 2347 638 saepissime
2391 562 2452 621 in
2498 560 2829 620 minoribus

581 684 760 742 quac.
798 667 1059 725 Homero
1121 665 1467 725 tribuuntur
1528 664 1917 725 carminibus:
1984 665 2150 724 Batr.
2206 659 2309 741 60,
2369 663 2428 723 11.
2487 664 2549 722 111
2611 662 2830 723 Bacch.

583 766 685 844 44,
731 769 785 826 h.
816 765 916 844 41,
955 765 1017 845 1;
1061 751 1341 847 γηγενής
1385 769 1548 827 Batr.
1579 765 1637 825 7.
1724 766 1915 827 Multo
1964 767 2205 843 saepius
2239 766 2365 844 jam
2411 765 2571 842 apud
2618 765 2828 826 Hesio·

582 871 754 931 dum:
820 868 932 946 Op.
988 866 1129 928 228.
1191 866 1333 930 563.
1396 867 1538 931 623.
1604 870 1837 947 Theog.
1886 866 2022 928 106.
2082 865 2226 928 679.
2284 864 2426 928 720.
2487 864 2628 927 721.
2689 863 2831 927 728.

585 970 727 1032 736.
773 969 913 1032 762.
959 967 1101 1032 790.
1147 968 1286 1031 807.
1333 969 1475 1033 972.
1562 973 1741 1051 Apud
1801 974 2065 1050 tragicos
2123 974 2503 1048 comicosque
2561 975 2623 1030 et
2675 976 2833 1049 γαῖα

584 1080 645 1135 61
690 1072 770 1155 γῆ
815 1083 874 1135 61
916 1072 999 1153 γᾶ
1045 1077 1380 1136 inveneris:
1425 1077 1726 1154 „doricum
1772 1081 1970 1135 tamen
2017 1072 2102 1155 γᾶ
2146 1076 2408 1135 alienum
2439 1074 2516 1134 ab
2545 1072 2834 1134 diverbiis

585 1179 966 1254 tragicorum.
1074 1179 1294 1238 Comici
1353 1180 1668 1255 vulgarem
1728 1182 2052 1254 sequentes
2111 1195 2443 1239 sermonem
2504 1175 2697 1238 forma
2752 1172 2834 1255 γῆ

589 1286 856 1357 utuntur,
903 1285 1058 1360 γαῖα
1104 1288 1163 1340 61
1206 1277 1291 1358 γᾶ
1334 1283 1572 1342 nonnisi
1619 1283 1681 1341 in
1727 1281 1950 1341 melicis
1994 1280 2336 1341 fabularum
2380 1280 2656 1357 partibus
2700 1297 2831 1339 ver·

587 1384 872 1459 sibusque
920 1384 1251 1462 dactylicis,
1294 1385 1393 1444 vcl
1441 1385 1540 1444 ubi
1578 1386 1871 1461 tragicam
1904 1384 2225 1444 dictionem
2250 1383 2580 1461 imitantur,
2624 1382 2831 1443 admit·

585 1478 816 1545 tentes“
860 1486 928 1546 G.
973 1486 1154 1546 Dind.
1199 1488 1259 1547 in
1305 1486 1456 1547 thes.
1543 1489 1667 1547 Iam
1717 1488 1766 1547 si
1812 1486 2172 1564 quaerimus,
2217 1487 2321 1564 qui
2361 1485 2586 1547 factum
2630 1485 2724 1560 sit,
2769 1491 2836 1546 ut

589 1607 662 1646 ex
727 1589 917 1647 forma
971 1589 1272 1665 primitiva
1327 1594 1486 1668 γαῖα
1538 1591 1599 1649 111
1655 1590 1798 1650 Iade
1845 1593 1905 1651 et
1948 1589 2195 1650 Atthide
2242 1588 2461 1649 sactum
2508 1587 2584 1647 sit
2626 1583 2731 1666 γῆ,
2776 1586 2834 1646 111

589 1692 806 1750 ceteris
851 1690 1121 1750 dialectis
1168 1689 1272 1770 γᾶ,
1318 1711 1393 1752 ex
1437 1693 1568 1771 ipso
1615 1692 1850 1770 quidem
1896 1698 2051 1770 γαῖα
2092 1711 2203 1771 per
2245 1691 2717 1751 contractionem
2755 1685 2835 1769 γῆ
2954 1725 2969 1730 -

587 1793 810 1853 factum
856 1812 988 1871 esse
1032 1796 1257 1871 nequit,
1303 1814 1437 1854 nam
1483 1797 1540 1855 in
1588 1797 1789 1855 Attica
1833 1794 2074 1872 quidem
2120 1795 2396 1871 dialecto,
2442 1796 2510 1852 ut
2546 1811 2624 1852 ex
2651 1775 2832 1870 Ἀθη·

591 1891 745 1954 vala
806 1896 1031 1956 factum
1092 1901 1182 1957 661
1227 1882 1496 1976 Ἀθηνᾶ,
1558 1899 2005 1976 exspectaveris
2062 1896 2361 1975 prodiisse
2419 1894 2669 1956 formam
2729 1890 2831 1972 γᾶ.

593 1999 842 2061 Accedit
883 2001 1064 2059 turba
1107 2002 1570 2079 compositorum
1627 2003 1688 2061 in
1749 2017 1963 2079 -ystog
2005 2002 2104 2061 vel
2162 2016 2359 2078 -γεως
2417 1998 2836 2073 desinentium,

591 2120 747 2180 qnae
807 2103 1106 2180 quomodo
1166 2123 1241 2163 ex
1301 2109 1457 2182 γαῖα
1514 2105 1789 2165 derivata
1832 2122 1965 2164 esse
2008 2104 2259 2181 possint,
2302 2121 2424 2164 non
2470 2100 2837 2177 intelligitur.

595 2208 801 2281 Itaque
866 2225 984 2265 non
1039 2208 1241 2283 inepte
1298 2208 1665 2284 grammatici
1725 2215 1966 2267 veteres
2023 2202 2106 2285 γῆ
2153 2226 2226 2266 ex
2284 2199 2405 2284 γέα
2460 2208 2838 2265 contractum

591 2325 722 2367 esse
776 2314 1158 2369 censuerunt.
1245 2308 1360 2382 Qui
1421 2328 1768 2386 quanquam
1829 2311 1913 2368 sic
1970 2310 2330 2386 loquuntur,
2388 2308 2561 2386 quasi
2614 2307 2837 2366 usitata

592 2409 773 2470 fucrit
818 2416 878 2470 et
924 2412 1000 2470 ab
1044 2411 1191 2489 ipsis
1235 2430 1417 2490 saepe
1460 2412 1622 2473 lecta
1665 2412 1814 2473 haec
1857 2411 2051 2473 forma
2106 2409 2207 2486 (cf.
2249 2414 2493 2489 praeter
2535 2428 2640 2472 eos
2683 2426 2836 2487 quos

591 2533 777 2591 supra
836 2515 1014 2574 citavi
1076 2516 1237 2575 locos
1294 2516 1512 2576 Herod.
1557 2516 1633 2577 ed
1676 2517 1869 2575 Lenta
1914 2517 1999 2592 Π,
2043 2512 2187 2592 424,
2229 2510 2329 2573 31.
2373 2511 2517 2592 425,
2559 2511 2600 2571 2
2645 2516 2708 2574 et
2750 2514 2838 2573 in-

593 2618 798 2695 primis
844 2613 986 2693 912,
1032 2615 1070 2674 9
1130 2603 1258 2677 οὐκ
1315 2602 1543 2697 α’γνοῶ
1603 2613 1675 2678 δὲ
1729 2603 1834 2679 ὅτι
1888 2608 2064 2677 κατὰ
2111 2607 2394 2697 ποιητὰς
2448 2609 2591 2698 [καὶ
2633 2604 2675 2696 ἡ
2719 2605 2841 2695 γάς

592 2718 754 2798 6οᾱ.;
801 2739 910 2779 6111.
954 2712 1195 2800 Lehrs.]
1252 2715 1509 2801 εἴρηται
1554 2715 1669 2781 καὶ
1720 2715 1857 2801 γέα
1899 2714 2013 2781 καὶ
2056 2726 2213 2799 γαῖα
2256 2714 2370 2780 καὶ
2414 2709 2578 2800 αἶα),
2634 2724 2836 2780 tamen

555 2822 719 2907 ‘fero
779 2840 1078 2899 nusquam
1135 2824 1352 2901 legitur
1420 2825 1579 2902 apud
1640 2826 1966 2903 scriptores
2026 2824 2200 2885 nobis
2260 2827 2555 2902 servatos,
2617 2827 2677 2884 et
2735 2822 2836 2883 ubi

593 2925 842 3003 legitur,
885 2925 1061 2984 valde
1106 2926 1290 2986 dubia
1331 2931 1439 2987 est.
1526 2927 1731 3004 Atque
1774 2928 2029 3004 primum
2075 2926 2317 3004 quidem
2359 2925 2524 3004 apud
2569 2924 2837 2986 Herodo-

593 3032 740 3105 tum,
771 3047 952 3104 quum
987 3030 1086 3107 IV,
1111 3026 1227 3087 198
1260 3030 1494 3107 legatur
1523 3016 1694 3109 αὕτη
1726 3024 1795 3089 δὲ
1828 3017 1893 3108 (ἡ
1912 3026 2020 3108 γῆ)
2051 3016 2246 3108 ὁμοίη
2274 3024 2355 3105 τῇ
2383 3013 2617 3105 ἀρίστῃ
2644 3021 2841 3106 γέων,

593 3131 944 3192 Bredowins
989 3131 1127 3193 dial.
1171 3132 1396 3194 Herod.
1439 3153 1496 3211 p.
1529 3128 1653 3189 219
1708 3132 1849 3193 dicit
1892 3132 2075 3193 haec:
2136 3126 2354 3210 „ysrfiv
2398 3132 2500 3210 IV,
2548 3126 2694 3208 198,
2752 3131 2840 3191 616

594 3235 1054 3311 perispomenon
1115 3237 1266 3296 male
1321 3238 1605 3297 scribitur
1656 3254 1768 3313 pro
1812 3254 1957 3296 vero
2005 3230 2208 3314 γέων,
2269 3236 2374 3313 qui
2418 3234 2719 3311 genitivus
2763 3234 2839 3293 ab

592 3336 929 3412 Herodoto,
988 3356 1332 3414 quanquam
1387 3339 1679 3417 singulari
1740 3340 1799 3399 in
1844 3356 2092 3399 numero
2138 3341 2486 3399 constanter
2529 3339 2843 3397 contracta

596 3437 788 3498 forma
831 3436 914 3517 γῆ
961 3457 1110 3499 116116
1155 3444 1260 3516 est,
1305 3459 1378 3501 ex
1409 3441 1620 3500 Ionum
1659 3459 1821 3501 more
1861 3460 1898 3500 a
1928 3458 2048 3501 non
2081 3443 2391 3500 contracto
2439 3432 2611 3517 γεάι
2639 3438 2841 3498 dictus

596 3544 688 3600 cst
735 3538 847 3611 [sic
894 3541 1117 3600 dictum
1164 3561 1295 3602 esse
1339 3546 1525 3620 putat,
1570 3549 1638 3603 nt
1666 3537 1958 3623 θηλέων,
1999 3536 2266 3603 πεδέων
2292 3535 2618 3621 χρυσέων,
2649 3527 2843 3619 <Ηρα-

595 3637 816 3702 κλέων
880 3638 1215 3723 στηλέων,
1272 3640 1527 3722 μνέων,
1589 3640 1912 3723 συκέων],
1974 3647 2145 3707 6111116
2217 3645 2620 3707 accusativum
2688 3637 2844 3720 γέας

597 3747 976 3807 Democritus
1021 3747 1141 3826 (ap.
1187 3750 1368 3808 Ulem.
1415 3748 1585 3809 Alex.
1630 3748 1843 3810 Strom.
1894 3748 1947 3826 1,
1990 3768 2048 3826 p.
2079 3744 2203 3807 304
2235 3749 2311 3817 A)
2365 3748 2703 3824 usurpavit,
2766 3747 2845 3806 cf.

489 3852 500 3857 “
597 3855 657 3911 61
700 3849 951 3910 Pindari
993 3850 1092 3924 (ol.
1125 3853 1286 3928 xm,
1318 3847 1387 3910 81
1432 3848 1704 3924 Boeckh)
1750 3840 2054 3930 Γεαόχῳ,
2098 3857 2161 3912 61
2202 3850 2362 3911 Hdn.
2391 3866 2461 3910 x.
2502 3865 2651 3928 μου.
2682 3843 2846 3923 16ξέ(

597 3954 712 4017 Sed
768 3955 867 4031 qui
927 3953 1163 4014 illarum
1218 3956 1626 4032 analogiarum
1686 3974 1855 4032 usus,
1916 3973 2102 4031 quum
2153 3955 2279 4032 ipse
2334 3953 2621 4030 deinceps
2665 3951 2848 4029 dicat,

597 4076 754 4136 quae
799 4057 1024 4133 primae
1070 4057 1486 4118 declinationis
1532 4059 1773 4119 nomina
1815 4058 2016 4118 statim
2061 4077 2096 4118 a
2139 4056 2503 4118 nominativo
2535 4057 2846 4117 6011116616

595 4161 996 4239 declinentur,
1058 4179 1129 4221 ea
1189 4161 1413 4240 omnia,
1473 4179 1655 4221 voce
1713 4158 1805 4238 γῆ
1864 4164 2195 4238 excepta,
2260 4158 2422 4238 apud
2467 4156 2844 4219 Herodotum

594 4283 801 4327 omnes
845 4282 955 4342 per
999 4281 1173 4324 casus
1218 4283 1338 4325 non
1386 4263 1708 4325 contrahi?
1796 4263 1919 4325 Cur
1972 4263 2154 4340 igitur
2209 4264 2367 4323 hanc
2412 4280 2635 4339 vocem,
2680 4279 2849 4338 quae
