3166 4871
2347 292 2380 319 X

560 319 599 379 6
1529 313 1795 368 zacher

487 489 496 501 '
560 492 820 568 quodam
864 493 892 571 j
943 511 1241 552 consonae
1286 494 1344 551 in
1392 493 1483 550 his
1528 490 1772 550 vocibus
1804 509 1942 550 usos
1974 509 2105 551 esse
2138 493 2519 552 demonstret.
2586 493 2797 568 Itaque

560 612 869 670 speremus
913 594 1071 672 fore,
1116 599 1182 653 ιιι
1226 594 1431 670 Cyprii
1495 595 1623 652 eius
1685 595 1771 653 rei
1833 598 2109 653 auctores
2163 594 2321 654 fiant.
2408 596 2592 671 „Nam
2640 612 2795 671 quac

561 716 619 772 p.
656 692 734 752 18
784 698 978 773 affert,
1023 715 1095 757 ea
1138 696 1286 756 satis
1332 695 1555 754 diversi
1602 699 1742 755 sunt
1786 698 2042 773 generis,
2085 696 2376 773 siquidem
2424 715 2443 753 ι
2478 699 2615 772 post
2660 714 2797 754 con-

562 801 844 858 sonantes
889 803 956 857 ut
998 801 1057 857 in
1104 791 1401 876 καρδίας,
1447 787 1762 876 ἐγχώριος
1808 817 2000 874 paene
2047 800 2106 856 in
2140 799 2468 875 spirantem
2499 798 2792 871 attenuari

560 902 891 976 posteriore
939 904 1132 959 aetate
1178 901 1362 960 multo
1408 899 1639 959 facilius
1685 904 1953 978 poterat,
1999 919 2173 976 quam
2223 902 2378 959 iuter
2423 901 2575 959 duas
2619 918 2796 959 voca-

560 1003 668 1088 les,
713 1020 965 1079 quarum
1011 1021 1143 1061 cum
1188 1004 1385 1078 priore
1418 1003 1741 1080 conjuncta
1770 1002 2208 1079 diphthongum
2242 995 2590 1062 efficiebat.“
2667 1003 2796 1061 Hoc

562 1108 975 1180 argumentum
1023 1105 1293 1164 Cauerus
1357 1123 1431 1164 ex
1494 1110 1699 1164 nostro
1764 1123 1923 1163 more
1985 1105 2494 1182 diphthongorum
2537 1123 2798 1180 pronun·-

562 1206 899 1266 tiandarum
945 1209 1209 1285 sumpsit.
1297 1207 1426 1266 Nos
1472 1208 1626 1265 enim
1673 1206 1822 1266 duas
1867 1207 2105 1266 vocales
2148 1211 2266 1266 tam
2300 1207 2574 1266 celeriter
2605 1224 2797 1284 eaque

565 1309 685 1368 oris
729 1309 1202 1369 conformatione
1246 1308 1618 1387 proferimuS,
1664 1313 1730 1369 ut
1773 1310 1831 1368 in
1881 1328 2056 1368 unam
2105 1309 2231 1369 fere
2278 1309 2632 1369 coalescant.
2722 1309 2798 1367 Et

564 1415 798 1488 tamen,
858 1413 962 1487 qui
1007 1415 1231 1471 attente
1276 1412 1499 1488 audiat,
1546 1413 1646 1488 qui
1693 1411 1931 1487 quidem
1999 1413 2148 1471 sciat
2208 1412 2575 1488 auscultare,
2637 1409 2798 1486 quod

566 1528 682 1575 non
733 1516 992 1574 omnium
1041 1517 1255 1574 natura
1299 1514 1436 1592 fert,
1480 1514 1656 1574 etiam
1705 1515 1863 1590 apud
1897 1532 2007 1574 nos
2035 1518 2272 1575 tenuem
2307 1514 2605 1591 quendam
2651 1513 2798 1573 hali-

564 1622 688 1677 tum
736 1636 1035 1677 consonae
1058 1618 1084 1696 j
1132 1617 1379 1677 similem
1429 1617 1744 1693 intelleget
1772 1617 2142 1677 intercedere
2172 1617 2329 1676 inter
2361 1614 2795 1693 diphthongum

566 1724 626 1779 et
668 1720 933 1778 vocalem
978 1723 1358 1797 sequentem,
1402 1724 1469 1778 ut
1512 1738 1630 1779 non
1692 1720 1784 1778 cia
1829 1719 2129 1787 dicamus,
2193 1719 2296 1778 sed
2344 1713 2470 1777 eija.
2558 1718 2799 1791 Quanto

568 1821 807 1881 facilius
852 1821 912 1880 id
959 1821 1119 1899 apud
1150 1821 1414 1881 Graecos
1457 1821 1583 1880 fieri
1630 1821 1851 1898 potuit,
1896 1840 1932 1880 a
1976 1821 2191 1897 quibus
2237 1820 2664 1897 diphthongos,
2726 1820 2800 1878 si-

567 1924 781 1983 militer
824 1927 891 1983 ut
934 1943 987 1982 a.
1013 1925 1332 1983 romanicis
1378 1942 1535 2000 quae
1581 1943 1742 1983 nunc
1804 1927 1947 1983 sunt
1989 1924 2363 1999 nationibus,
2407 1924 2491 1982 ita
2534 1923 2800 1999 prolatas

566 2045 719 2104 esse,
760 2029 829 2086 ut
871 2030 1131 2102 utraque
1176 2026 1403 2086 vocalis
1447 2026 1638 2086 maius
1684 2026 1986 2103 quoddam
2045 2026 2138 2085 ius
2183 2025 2431 2085 haberet
2484 2028 2544 2084 et
2595 2024 2672 2084 ab
2719 2024 2798 2082 al-

566 2133 695 2188 tera
740 2134 944 2204 posset
988 2129 1307 2206 distingui,
1353 2133 1708 2204 argumento
1754 2133 1845 2187 est
1888 2128 2211 2205 diaeresis,
2256 2146 2411 2204 quae
2460 2139 2638 2204 quam
2683 2127 2799 2185 usi-

565 2235 692 2289 tata
734 2230 922 2289 fuerit
952 2230 1197 2290 Graecis
1242 2249 1363 2290 non
1409 2235 1501 2290 est
1547 2231 1710 2306 quod
1754 2248 2028 2289 moneam
2074 2230 2274 2307 (quam
2322 2249 2397 2289 ne
2444 2249 2479 2288 a
2523 2229 2796 2288 termina·

565 2334 727 2391 tione
772 2348 916 2400 αιος
969 2332 1203 2407 quidem
1251 2333 1503 2391 alienam
1550 2331 1737 2391 fuisse
1784 2332 2002 2391 docent
2037 2325 2357 2409 Θηβαΐαις
2402 2332 2544 2391 Eur.
2575 2332 2800 2389 Phoen.

567 2432 709 2511 655,
759 2427 1054 2512 Θηβαΐας
1097 2433 1275 2510 Soph.
1306 2433 1507 2510 Antig.
1560 2429 1719 2490 1135
1783 2434 1858 2493 ab
1910 2435 2248 2494 Hermanno
2310 2435 2603 2493 restituta.
2713 2433 2800 2494 Of.

566 2537 713 2597 Lob.
759 2537 929 2596 Path.
974 2536 1063 2596 El.
1108 2538 1184 2613 11,
1234 2535 1329 2597 11.
1416 2537 1485 2596 In
1529 2530 1686 2614 χαΐα
1734 2539 1832 2596 Ar.
1879 2538 2017 2612 Lys.
2064 2534 2135 2592 91
2191 2556 2308 2595 non
2358 2554 2504 2606 (ιιος
2549 2541 2640 2596 est
2683 2540 2797 2595 ter-

567 2640 838 2716 minatio,
881 2638 987 2698 sed
1032 2655 1150 2710 ιος,
1196 2644 1255 2698 ει
1295 2641 1450 2698 ἰιιιει·
1496 2657 1537 2697 α
1583 2645 1645 2699 ει
1689 2657 1708 2696 ι
1757 2640 1977 2699 excidit
2020 2651 2078 2711 σ,
2123 2641 2181 2698 in
2228 2628 2568 2716 βουγάιος,
2615 2628 2802 2707 δάιος

567 2737 866 2818 digamma
910 2742 1189 2800 omissum
1237 2741 1378 2811 est).
1467 2741 1840 2817 Diphthongi
1903 2731 2106 2802 nostro
2168 2760 2334 2801 more
2378 2743 2801 2817 pronuntiatae

568 2849 765 2903 autem
813 2861 930 2902 non
977 2847 1233 2919 possunt
1277 2837 1700 2922 διαιρεῖσθαι.
1793 2844 2133 2919 „Postremo
2167 2845 2224 2903 in
2258 2845 2565 2919 plerisque
2597 2862 2800 2902 eorum

567 2946 1024 3021 vocabulorum,
1091 2946 1149 3004 in
1220 2945 1436 3020 quibus
1497 2945 1912 3020 antiquissima
1954 2948 2150 3005 aetate
2186 2948 2214 3023 j
2274 2947 2598 3022 spirantem
2643 2945 2802 3003 inter

566 3048 805 3108 vocales
851 3048 1165 3106 evanuisse
1223 3048 1373 3106 ratio
1436 3048 1834 3123 etymologica
1894 3053 1954 3107 et
2008 3048 2351 3124 linguarum
2412 3051 2798 3123 cognatarum

569 3151 933 3227 comparatio
980 3150 1217 3226 docent,
1261 3150 1577 3226 productio
1624 3151 1995 3227 suppletoria
2038 3150 2198 3219 facta
2241 3155 2351 3228 est,
2399 3151 2474 3209 de
2519 3168 2640 3226 qua
2683 3150 2805 3225 egit

567 3256 990 3329 Brugmannus
1021 3252 1185 3312 Stud.
1217 3253 1316 3328 IV,
1352 3249 1469 3308 177
1517 3271 1623 3330 sq.,
1668 3271 1824 3329 quae
1870 3253 2148 3329 quoniam
2193 3255 2252 3311 in
2287 3252 2574 3328 exemplis
2604 3255 2802 3328 postc-

567 3354 744 3414 rioris
787 3354 1000 3413 aetatis
1047 3372 1352 3430 nunquam
1396 3354 1556 3413 facta
1587 3360 1708 3431 est,
1751 3356 1808 3414 in
1858 3356 1949 3413 his
1995 3365 2112 3415 non
2162 3356 2178 3430 j
2227 3355 2476 3430 spirans,
2521 3352 2626 3411 sed
2669 3352 2804 3428 ipsa

567 3475 591 3514 ι
633 3455 863 3516 vocalis
907 3455 1224 3515 evanuisse
1281 3456 1552 3532 putanda
1615 3474 1746 3516 esse
1809 3458 1950 3516 mihi
2018 3447 2306 3514 videtur.“
2392 3453 2612 3512 Parum
2672 3454 2802 3513 dili-

566 3562 779 3636 genter
823 3558 916 3616 vir
975 3556 1189 3617 doctus
1250 3557 1404 3617 illam
1452 3560 1774 3635 Brugmani
1823 3559 2285 3636 disputationem
2344 3556 2418 3615 ad
2467 3575 2646 3632 quam
2692 3576 2804 3616 nos

565 3661 797 3736 relegat
839 3660 1058 3737 legisse
1103 3659 1358 3719 videtur.
1445 3662 1600 3720 Nam
1664 3661 1928 3721 concedo
1984 3659 2258 3736 equidem
2322 3660 2377 3717 in
2445 3659 2800 3735 quibusdam

568 3763 878 3822 vocabulis
918 3762 945 3839 j
995 3780 1318 3822 consonam
1365 3781 1439 3821 ex
1485 3764 1684 3838 prisca
1729 3768 1925 3823 aetat-e
1987 3768 2046 3822 et
2089 3761 2247 3820 haud
2295 3762 2637 3838 negaverim
2685 3761 2802 3821 for-

565 3871 726 3926 tasse
774 3884 847 3924 ex
893 3865 1020 3941 ipso
1067 3864 1552 3940 indogermanico
1600 3865 1759 3941 quod
1809 3871 2030 3923 vocant
2090 3881 2238 3923 aevo
2283 3863 2596 3941 traditam,
2652 3883 2802 3922 sem-

568 3987 694 4045 per,
739 3985 871 4027 cum
919 3975 1335 4042 evanesceret,
1379 3968 1735 4044 produxisse
1780 3966 2049 4025 vocalem
2112 3966 2382 4038 affinem,
2440 3984 2568 4024 eam
2616 3967 2800 4042 ipsam

568 4070 642 4131 ob
690 4087 959 4158 causam,
1003 4069 1165 4146 quod
1211 4070 1351 4129 inde
1396 4070 1471 4128 ab
1514 4069 1974 4129 initio‘robusta
2017 4068 2215 4129 suerat
2259 4085 2619 4143 consonans,
2681 4087 2801 4127 non

569 4189 753 4232 sonus
799 4177 917 4230 tam
964 4173 1158 4230 tenuis
1204 4192 1273 4231 ac
1321 4172 1534 4231 debilis
1580 4172 1814 4247 qualem
1876 4190 1984 4231 nos
2029 4172 2086 4231 in
2136 4188 2242 4258 αις)
2289 4169 2586 4229 exstitisse
2633 4174 2800 4246 puta-

570 4293 716 4334 mus.
807 4273 981 4346 Quod
1028 4276 1086 4333 in
1132 4261 1359 4354 ἤιγμαι
1406 4297 1491 4318 =
1517 4273 1837 4350 jescynaae,
1898 4278 1959 4333 et
2005 4274 2064 4333 in
2111 4273 2308 4333 verbis
2351 4272 2518 4348 puris
2564 4272 2620 4330 in
2671 4273 2802 4346 ajo)
