3166 4871
588 288 711 350 240

587 460 922 520 oratoribus
965 459 1295 535 judicaret;
1354 458 1801 519 concedendum
1852 460 2007 518 enim
2056 465 2147 518 est
2192 461 2248 517 in
2290 458 2542 518 dicendo
2575 458 2825 517 formam

588 563 822 622 maximi
869 579 1000 621 esse
1047 562 1346 621 momenti.

754 665 843 723 Ac
889 664 963 723 de
1008 664 1296 740 dignitate
1340 663 1578 739 quidem
1627 664 2004 740 eloquentiae
2051 666 2131 722 ita
2176 665 2380 740 sensit,
2427 671 2489 723 ιιι
2528 668 2822 723 oratorem

585 768 887 844 publicum
935 768 1176 843 ceteris,
1223 769 1324 842 qui
1370 771 1474 825 aut
1518 767 1881 843 reipublicae
1921 767 2427 825 administrandae
2469 771 2574 825 aut
2616 766 2826 825 litteris

585 868 913 929 tractandis
960 887 1200 944 operam
1251 869 1481 943 darent,
1528 870 1876 945 praeferret.
1966 868 2141 940 Quod
2190 888 2265 927 ne
2304 867 2376 926 iis
2409 868 2643 945 quidem
2677 867 2824 927 locis

586 970 1002 1047 redarguitur,
1063 972 1280 1047 quibus
1343 972 1402 1028 in
1465 971 1901 1047 philosophiam
1975 990 2232 1030 summas
2292 971 2543 1030 contulit
2602 970 2825 1045 laudes,

586 1093 720 1133 nam
764 1092 907 1132 vere
938 1074 1315 1149 eloquentem
1350 1092 1484 1131 eum
1519 1074 1828 1149 intelle-git,
1861 1074 1961 1149 qui
1990 1092 2262 1149 magnam
2297 1091 2429 1131 cum
2463 1074 2519 1131 in
2552 1073 2825 1131 omnibus

586 1178 912 1236 litterarum
960 1177 1312 1253 generibus,
1374 1183 1498 1234 tum
1547 1176 1606 1234 in
1655 1176 2065 1253 philosophia,
2127 1176 2394 1249 historia,
2456 1176 2685 1251 poetica
2729 1193 2823 1234 co·

582 1279 905 1355 gnitionem
966 1278 1302 1354 perceperit
1362 1282 1423 1337 ct
1485 1284 1734 1355 propter
1792 1279 1979 1356 ipsam
2041 1278 2196 1337 hanc
2254 1279 2537 1337 scientiae
2593 1278 2821 1353 copiam

585 1382 911 1458 principem
961 1381 1220 1439 omnium
1268 1384 1470 1440 teneat
1518 1382 1729 1440 locum.

754 1482 984 1554 Quibus
1046 1485 1104 1541 iu
1152 1484 1494 1542 uuiversum
1556 1483 1873 1560 disputatis
1910 1484 2034 1559 jam
2082 1482 2155 1540 ad
2203 1483 2473 1559 singulos
2522 1482 2685 1541 locos
2730 1500 2824 1540 ac-

586 1584 918 1644 cedendum
966 1590 1081 1660 est,
1144 1602 1396 1661 quornm
1446 1603 1578 1653 eos,
1644 1586 1739 1645 ubi
1805 1585 2160 1661 antiquioris
2212 1587 2495 1660 temporis
2555 1584 2825 1643 homines

583 1687 958 1764 disputantes
1003 1686 1246 1757 inducit,
1293 1688 1368 1746 ab
1414 1688 1499 1757 iis,
1546 1688 1645 1747 ubi
1698 1689 1823 1762 ipse
1869 1706 2001 1746 cum
2050 1687 2407 1763 aequalibus
2446 1686 2825 1762 colloquitur,

582 1788 1023 1849 accuratissime
1086 1788 1519 1864 disjungendos
1579 1808 1711 1848 esse
1757 1789 2032 1848 facillime
2080 1789 2469 1865 intellegitur,
2528 1807 2660 1847 nam
2708 1788 2825 1864 pri-

582 1892 786 1951 oribus
848 1892 1248 1951 Romanornm
1311 1891 1647 1951 oratoribus
1710 1890 1971 1951 Graecos
2030 1892 2371 1968 superiores
2423 1908 2555 1950 esse
2602 1908 2822 1967 negare

585 2014 694 2052 nec
740 1994 935 2070 potuit
982 2012 1092 2053 nec
1138 1993 1343 2070 voluit,
1388 1995 1736 2071 praesertim
1782 2012 1913 2053 cum
1961 1995 2170 2053 merita
2212 1993 2342 2071 ejus
2372 1995 2429 2051 in
2462 1991 2823 2070 expolienda

580 2097 920 2172 eloquentia
974 2098 1243 2155 Romana
1303 2115 1374 2156 eo
1435 2097 1663 2173 majora
1710 2096 2088 2173 viderentur,
2149 2116 2268 2174 quo
2312 2096 2548 2171 longius
2592 2095 2823 2171 priores

580 2205 852 2257 oratores
896 2216 931 2257 a
974 2198 1339 2274 praestantia
1370 2197 1732 2259 Graecorum
1778 2198 2058 2259 recedere
2090 2197 2396 2258 coufessus
2427 2206 2535 2258 est.
2603 2197 2821 2258 Omitto

580 2301 636 2359 in
686 2300 992 2360 Ciceronis
1037 2299 1112 2360 de
1159 2300 1500 2360 rhetoribus
1546 2302 1789 2360 Graccis
1826 2301 2074 2377 judicia,
2120 2301 2337 2377 quibus
2382 2299 2558 2359 valde
2602 2318 2666 2359 se
2712 2300 2822 2358 hos

579 2403 1008 2480 contempsisse
1053 2402 1378 2480 probatur,
1438 2402 1778 2463 accuratius
1822 2404 2150 2480 inquirere:
2208 2402 2333 2469 sola
2378 2403 2575 2479 capita
2620 2420 2817 2462 rerum

578 2506 882 2582 attingam.
985 2505 1116 2563 Jam
1178 2505 1361 2582 igitur
1425 2505 1499 2565 de
1556 2505 1855 2581 prioribus
1900 2506 2019 2564 illis
2063 2506 2209 2564 locis
2255 2505 2665 2580 quaerendum
2713 2511 2818 2572 est,

578 2605 796 2683 quibus
854 2607 1198 2667 Ciceronem
1262 2605 1520 2666 Graecos
1590 2611 1898 2683 praestare
1964 2607 2245 2665 Romanis
2310 2605 2482 2665 fateri
2548 2606 2818 2665 diximus.

579 2709 952 2785 Quamquam
1002 2710 1156 2769 enim
1205 2715 1347 2768 sunt
1392 2708 1521 2778 loci,
1567 2709 1672 2785 qui
1717 2727 1848 2768 cum
1895 2708 2007 2767 hac
2051 2708 2332 2784 opinione
2377 2707 2816 2784 quodammodo

575 2829 847 2886 pugnare
920 2811 1266 2888 videantur,
1335 2816 1530 2870 tamen
1596 2810 1936 2870 accuratius
2003 2810 2430 2887 quaerentibus
2486 2810 2658 2870 facile
2716 2810 2818 2869 fiet

576 2915 956 2991 perspicuum
1023 2913 1172 2973 nihil
1230 2931 1332 2973 eos
1397 2914 1669 2991 probare.
1774 2912 2075 2973 Interdum
2154 2914 2309 2972 enim
2369 2913 2687 2973 urbanitati
2745 2933 2815 2971 ac

577 3016 877 3076 blanditiis
925 3017 1170 3076 multum
1217 3020 1309 3076 est
1353 3016 1752 3094 tribuendum,
1800 3024 1863 3076 ut
1907 3016 1962 3074 d.
2009 3034 2094 3075 or.
2146 3022 2197 3093 1,
2241 3019 2341 3092 76,
2387 3015 2485 3074 ubi
2530 3015 2817 3075 Scaevola

576 3117 853 3178 Crassum
920 3120 1159 3178 summis
1216 3119 1468 3179 oratoris
1526 3118 1806 3177 laudibus
1864 3115 2150 3189 oruat³⁰);
2211 3136 2639 3193 nonnunquam
2687 3118 2815 3177 sine

575 3221 756 3280 dubio
802 3221 876 3280 ad
927 3222 1225 3281 Romanos
1268 3223 1431 3281 solos
1477 3223 1669 3280 oratio
1715 3225 1977 3298 spectat,
2039 3226 2102 3280 ut
2146 3220 2219 3280 de
2267 3239 2353 3279 or.
2399 3225 2456 3296 3,
2506 3223 2651 3297 189,
2714 3220 2812 3278 ubi

572 3323 872 3382 Antonius
919 3322 993 3382 de
1041 3324 1256 3384 Crasso
1304 3324 1640 3400 praedicat:
1714 3323 1958 3394 „Inveni
1997 3324 2142 3401 jam,
2204 3341 2380 3399 quem
2428 3329 2706 3398 negaram
2751 3321 2811 3380 in

575 3444 663 3500 co,
708 3444 884 3501 quem
945 3426 1176 3502 scripsi,
1224 3425 1419 3485 libello
1466 3444 1557 3483 me
1604 3425 1920 3503 invenisse,
1965 3418 2392 3502 eloquentem.“
2466 3455 2550 3463 -
2624 3423 2815 3501 Addo,

571 3526 735 3601 quod
781 3526 918 3585 ibid.
969 3531 1022 3605 1,
1069 3531 1147 3587 79
1194 3531 1255 3586 et
1284 3531 1367 3588 80
1413 3529 1668 3588 Crassus
1714 3532 1774 3587 et
1817 3528 2116 3588 Antonius
2162 3527 2235 3587 de
2283 3527 2506 3604 majore
2550 3526 2810 3604 quodam

572 3629 797 3705 posteri
852 3630 1134 3705 temporis
1194 3634 1432 3689 oratore
1507 3659 1591 3668 —
1669 3631 2014 3690 Ciceronem
2081 3628 2289 3689 dicunt
2366 3659 2445 3668 -
2534 3629 2690 3691 inter
2746 3647 2811 3687 se

572 3729 981 3807 colloquentes
1028 3727 1506 3800 inducuntur.3¹)
1600 3733 1677 3791 Ut
1719 3737 1917 3792 autem
1964 3732 2153 3792 omnis
2199 3731 2473 3791 deleatur
2504 3731 2813 3806 dubitatio,

571 3832 710 3893 ibid.
755 3838 879 3893 260
922 3863 1008 3872 -—
1055 3840 1119 3892 ut
1179 3833 1327 3893 alios
1387 3834 1550 3894 locos
1597 3836 1857 3893 omittam
1920 3865 2001 3873 -—
2063 3839 2267 3909 aperte
2330 3834 2646 3910 profitetur
2690 3835 2811 3893 An·

569 3937 769 3996 tonius
829 3937 1217 3995 Demostheni
1276 3937 1404 3995 sine
1465 3937 1647 3996 dubio
1716 3956 2000 3996 summam
2066 3936 2300 3996 dicendi
2365 3939 2479 3995 vim
2542 3935 2813 3997 concedi.

903 4086 976 4096 ...-

740 4169 806 4231 30)
841 4167 911 4220 cf.
949 4167 1110 4220 etiam
1150 4166 1282 4220 ibid.
1329 4171 1437 4220 too.

739 4253 808 4317 ³¹)
841 4249 909 4304 cf.
949 4260 1235 4320 praeterea
1271 4251 1402 4306 ibid.
1441 4255 1523 4305 95.
