3166 4871
2501 293 2625 354 245

386 468 779 544 scriptoribus
808 469 1216 547 inveniuntur,
1251 474 1605 542 argumento
1637 486 1765 529 esse
1798 474 2053 546 possunt
2082 486 2212 528 eum
2247 469 2618 545 singulorum

386 569 443 628 in
502 570 746 630 historia
800 571 1232 631 conscribenda
1290 579 1351 631 et
1407 573 1661 631 virtutes
1722 577 1782 631 et
1835 573 1981 631 vitia
2040 571 2184 630 satis
2226 572 2624 649 perspexisse.

383 672 535 731 Nam
599 672 1014 750 Xenophontis
1073 673 1313 751 quidem
1377 673 1827 734 admirationem
1901 673 2266 751 potissimum
2342 691 2416 732 ex
2491 674 2625 750 ejus

384 775 669 835 orationis
699 781 1013 836 venustate
1044 777 1398 855 profluxisse
1429 795 1501 836 ex
1523 776 1772 855 judiciis
1802 776 1947 854 ipsis
1978 778 2119 835 satis
2148 773 2621 852 intellegitu1·.⁴⁶)

384 876 659 937 Ceterum
704 879 914 956 quanti
957 897 1090 939 eum
1139 879 1372 957 fecerit,
1434 898 1504 940 eo
1549 897 1791 957 quoque
1838 878 2154 957 probatur,
2199 877 2358 956 quod
2405 876 2618 948 „Oeco-

377 978 709 1039 nomicum“
776 982 832 1041 in
881 982 1158 1042 Latinum
1220 984 1398 1043 vertit
1451 987 1512 1041 et
1557 1000 1676 1042 uon
1723 982 1906 1041 semel
1950 982 2114 1042 locos
2158 1000 2230 1040 ex
2278 982 2409 1059 ejus
2454 981 2620 1039 libris

379 1082 644 1157 protulit.
663 1080 740 1155 ⁴⁷)
794 1114 880 1124 —
939 1085 1024 1144 Ea
1068 1089 1286 1161 autem,
1331 1103 1486 1161 quae
1530 1084 1606 1144 de
1652 1083 1773 1144 div.
1819 1088 1876 1160 2,
1924 1088 2042 1145 116
2089 1100 2373 1161 perverse
2419 1081 2620 1142 dicere

378 1183 593 1243 audet:
660 1186 1067 1251 ..Herodotum
1115 1206 1225 1247 eur
1267 1188 1634 1247 veraciorem
1681 1188 1890 1247 ducam
1926 1186 2165 1247 Ennio?
2224 1187 2383 1245 Num
2424 1186 2619 1244 minus

378 1285 475 1345 ille
521 1288 715 1365 potuit
759 1288 834 1347 de
878 1289 1134 1364 Croeso,
1179 1307 1358 1366 quam
1405 1289 1480 1348 de
1524 1291 1763 1366 Pyrrho
1808 1289 2036 1365 fingere
2084 1288 2392 1348 Ennius?
2474 1285 2618 1346 satis

378 1389 705 1449 ostendunt
763 1409 893 1450 eum
953 1410 1071 1451 non
1131 1393 1319 1451 solum
1380 1391 1559 1469 hujus
1615 1391 1917 1468 ingenium
1979 1399 2159 1468 atque
2213 1397 2487 1450 naturam
2532 1419 2617 1431 -

376 1495 572 1568 potest
615 1494 769 1552 enim
816 1493 866 1553 is
896 1513 1155 1573 quoque,
1198 1495 1358 1573 apud
1402 1514 1578 1572 quem
1614 1495 2074 1556 innumerabiles
2104 1500 2244 1554 sunt
2274 1490 2616 1564 fabulaeffl),

377 1612 557 1654 verax
588 1613 722 1655 esse
766 1627 852 1636 —
888 1597 993 1656 sed
1026 1599 1202 1657 etiam
1234 1599 1448 1674 iugens
1480 1598 1631 1658 illud
1664 1598 1948 1659 historiae
1979 1604 2036 1658 et
2067 1598 2267 1675 poesis
2298 1596 2614 1656 discrimen

373 1714 581 1774 parum
629 1698 1025 1775 perspexisse.
1071 1731 1148 1741 —
1201 1702 1472 1779 Denique
1517 1719 1593 1761 ex
1640 1702 1857 1760 ceteris
1903 1700 1978 1760 de
2008 1699 2258 1776 Polybio
2302 1698 2429 1758 fere
2472 1699 2617 1774 solo,

373 1799 612 1874 opinor,
675 1819 866 1878 pauca
910 1803 1198 1880 eJusmodi
1247 1805 1452 1881 affert,
1513 1822 1668 1881 quae
1728 1803 1803 1861 ad
1860 1802 1985 1861 veri
2045 1818 2241 1861 rerum
2306 1801 2614 1878 scriptoris

371 1902 650 1962 virtutem
706 1905 949 1980 majoris
994 1907 1270 1964 momenti
1327 1902 1574 1978 sint⁴9);
1656 1923 1811 1981 quae
1856 1903 1931 1964 de
1975 1900 2355 1981 Philist050),
2418 1903 2611 1962 Theo·

370 2004 702 2082 pompo⁵¹)‚
762 2006 1004 2082 Ephoro
1022 2004 1118 2083 ⁵²),
1176 2008 1310 2067 aliis
1371 2011 1611 2082 praeter
1670 2008 1833 2066 illum
1894 2010 1952 2066 in
2013 2006 2164 2065 libro
2226 2005 2489 2065 secundo
2538 2005 2611 2064 de

372 2113 610 2168 oratore
655 2109 847 2169 locum
897 2109 1056 2187 apud
1105 2116 1374 2169 nostrum
1420 2111 1823 2175 inveniuntur,
1869 2109 2238 2186 potissimum
2286 2106 2359 2166 ad
2407 2126 2609 2166 eorum

368 2209 603 2269 dicendi
650 2229 843 2288 genus
887 2213 1206 2289 pertinent.

540 2346 831 2420 Quoniam
865 2352 1060 2408 autem
1094 2349 1350 2409 vidimus
1396 2349 1695 2409 historiam
1744 2351 2068 2409 oratorium
2102 2348 2353 2408 maxime
2393 2366 2608 2407 munus

367 2451 421 2511 ei
468 2451 651 2511 visam
700 2471 846 2522 esse,
883 2453 1009 2530 jam
1057 2473 1175 2513 non
1226 2452 1402 2514 valde
1451 2453 1811 2530 mirabimur,
1857 2452 2021 2531 quod
2066 2452 2176 2512 sibi
2223 2456 2607 2530 persuaserat

367 2572 498 2613 eum
547 2572 610 2614 se
643 2573 789 2624 esse,
836 2557 936 2633 qui
987 2558 1042 2616 in
1080 2557 1191 2616 hoc
1222 2575 1465 2635 quoque
1495 2557 1828 2617 litterarum
1876 2574 2095 2632 genere
2129 2555 2373 2617 Graecis
2402 2573 2605 2634 parem

366 2675 429 2716 se
474 2662 825 2733 praestaret.
915 2662 981 2719 In
1028 2660 1191 2720 libris
1235 2661 1387 2720 euim
1437 2660 1511 2719 de
1558 2661 1712 2737 legg.
1751 2664 1802 2737 1,
1834 2664 1871 2720 5
1903 2677 2031 2735 sqq.
2079 2678 2112 2718 a
2153 2657 2377 2731 Quinto
2422 2658 2605 2718 fratre

366 2762 424 2817 et
468 2760 668 2820 Attico
730 2779 794 2821 sc
843 2764 1067 2822 moneri
1117 2762 1276 2840 facit,
1323 2767 1390 2822 ut
1435 2763 1735 2823 historiam
1795 2761 2160 2837 conscribat,
2221 2762 2443 2838 quippe
2504 2761 2605 2838 qui

365 2860 517 2920 haue
575 2880 816 2939 quoque
875 2865 1112 2925 laudem
1158 2864 1405 2925 Graecis
1459 2866 1650 2942 possit
1695 2866 1960 2941 eripere;
2016 2865 2143 2940 ipse
2191 2868 2390 2923 aut-em
2435 2862 2496 2936 (ἓ
2541 2863 2604 2932 8)

364 2980 489 3022 eam
537 2964 721 3023 solam
768 2966 843 3025 ob
877 2985 1148 3026 caussam
1196 2968 1356 3027 huuc
1389 2968 1651 3027 laborem
1686 2971 1941 3043 recusat,
1986 2966 2148 3042 quod
2198 2966 2421 3025 nullum
2462 2971 2603 3024 tem-

362 3083 476 3142 pus
522 3084 773 3126 vacuum
821 3068 932 3128 sibi
977 3070 1069 3129 sit.
1156 3071 1410 3130 Temere
1453 3073 1649 3128 autem
1698 3087 1830 3128 eum
1877 3068 1982 3127 tali
2027 3068 2255 3127 muneri
2302 3086 2367 3127 se
2397 3085 2602 3144 parem

363 3173 603 3243 putasse
652 3187 725 3228 ex
770 3169 862 3246 iis,
908 3188 1060 3247 quae
1091 3171 1359 3248 exposui,
1404 3172 1547 3231 satis
1596 3188 1886 3248 apparere
1921 3168 2176 3230 videtur.
2265 3171 2355 3229 Ac
2399 3188 2474 3229 ne
2507 3168 2601 3228 iile

362 3269 598 3348 quidem
646 3271 778 3350 ejus
823 3272 987 3351 liber,
1031 3273 1132 3351 qui
1173 3273 1467 3346 „Brutus“
1517 3273 1885 3345 inscribitur,
1930 3271 2007 3332 ad
2054 3272 2211 3331 hane
2242 3272 2600 3332 sententiam

359 3373 769 3435 infirmandam
818 3375 1146 3454 quidquam
1180 3377 1353 3435 valet.
1443 3376 1706 3435 Primum
1757 3376 1910 3435 enim
1958 3378 2257 3435 oratorum
2291 3375 2597 3436 historiam

360 3477 419 3535 in
466 3495 587 3555 qua
631 3478 962 3539 vehementi
1006 3478 1207 3539 studio
1253 3485 1529 3539 versatus
1560 3485 1706 3548 erat,
1755 3478 1963 3539 Cicero
2010 3478 2125 3539 hoc
2168 3479 2462 3555 opusculo
2503 3496 2600 3538 ex-

526 3760 596 3825 ⁴⁶)
630 3759 702 3813 cf.
739 3760 889 3815 Brut.
933 3765 1054 3831 1323
1089 3777 1166 3817 or.
1204 3765 1299 3827 323
1334 3760 1454 3815 ibid
1490 3767 1580 3816 62.

525 3847 595 3912 ⁴⁷)
627 3842 697 3899 cf.
735 3845 787 3900 d.
824 3846 975 3902 deor.
1010 3852 1124 3902 nat.
1162 3850 1210 3915 2,
1242 3851 1330 3915 ¹83
1368 3847 1489 3902 Cat.
1527 3851 1607 3902 79.

525 3932 593 3996 ⁴⁸)
627 3928 698 3985 of.
734 3930 787 3984 d.
823 3930 969 4000 legg.
1011 3936 1055 3997 1,
1093 3937 1140 3986 5.

524 4018 593 4082 ⁴⁹)
627 4012 697 4071 cf.
735 4016 788 4070 d.
825 4031 938 4085 rep.
978 4022 1026 4082 2,
1063 4022 1155 4086 273
1188 4017 1238 4071 d.
1277 4018 1371 4071 off.
1410 4025 1456 4080 3,
1499 4022 1611 4072 113.

524 4104 599 4169 ⁶⁰)
630 4101 786 4156 Brut.
823 4106 914 4170 663
950 4102 1002 4157 d.
1040 4102 1152 4157 div.
1197 4107 1239 4170 1,
1274 4108 1368 4172 393
1404 4103 1474 4158 ad
1513 4104 1576 4168 Q.
1613 4101 1679 4159 fr.
1719 4109 1766 4168 2,
1809 4110 1885 4172 13,
1923 4109 1967 4158 4.

523 4189 589 4250 ⁸¹)
626 4187 782 4241 Brut.
818 4192 913 4255 663
947 4186 1082 4241 ibid.
1119 4192 1248 4256 2⁰43
1283 4188 1336 4243 d.
1375 4189 1521 4258 legg.
1564 4194 1607 4251 1,
1645 4195 1703 4259 53
1738 4189 1809 4243 ad
1847 4188 1969 4245 Att.
2009 4194 2057 4254 2,
2093 4195 2141 4257 6,
2179 4193 2227 4242 2.

523 4273 590 4338 ⁸²)
622 4272 777 4328 Brut.
814 4275 942 4343 2043
975 4288 1054 4329 or.
1096 4276 1186 4329 191
1228 4289 1351 4343 sqq.
