3166 4871
555 277 673 338 172

551 451 1000 512 narratiuncula
1058 454 1599 533 quomodocunque
1653 473 1717 514 sc
1761 455 1942 515 habet
1994 456 2055 516 id
2103 456 2341 534 quidem
2387 456 2605 517 docere
2652 457 2790 516 mihi

552 554 808 628 videtur,
843 574 1061 616 morem
1096 556 1255 617 illum
1287 558 1592 617 scenicum
1623 558 1697 616 ad
1726 558 2082 617 Hermonem
2115 559 2459 619 histrionem
2483 560 2790 636 comicum,

551 674 728 734 quem
760 658 980 718 Pollux
1012 663 1313 730 memorat,
1358 664 1705 720 revocatum
1737 659 1937 721 fuisse.
1998 659 2221 722 Eodem
2260 662 2320 721 in
2365 662 2538 738 libro,
2581 661 2616 733 ᾗ
2651 665 2791 738 143,

552 760 785 838 Pollux,
830 761 933 821 ubi
977 759 1052 820 de
1083 761 1355 838 personis
1387 763 1631 822 comicis
1661 761 1943 838 disputat,
1989 762 2139 823 duas
2169 781 2458 841 personas
2490 765 2787 824 nominat:

550 851 963 942 ,ξΕρμώνειος
1022 853 1533 944 σφηυοπώγωνα
1592 869 1653 924 et
1724 852 2153 943 ,,“Ερμώνειος
2213 856 2571 945 δεύτερος“,
2638 884 2791 943 qnae

555 984 847 1043 personae
891 970 1045 1027 teste
1090 973 1245 1027 auct.
1277 969 1468 1045 Etym.
1499 987 1649 1044 mag.
1681 988 1738 1045 p.
1771 972 1911 1046 376,
1942 972 2024 1031 48
2069 969 2144 1029 ab
2184 969 2485 1030 Hermone
2532 968 2788 1047 quodam

552 1086 768 1129 nomen
823 1069 1127 1130 duxerunt
1184 1053 1598 1148 (,,Ἔρμώνεια
1631 1083 1642 1096 ·
1677 1068 2091 1149 Ilpoomszezq
2146 1055 2331 1130 οὕτω
2408 1057 2793 1149 κᾳλοῦμενα

553 1160 737 1243 ποιὰ,
785 1155 920 1231 ἀπὸ
953 1157 1296 1251 Ἕρμωνος
1338 1168 1463 1231 τοῦ
1505 1168 1789 1250 πρῶτον
1835 1166 2320 1246 εἰκονίσαντος,
2375 1162 2468 1246 ὡς
2508 1161 2551 1255 ἦ
2599 1169 2792 1255 Θηρί-

554 1273 778 1345 κλειος
835 1260 1027 1350 κύλιξ
1083 1270 1195 1334 καὶ
1247 1259 1601 1353 Ἰφικρατὶς
1673 1266 1753 1335 τὸ
1821 1262 2188 1356 innitimur&
2262 1307 2348 1318 —
2425 1276 2584 1357 Θηρ.
2645 1266 2803 1335 κύλ..ο

554 1377 976 1453 Aristophanis
1040 1379 1256 1438 Comici
1334 1385 1530 1438 aetate
1598 1380 1839 1438 inventa
1900 1378 2225 1439 traditur
2214 1399 2307 1457 ·..ρ
2365 1379 2583 1440 Athen.
2642 1383 2792 1440 470.

556 1464 1083 1555 ,,κατασκευᾶσαι
1137 1472 1208 1538 δὲ
1261 1473 1518 1557 λέγεται
1569 1471 1695 1560 τὴν
1752 1467 1997 1540 κύλικα
2054 1471 2307 1562 ταύτην
2366 1478 2705 1561 Θηρικλῆς
2755 1468 2792 1540 ὁ

560 1576 929 1660 Κορίνθιος
972 1572 1309 1660 κεραμεύς
1354 1566 1466 1657 ἀφ
1498 1575 1581 1641 οὐ
1626 1579 1739 1641 καὶ
1781 1572 2081 1662 τοῦνομα
2125 1574 2273 1662 ἔχει,
2317 1600 2611 1662 γεγονως
2652 1589 2795 1654 τοῖς

553 1673 826 1762 χρόιοις
869 1673 1041 1742 κατὰ
1082 1669 1207 1742 τὸν
1252 1675 1551 1763 κωμικὸν
1593 1669 2075 1766 Αριστοφὰνη.ι
2076 1690 2133 1758 ·.)

728 1786 842 1846 Hic
900 1786 1119 1847 Hermo
1179 1787 1411 1847 idemne
1472 1788 1549 1848 sit
1609 1807 1740 1848 cum
1789 1789 2075 1850 histrione
2119 1810 2155 1849 a
2198 1791 2441 1851 Polluce
2485 1789 2520 1861 ξ
2552 1793 2633 1852 88
2679 1775 2796 1849 me·

560 1894 788 1950 morato
849 1908 983 1950 cum
1047 1889 1344 1951 Meinekio
1408 1890 1568 1955 (hist.
1630 1909 1778 1951 com.
1838 1911 1893 1969 p.
1940 1889 2088 1962 562)
2150 1894 2207 1954 in
2267 1892 2445 1954 dubio
2503 1892 2798 1969 relinque,

559 1993 703 2071 quia
763 1993 1081 2053 Hermonis
1157 2013 1369 2054 nomen
1435 1994 1855 2071 pervulgatum
1934 1996 2048 2055 fuit
2108 2014 2304 2072 neque
2365 1997 2439 2055 ab
2503 2001 2680 2070 etym.
2725 2013 2799 2055 m.

558 2102 803 2156 auctore
865 2095 1132 2156 additum
1191 2107 1309 2174 est,
1367 2116 1544 2172 quam
1607 2105 1791 2157 artem
1866 2099 2088 2158 Hermo
2159 2099 2259 2158 illc
2331 2100 2408 2158 sit
2476 2097 2796 2174 professus.

558 2200 894 2259 Hermoncs
941 2220 976 2257 :t
1021 2199 1264 2259 Polluce
1309 2204 1371 2259 ct
1414 2219 1450 2259 a
1497 2201 1682 2259 schol.
1727 2201 2036 2278 Aristoph.
2084 2206 2437 2262 memoratos
2483 2219 2603 2261 non
2649 2199 2800 2259 duos

558 2301 663 2363 scd
711 2320 891 2362 uuum
937 2301 1316 2378 eundemque
1363 2302 1566 2379 fuisse,
1612 2321 1972 2380 quamquam
2020 2305 2200 2364 certis
2246 2304 2616 2381 argumentis
2661 2320 2797 2362 con·

561 2403 781 2464 firmari
837 2404 1060 2481 nequit,
1121 2407 1317 2467 tamen
1364 2404 1679 2466 verisimile
1727 2404 1863 2464 mihi
1911 2404 2174 2481 videtur,
2238 2405 2381 2484 quia
2425 2404 2497 2465 ab
2545 2408 2798 2484 utroque

562 2506 997 2568 comoediarum
1060 2512 1229 2566 actor
1291 2506 1677 2584 significatur.
1779 2508 1906 2568 Jam
1970 2508 2151 2568 redeo
2199 2507 2273 2567 ad
2319 2508 2505 2568 schol.
2550 2510 2693 2568 Rav.
2741 2514 2803 2568 et

560 2611 706 2670 Ven.
752 2609 826 2668 ad
876 2611 974 2669 Ar.
1021 2609 1156 2668 nub.
1203 2612 1343 2685 541,
1374 2613 1473 2669 42.
1562 2609 1895 2670 Scholiasta
1943 2610 2123 2670 verba
2167 2609 2311 2671 facit
2366 2610 2441 2671 de
2486 2611 2799 2681 histrione;

561 2712 666 2773 sed
728 2728 1086 2789 quamquam
1147 2710 1307 2788 quod
1371 2730 1465 2771 νν.
1514 2715 1665 2783 541,
1707 2715 1787 2773 42
1835 2711 2105 2772 illuditur
2149 2712 2223 2772 ab
2270 2717 2472 2773 actore
2517 2714 2574 2773 in
2622 2731 2802 2773 scena

562 2818 875 2894 peccatum
921 2818 1012 2874 est
1054 2818 1251 2874 tamen
1296 2817 1363 2873 ut
1405 2812 1904 2875 antecedentibus
1962 2814 2236 2876 versibus
2283 2816 2365 2875 ita
2420 2815 2513 2876 his
2558 2834 2801 2894 quoque

564 2922 798 2995 poetam
846 2915 1145 2995 quendam
1191 2917 1542 2994 perstringit
1583 2917 2041 2995 Aristophanes,
2086 2922 2145 2978 et
2188 2936 2324 2978 enm
2369 2917 2639 2996 quidem,
2700 2918 2801 2995 qui

565 3026 631 3083 ut
679 3020 956 3098 ,iocorum
1015 3020 1367 3096 pravitatem
1424 3020 1750 3080 occultaret
1792 3019 2136 3099 adiumento
2180 3027 2304 3081 tam
2350 3020 2576 3080 lubrico
2621 3025 2802 3097 atque

564 3125 767 3202 inepto
814 3141 958 3184 usus
1004 3122 1109 3199 sit3
1168 3123 1371 3199 vides,
1414 3122 1474 3182 in
1519 3122 1759 3182 scholiis
1805 3142 2045 3201 quoquc
2092 3142 2211 3183 non
2258 3123 2446 3184 solum
2495 3123 2803 3183 histrionis

564 3227 668 3290 scd
717 3231 1028 3305 poctarum
1092 3243 1330 3304 quoque
1392 3227 1631 3285 nomina
1687 3226 1906 3285 afferri.
1996 3226 2373 3286 Halbertsma
2430 3227 2638 3304 igitur,
2697 3226 2798 3304 qui

563 3334 728 3391 recte
789 3328 1156 3389 Ravennatis
1200 3328 1490 3388 scholium
1536 3327 1749 3388 ‹·cteris
1793 3330 2169 3406 praeposuit,
2226 3328 2284 3389 id
2347 3329 2616 3389 omittere
2682 3348 2797 3389 non

564 3432 785 3510 debuit,
830 3450 952 3491 una
997 3450 1125 3490 cum
1177 3432 1476 3491 Hermone
1523 3431 1809 3493 histrione
1856 3437 2091 3510 poetam
2138 3451 2268 3492 cum
2316 3432 2482 3509 tangi
2528 3432 2586 3491 in
2630 3432 2802 3509 cujus

567 3535 780 3595 fabulis
825 3534 921 3594 hic
965 3539 1165 3611 partes
1210 3534 1416 3611 egerit.
1507 3534 1727 3612 Quare,
1773 3536 1819 3593 si
1868 3533 2102 3594 ostendi
2134 3535 2258 3613 jam
2303 3538 2518 3612 potest,
2562 3534 2800 3611 quinam

566 3639 826 3698 comicus
871 3638 1024 3696 tales
1069 3654 1361 3714 personas
1402 3636 1806 3698 introduxerIt
1847 3639 1972 3698 sivo
2018 3637 2092 3696 ad
2139 3655 2316 3714 quem
2364 3638 2650 3698 comicum
2684 3636 2802 3697 duo

470 3738 473 3740 ’
566 3742 646 3803 illi
691 3758 905 3801 versus
949 3738 1248 3800 referendi
1293 3742 1443 3813 sint,
1504 3741 1691 3801 eidem
1742 3741 2101 3800 Hermonem
2151 3741 2494 3800 histrionem
2540 3741 2804 3800 tribuere

567 3844 739 3905 nobis
782 3843 940 3903 licet.
1016 3843 1326 3921 Hermippi
1359 3848 1617 3904 actorem
1666 3861 1796 3903 eum
1844 3842 2043 3917 fuisse,
2088 3843 2249 3920 quod
2296 3842 2481 3903 schol.
2512 3841 2804 3903 Bruncki-

565 3965 715 4007 anus
759 3946 1047 4023 affirmat,
1107 3950 1352 4024 propter
1397 3946 1673 4023 exiguam
1720 3945 1900 4024 hujus
1945 3946 2153 4007 scholii
2200 3944 2613 4006 auctoritatem
2662 3964 2803 4005 non·

567 4050 706 4109 dnm
755 4052 1002 4109 constat.
1108 4036 1456 4125 Eupolidem
1520 4049 1771 4126 ejusque
1831 4049 2089 4109 fabulam
2136 4032 2673 4127 „Hpoomianost
2714 4047 2806 4106 his

566 4152 839 4212 versibus
881 4152 1065 4229 tangi,
1111 4150 1269 4228 quod
1321 4152 1377 4210 in
1425 4152 1610 4212 schol.
1645 4151 1777 4211 Ald.
1823 4153 2088 4211 notatum
2140 4156 2247 4228 est,
2289 4150 2803 4228 persuasissimum

564 4256 676 4315 sibi
725 4273 857 4316 esse
903 4254 1048 4315 dicit
1091 4253 1386 4331 Bergkius
1432 4253 1560 4326 (rel.
1599 4273 1746 4315 com.
1784 4273 1840 4331 p.
1872 4253 2020 4327 358)
2066 4259 2126 4313 et
2174 4251 2468 4313 Meinekio
2515 4251 2612 4326 (fr.
2658 4270 2807 4311 com.
