3166 4871
533 272 653 336 188

745 442 868 506 νῦν
911 433 1201 527 μὲνγὰρ
1247 432 1448 507 οὐδὲν
1493 465 1662 508 οντα
1705 435 2013 522 βαστάζω
2055 453 2300 525 χεροῖν,

748 539 973 628 δόμων
1020 544 1096 610 δέ
1138 536 1216 622 σ’,
1262 536 1319 607 ὦ
1359 557 1509 622 παῖ,
1577 536 1890 628 λαμπρὸν
1936 535 2245 627 ἐξέπεμψ’
2293 539 2476 627 ἐγώ.“
2563 548 2770 608 κ.τ.λ.

531 652 905 722 Schaeferus‚
947 654 1050 731 qni
1096 653 1320 731 primus
1367 653 1442 713 de
1489 652 1727 712 dnobus
1758 652 1923 712 Polis
1967 651 2311 728 disputavit,
2356 652 2533 712 Gellii
2566 670 2765 711 narra·

532 757 748 816 tionem
808 754 883 815 ad
949 756 1160 816 Polum
1216 755 1498 833 majorem
1556 753 1744 815 refert
1787 753 2041 815 cundem
2088 756 2188 831 qui
2235 752 2496 831 Oedipos
2540 753 2767 831 Sopho-

532 859 691 918 cleas
736 858 886 934 egit;
942 877 1062 936 quo
1100 858 1259 935 jure,
1306 877 1423 919 non
1471 857 1676 919 video:
1723 858 2002 934 quoniam
2050 856 2279 917 Gellius
2326 856 2487 917 nudo
2533 857 2769 917 nomine

532 962 721 1020 utitur
782 979 977 1037 neque
1039 960 1316 1032 traditur,
1383 961 1596 1022 Polum
1657 979 1837 1038 quum
1898 958 2103 1020 fabula
2156 960 2408 1038 primum
2457 959 2636 1019 docta
2679 963 2771 1019 est

532 1065 810 1124 Electrae
884 1068 1089 1141 partes
1166 1064 1387 1141 egisse,
1473 1065 1765 1124 incertum
1836 1066 2103 1123 remanet
2168 1066 2305 1123 nter
2368 1062 2769 1140 significetur:

533 1167 828 1227 Electram
883 1163 1275 1243 Sophocleam
1333 1171 1469 1244 post
1526 1173 1774 1227 mortem
1836 1183 2082 1243 quoque
2140 1171 2353 1241 poetae
2397 1169 2592 1225 actam
2637 1181 2772 1223 esse

533 1287 566 1329 e
614 1268 769 1329 Plut.
813 1273 1041 1346 quaest.
1085 1288 1256 1330 conv.
1304 1272 1360 1344 9,
1407 1273 1443 1331 6
1489 1269 1872 1345 intelligitur:
1918 1264 2290 1329 Theodorus
2318 1267 2596 1327 Electrae
2638 1286 2772 1346 par-

533 1376 624 1431 tes
666 1372 816 1432 scite
861 1371 1158 1432 sustinuit.

711 1476 859 1534 Item
917 1474 1206 1534 incertum
1261 1474 1648 1552 relinquitur,
1706 1478 1903 1535 utrum
1952 1474 2161 1534 Polum
2206 1471 2503 1549 significet
2546 1473 2775 1533 Plutar-

539 1579 689 1638 chus
752 1577 944 1637 tribus
1003 1576 1316 1637 moralium
1384 1578 1557 1637 locis:
1620 1595 1696 1637 an
1756 1579 1881 1637 scni
1942 1576 2018 1637 sit
2068 1593 2194 1654 ger.
2238 1575 2350 1653 111,
2409 1593 2609 1653 praec.
2650 1593 2775 1651 ger.

535 1681 683 1757 reip.
738 1683 850 1756 21,
912 1679 986 1739 de
1043 1678 1193 1756 glor.
1253 1679 1471 1740 Athen.
1528 1685 1586 1741 6.
1643 1708 1727 1720 —-
1786 1680 1985 1740 Primo
2048 1679 2179 1738 loco
2239 1677 2314 1738 de
2373 1677 2521 1738 Polo
2580 1680 2777 1738 exstat

538 1781 829 1853 narratio,
889 1799 1048 1860 quae
1109 1800 1467 1860 quamquam
1532 1781 1926 1843 Eratosthene
1983 1786 2045 1842 et
2099 1780 2461 1842 Philochoro
2523 1781 2777 1841 testibus

536 1885 823 1956 refertur,
911 1903 1029 1945 non
1104 1886 1296 1945 minus
1361 1904 1542 1963 quam
1609 1902 1763 1963 quae
1829 1883 2127 1945 antecedit
2191 1883 2457 1945 fabulam
2522 1883 2776 1944 redolet:

536 1987 974 2066 „Philemonem
1020 1991 1081 2048 et
1112 1987 1418 2048 Alexidem
1466 1992 1676 2066 poetas
1723 1988 1981 2048 comicos
2026 1989 2083 2047 in
2132 2005 2313 2047 scena
2356 1986 2512 2047 inter
2557 2004 2622 2046 se
2653 2004 2776 2047 cer·
2818 2017 2830 2030 ·

535 2095 732 2152 tantes
803 2095 864 2152 et
938 2097 1253 2151 coronatos
1326 2093 1582 2152 animam
1658 2091 2055 2162 exhalavisse;
2139 2090 2347 2151 Polum
2423 2088 2773 2166 tragoedum

535 2193 1041 2272 septuagesimum
1118 2212 1340 2254 annum
1411 2199 1687 2270 agentem
1756 2194 1935 2271 paulo
1992 2201 2311 2270 antequam
2372 2195 2643 2252 mortuus
2701 2192 2778 2252 sit

538 2299 797 2373 quatuor
849 2294 1063 2356 diebus
1118 2301 1251 2357 octo
1306 2295 1651 2374 tragoedias
1706 2288 1952 2373 egisse“.
2038 2296 2245 2356 Polum
2302 2295 2433 2355 loco
2480 2293 2578 2355 illo
2622 2313 2775 2355 com·

537 2400 923 2459 memoratum
996 2397 1070 2458 ad
1132 2416 1415 2460 summam
1482 2402 1848 2459 senectutem
1909 2397 2263 2476 pervenisse
2324 2416 2356 2459 e
2419 2395 2619 2469 fabula
2677 2397 2777 2457 illa

536 2504 803 2579 apparet.

707 2602 916 2662 Altero
961 2602 1091 2662 loco
1136 2603 1318 2664 Polus
1362 2608 1422 2661 ct
1463 2603 1823 2665 Theodorus
1867 2603 2122 2681 exempli
2171 2621 2351 2663 causa
2398 2606 2464 2663 ut
2507 2607 2774 2663 actorum

538 2705 900 2783 tragicorum
960 2706 1263 2783 principes
1324 2711 1862 2766 commemorantur
1921 2705 2013 2765 his
2072 2706 2304 2766 verbis:
2371 2751 2420 2777 „.
2473 2752 2484 2763 .
2535 2751 2548 2765 .
2605 2690 2777 2764 ὥστε

538 2798 905 2867 κάλλιστον
956 2796 1124 2866 εἶναι
1184 2794 1462 2888 μάθημα
1524 2803 1638 2867 καὶ
1689 2798 2198 2889 χρησιμώτατον
2255 2797 2333 2867 τὸ
2386 2807 2780 2887 πειθαρχεῖν

540 2916 684 2981 τοῖς
743 2897 1160 2990 ἡγουμένοις.
1208 2897 1338 2971 κᾶν
1390 2898 1861 2989 ὑποδεέστεροι
1921 2900 2193 2989 δυνάμει
2252 2906 2366 2970 καὶ
2426 2896 2587 2988 δόξῃ
2629 2928 2782 2989 τυγ-

535 3003 836 3092 χάνωσιν
896 3001 1102 3085 ὄντες.
1195 3001 1477 3077 Ἄτοπον
1538 3002 1661 3093 γάρ
1723 3006 1886 3085 ἐστι,
1947 3003 2073 3073 τὸν
2125 3007 2247 3091 μὲν
2307 3005 2381 3073 ἐν
2441 3007 2782 3096 τραγῳδίᾳ

540 3106 1150 3196 πρωταγωνιστὴν,
1220 3104 1581 3195 Θεόδωρον
1642 3102 1686 3195 ἢ
1746 3112 1997 3176 Πῶλον
2043 3102 2237 3190 ὄντα,
2298 3113 2623 3195 μισθῳτῷ
2682 3112 2782 3195 τῷ

544 3203 626 3279 τὰ
684 3212 879 3298 τρίτα
940 3213 1204 3298 λέγοντι
1278 3210 1608 3291 πολλάκις
1667 3209 1949 3279 ἕπεσθαι
2005 3213 2119 3278 καὶ
2178 3212 2783 3300 προσδιαλέγεσθαι

544 3318 910 3395 ταπεινῶς,
956 3307 1043 3380 ἂν
1086 3314 1342 3394 ἐκεῖνος
1400 3312 1510 3400 ἔχῃ
1568 3312 1649 3381 τὸ
1707 3310 1994 3402 διάδημα
2051 3317 2162 3381 καὶ
2222 3311 2301 3381 τὸ
2360 3316 2781 3400 σκῆπτρον“;

716 3423 922 3485 Tertio
991 3424 1124 3485 loco
1184 3426 1322 3502 plus
1394 3426 1576 3486 semel
1647 3443 1830 3502 supra
1888 3425 2128 3485 laudato
2202 3425 2261 3484 in
2322 3424 2781 3486 clarissimorum

542 3526 905 3604 tragicorum
961 3530 1225 3586 actorum
1248 3572 1262 3599 ,
1325 3528 1619 3605 Mynnisci
1665 3527 2012 3606 Callippidis
2072 3529 2396 3599 Nicostrati
2462 3525 2782 3599 Theodori,

543 3646 791 3690 numero
838 3627 1023 3689 Polus
1067 3630 1402 3706 reponitur.

714 3731 805 3791 De
852 3749 974 3791 nno
1018 3730 1169 3791 Polo
1201 3730 1486 3792 Aelianus
1530 3750 1773 3810 quoque
1818 3733 2042 3810 cogitat
2092 3736 2245 3806 „nat
2276 3733 2452 3793 anim.
2485 3732 2608 3803 VII,
2639 3729 2781 3804 40“‚

545 3833 645 3894 ubi
692 3832 969 3910 exempla
999 3851 1360 3894 enumerans
1405 3835 1620 3895 amoris
1664 3834 1918 3896 dominis
1964 3854 2000 3894 a
2031 3834 2274 3895 canibus
2317 3835 2590 3911 praestiti
2626 3835 2782 3894 hanc

543 3936 819 3996 fabellam
857 3935 1124 4013 jocosam
1173 3936 1381 3998 tradit:
1430 3927 1697 4016 „1116ch
1741 3930 1864 4016 μὲν
1910 3923 2037 3998 οὖν
2082 3934 2181 4016 τῷ
2227 3932 2348 4016 τῆς
2403 3931 2783 4017 τραγῳδίας

545 4021 884 4117 ὗποκριτῇ
931 4022 968 4095 ὃ
997 4022 1189 4097 κύων
1236 4026 1273 4097 ὁ
1317 4028 1646 4118 τρόφιμος
1676 4024 1887 4099 αὐτοῦ
1930 4035 2261 4100 τεθνεῶτι
2291 4034 2405 4099 καὶ
2448 4033 2783 4119 καιομένῳ

543 4127 787 4201 ἑαυτὸν
834 4135 1353 4222 συγκατέπρησε,
1397 4139 1479 4219 τῇ
1520 4137 1707 4224 πυρᾷ
1750 4132 2214 4223 ἐπιπηδήσας.“

713 4246 964 4306 Restant
1007 4242 1127 4306 duo
1174 4246 1307 4324 loci,
1368 4247 1585 4323 quibus
1630 4246 1757 4306 Poli
1807 4247 2027 4308 mentio
2071 4245 2161 4323 fit,
2218 4246 2315 4305 ΡΒ.
2362 4245 2514 4305 Plut
2561 4237 2781 4324 (Dem.)
