3166 4871
545 289 662 351 144

536 462 737 540 Antig.
780 466 924 523 427.
1051 446 1237 520 οὕτω
1284 453 1354 521 δὲ
1396 445 1630 541 χαῦτη,
1674 449 1885 538 ψιλὸν
1930 478 2022 533 ως
2064 459 2193 543 ορᾷ
2237 456 2441 522 νέκυν

1048 547 1312 643 γόοισιν
1358 553 1728 642 ἐξῴμωξεν,
1771 569 1886 624 etc.

708 666 778 726 In
841 666 1118 727 omnibus
1192 666 1375 744 igitur
1430 666 1522 726 his
1585 665 1897 725 sententiis
1956 665 2331 728 secundariis
2398 666 2556 727 idem
2616 668 2783 728 verbi

536 751 710 849 ὁρᾶν
752 786 1042 845 praesens
1087 768 1400 846 repetitur,
1446 775 1514 828 ut
1557 768 1671 827 iam
1718 766 2106 836 intellexeris,
2152 773 2377 846 quanto
2424 786 2555 829 cum
2586 769 2786 831 studio

537 870 931 949 Aeschyleam
1006 872 1418 932 auctoritatem
1484 871 1815 946 Sophocles
1891 871 1949 930 in
2026 871 2206 931 huius
2283 871 2451 932 verbi
2513 890 2625 933 usu
2711 873 2788 934 sit

537 975 801 1035 secutus.

707 1075 761 1136 A
792 1075 1010 1136 ceteris
1040 1093 1183 1137 vero
1215 1075 1590 1137 secundariis
1632 1075 1946 1136 sententiis
1984 1093 2118 1136 cum
2149 1094 2437 1152 praesens
2468 1076 2601 1137 hist.
2631 1078 2788 1139 absit

542 1179 602 1238 in
648 1177 870 1237 fabulis
914 1177 1282 1257 Aeschyleis,
1325 1177 1401 1239 de
1434 1178 1773 1256 Aeschyleo
1822 1178 2064 1255 quidem
2110 1196 2221 1239 usn
2268 1179 2648 1241 statuendum
2679 1184 2788 1258 est,

539 1280 701 1358 qnod
754 1281 823 1342 G.
870 1282 1248 1342 Hermannus
1310 1279 1408 1355 (ad
1458 1281 1642 1360 Soph.
1694 1282 1846 1342 Phil.
1890 1280 2041 1355 321)
2104 1282 2444 1360 contendit,
2500 1300 2789 1361 praesens

536 1382 743 1443 histor.
802 1384 1125 1444 convenire
1184 1385 1481 1460 primariis
1525 1384 1801 1462 partibus
1846 1385 2243 1456 narrationis,
2296 1403 2415 1446 non
2478 1386 2654 1446 etiam
2699 1385 2786 1458 iis,

537 1504 693 1563 quae
738 1485 930 1547 obiter
972 1490 1034 1548 et
1078 1485 1422 1564 explicandi
1468 1505 1647 1547 causa
1692 1488 2050 1548 inserantur.

709 1588 777 1647 In
837 1587 950 1649 illis
1003 1592 1199 1650 autem
1246 1589 1542 1667 primariis
1587 1590 1996 1649 narrationum
2058 1589 2334 1667 partibus
2388 1590 2503 1650 hoc
2544 1589 2620 1652 de
2665 1608 2785 1668 quo

513 1690 772 1769 ,agimus
801 1709 1086 1769 praesens
1116 1691 1457 1752 historicum
1492 1693 1574 1751 ita
1606 1691 1834 1752 obtinet
1862 1692 2077 1768 locum,
2107 1695 2174 1751 ut
2204 1709 2425 1771 rernm,
2453 1711 2612 1770 quae
2634 1692 2785 1753 refe·

536 1797 769 1872 runtur,
808 1793 976 1870 quasi
1010 1794 1208 1872 capita
1238 1793 1334 1854 vel
1367 1811 1600 1853 summa
1645 1794 1990 1854 discrimina
2035 1794 2291 1854 illustret
2333 1800 2394 1855 et
2435 1813 2629 1872 paene
2673 1794 2784 1855 sub

539 1899 845 1974 aspectum
905 1895 1172 1956 subiciat.
1279 1897 1513 1957 Aoristo
1566 1914 1712 1957 vero
1767 1901 1968 1957 cetera
2024 1897 2181 1956 facta
2232 1896 2515 1974 deinceps
2578 1901 2780 1957 notan·

539 2002 670 2077 tur,
723 2002 788 2058 ut
831 1999 998 2059 brevi
1045 2003 1368 2076 conspectu
1430 2003 1910 2077 cognoscantur;
1965 1998 2317 2077 imperfecto
2370 1999 2631 2077 denique
2677 2018 2786 2060 eae

535 2101 875 2162 accuratius
932 2101 1356 2162 describuntur
1410 2120 1543 2180 res,
1606 2120 1762 2180 quae
1822 2101 2163 2180 explicandi
2207 2119 2390 2162 causa
2431 2100 2785 2163 adiciendae

536 2203 821 2265 videntur
837 2201 933 2275 ⁴⁸).

710 2305 888 2383 Quod
946 2306 1158 2384 paucis
1217 2307 1266 2367 si
1332 2308 1471 2368 licet
1522 2307 1935 2368 demonstrare
1995 2307 2321 2387 exemplis,
2371 2308 2623 2385 primum
2680 2324 2784 2368 eos

541 2410 705 2471 locos
748 2427 1163 2489 commemoro,
1206 2409 1423 2488 quibus
1472 2428 1654 2471 unum
1702 2408 1877 2472 modo
1926 2409 2257 2473 illustratur
2302 2408 2543 2472 factum.
2629 2411 2783 2472 Nus-

537 2531 716 2590 quam
759 2530 873 2572 sua
916 2512 1133 2589 cuique
1179 2513 1271 2572 vis
1316 2515 1378 2573 et
1420 2512 1686 2590 gravitas
1732 2512 1915 2574 deest.

706 2615 903 2674 Prom.
951 2617 1090 2676 109.
1133 2608 1448 2693 θηρῶμαι
1491 2603 1716 2694 ,πηγήν
1760 2618 1874 2675 etc.
1918 2619 2151 2694 spectat
2206 2614 2284 2675 ad
2328 2614 2554 2676 fontem
2600 2616 2783 2677 totius

538 2717 693 2789 mali,
722 2735 843 2795 quo
868 2715 1194 2778 miserrime
1218 2716 1472 2777 cruciari
1499 2718 1920 2777 Prometheum
1946 2718 2244 2788 videmus;
2277 2716 2488 2779 eodem
2521 2717 2783 2779 referen-

537 2819 675 2880 dum
709 2823 813 2892 est,
845 2818 1008 2898 quod
1041 2819 1197 2879 infra
1227 2839 1282 2878 v.
1308 2823 1435 2882 229
1468 2820 1767 2897 sequitur:
1798 2804 2007 2892 εὐθὺς
2036 2813 2217 2899 νέμει
2248 2866 2259 2877 .
2312 2866 2323 2878 .
2375 2867 2387 2879 .
2437 2867 2449 2879 .
2497 2839 2783 2899 praesens

535 2921 898 2983 historicum.
961 2923 1149 2983 Etiam
1183 2922 1323 3001 quid
1358 2922 1475 2982 sibi
1506 2922 1652 2983 velit
1681 2922 1825 2983 illud
1860 2912 2096 2982 κόπτει
2126 2912 2417 3002 πεδήσας
2446 2928 2557 2985 etc.
2587 2923 2782 2992 (Eum.

538 3022 688 3097 635)
715 3043 789 3086 ex
815 3025 999 3086 totius
1018 3024 1411 3086 Eumenidum
1438 3025 1643 3086 fabula
1666 3026 1953 3087 econsilio
1975 3026 2356 3105 perspicitur,
2376 3026 2538 3104 quod
2563 3025 2780 3088 Schoe-

536 3146 789 3188 mannus
831 3128 892 3188 in
938 3127 1314 3206 praefatione
1361 3128 1758 3189 Eumenidum
1817 3148 1878 3207 p.
1925 3132 2006 3190 10
2027 3146 2195 3207 seqq.
2248 3128 2548 3189 subtiliter
2591 3128 2777 3205 expli-

533 3231 670 3292 cuit.
778 3232 926 3291 Item
983 3229 1192 3308 Suppl.
1238 3234 1379 3293 297.
1423 3227 1745 3313 τελευτᾷ,
1807 3235 1948 3294 300.
1998 3221 2303 3308 πελάζει,
2364 3236 2506 3293 312.
2557 3221 2781 3307 φιτύει

533 3334 874 3411 praesentia
932 3333 992 3392 in
1051 3333 1476 3410 investiganda
1542 3332 1837 3395 affinitate
1907 3339 2259 3412 versantur,
2318 3351 2440 3411 qua
2495 3333 2778 3412 praesidii

531 3436 690 3514 quod
739 3437 986 3495 Danaus
1030 3436 1281 3514 eiusque
1325 3435 1482 3498 filiae
1524 3440 1818 3515 appetunt
1861 3435 2119 3496 officium
2164 3437 2385 3497 nititur.

701 3538 782 3598 At
839 3555 983 3598 vero
1045 3538 1220 3598 etiam
1287 3537 1388 3599 ubi
1445 3538 1625 3598 latius
1672 3542 1915 3599 manant
1974 3557 2172 3600 rerum
2227 3543 2530 3617 gestarum
2577 3556 2779 3599 narra-

526 3640 718 3701 tiones
762 3639 971 3700 eadem
1017 3641 1116 3699 lex
1162 3641 1566 3719 cognoscitur.
2234 3634 2245 3646 ‘

697 3743 1128 3803 Pei-curramus
1173 3742 1639 3822 descriptionem
1688 3743 1847 3804 illam
1893 3762 2133 3823 pugnae
2179 3743 2571 3824 Salaminiae,
2614 3762 2772 3822 quae

695 3924 763 3989 ⁴⁸)
798 3922 1037 3978 Easdem
1074 3937 1215 3992 quas
1250 3937 1355 3979 nos
1389 3923 1696 3994 praesenti,
1722 3923 1791 3979 R.
1816 3922 2047 3979 Kiihner
2080 3924 2200 3992 (Gr.
2224 3924 2296 3979 Il.
2328 3928 2371 3979 1.
2408 3940 2531 3994 pgr.
2555 3927 2674 3992 386,
2700 3926 2777 3992 6.)

523 4008 737 4064 aoristo
786 4012 975 4078 partes
1021 4007 1249 4076 tribuit,
1291 4007 1351 4062 id
1396 4009 1549 4078 quod
1601 4005 1921 4079 Aeschyleo
1964 4015 2382 4080 ceterorumque
2430 4009 2774 4064 scenicorum

523 4100 812 4164 poetarum
878 4108 983 4148 usu
1047 4093 1233 4148 minus
1302 4092 1649 4164 comprobari
1715 4094 1957 4151 videtur.
2048 4092 2279 4151 Rectius
2332 4094 2400 4149 H.
2445 4094 2514 4149 D.
2561 4094 2774 4151 Mliller.

522 4179 736 4250 Syntax
773 4178 826 4233 d.
862 4177 1069 4249 griech.
1103 4177 1295 4249 Temp.
1322 4179 1511 4249 Progr.
1548 4178 1801 4250 Gotting.
1837 4182 1978 4236 1874.
2018 4194 2141 4251 pgr.
2168 4184 2215 4235 8.
2253 4198 2308 4251 p.
2336 4182 2402 4234 20
2437 4179 2510 4235 de
2546 4177 2770 4236 diverso

519 4270 807 4334 poetarum
843 4270 902 4320 et
937 4263 1274 4334 scriptorum
1311 4279 1418 4319 usu
1452 4264 1680 4320 indicat.
