3166 4871
2511 267 2634 330 297

387 433 771 512 purgatoria,
828 436 898 495 ut
949 434 1034 495 ita
1092 434 1311 514 dicam,
1369 434 1844 513 distinguuntur.
1928 438 2082 499 Nam
2139 438 2192 499 si
2230 439 2395 501 aliud
2438 445 2639 505 essent

384 536 600 612 tragici
645 536 912 613 affectus,
954 536 1115 601 aliud
1160 536 1241 616 id,
1286 557 1406 615 quo
1451 540 1731 616 purgatio
1762 539 2040 619 efficitur,
2083 541 2440 605 Aristoteles
2485 542 2634 605 haec
2731 544 2736 549 ’

385 636 585 698 dicere
653 656 774 699 non
840 638 1161 715 potuisset:
1236 623 1329 698 δι’
1394 630 1627 700 ἐλέου
1689 635 1818 700 καὶ
1894 625 2153 718 φόβου
2223 639 2638 722 περαίνουσα

387 724 513 820 τὴν
558 784 571 798 .
622 785 635 798 .
684 730 1036 821 κάθαρσιν.

556 844 819 904 Primum
874 846 1085 925 igitur,
1143 846 1289 923 quin
1346 849 1717 923 spectatores
1771 848 1890 909 sint
1943 848 2056 928 illi,
2119 850 2221 927 qui
2268 850 2533 912 miserari
2578 854 2639 912 et

386 948 653 1009 metuere
712 946 1002 1026 debeant,
1057 946 1239 1011 hodie
1300 967 1475 1010 nemo
1516 948 1790 1011 dubitat.
1876 952 2091 1030 Neque
2148 953 2344 1013 minus
2388 956 2637 1032 constat,

387 1067 560 1127 quem
609 1050 1132 1111 commiserentur:
1194 1050 1543 1129 tragoediae
1599 1051 1900 1131 principes
1951 1070 2244 1149 personas
2286 1055 2440 1117 dico.
2526 1054 2634 1117 Oui

386 1154 584 1211 autem
633 1155 928 1230 metuant,
985 1156 1358 1230 spectatores
1419 1157 1620 1214 utrum
1660 1155 1807 1233 ipsis
1851 1156 1989 1235 sibi,
2049 1176 2127 1216 au
2172 1157 2424 1237 eisdem,
2481 1176 2637 1236 quos

387 1255 897 1332 commiserantur,
941 1254 1141 1315 adhuc
1188 1254 1574 1333 disceptatur.
1664 1257 1911 1318 Constat
1966 1264 2164 1320 autem
2222 1260 2379 1322 inter
2431 1279 2637 1327 omnes

386 1355 768 1418 Aristotelem
812 1357 873 1417 in
919 1362 1051 1418 arte
1096 1358 1396 1419 rhetorica
1439 1358 1711 1420 homines
1756 1360 1888 1421 aliis
1931 1365 2200 1425 metuere
2244 1382 2365 1424 non
2396 1363 2637 1436 dooere,

386 1459 491 1521 sed
536 1460 739 1538 etiam,
801 1461 964 1538 quod
1025 1461 1180 1521 mala
1237 1461 1367 1522 aliis
1425 1466 1719 1525 eventura
1776 1482 1907 1525 cum
1955 1463 2160 1526 dolore
2203 1467 2639 1546 praesentiunt,

390 1561 857 1627 misericordiam
903 1561 1234 1643 vocare³¹)‚
1279 1565 1389 1627 nisi
1432 1564 1521 1629 illi
1563 1567 1817 1628 maxime
1848 1567 1970 1628 sint
1998 1568 2323 1647 propinqui
2339 1565 2433 1649 32),
2479 1587 2636 1649 quae

393 1758 708 1815 Zuschauer
743 1766 932 1831 erregt
966 1760 1212 1829 werden,
1247 1761 1369 1817 also
1403 1761 1462 1816 in
1500 1762 1600 1817 der
1633 1759 1826 1830 Krast,
1861 1763 1963 1818 mit
1998 1762 2236 1823 welcher
2272 1765 2371 1821 der
2406 1765 2640 1823 Dichter

392 1844 484 1901 die
539 1843 739 1901 beiden
793 1861 1028 1915 grossen
1083 1846 1260 1901 Hebel
1314 1847 1415 1902 des
1468 1834 1814 1917 'Pragischen
1869 1864 1940 1903 zu
1992 1847 2323 1904 handhaben
2369 1849 2637 1905 versteht.

389 1931 741 1987 Zweitens
786 1932 847 1985 iu
894 1930 995 1986 der
1039 1930 1463 1988 versohnenden
1515 1932 1633 1987 und
1682 1928 2042 1988 befreienden
2094 1932 2397 2004 Wirkung,
2442 1934 2532 1991 die
2578 1951 2637 1992 er

392 2015 573 2071 durch
609 2017 702 2071 die
737 2019 849 2071 Art
884 2017 1000 2071 und
1037 2017 1226 2073 Weise
1262 2016 1363 2072 der
1397 2021 1693 2087 Loesnng,
1739 2017 1918 2074 durch
1965 2018 2057 2074 die
2091 2021 2260 2076 weise
2296 2018 2637 2076 Oekonomie

392 2101 577 2157 seiner
614 2101 901 2171 Dichtung
934 2102 994 2156 in
1030 2103 1155 2158 dem
1189 2101 1507 2159 Zuschauer
1536 2089 1993 2175 'hervorbringt.“
2079 2105 2277 2177 Itaque
2318 2122 2443 2161 eum
2480 2106 2637 2161 Enri-

389 2188 539 2258 pidis
573 2188 951 2243 oeconomiam
987 2187 1060 2243 ab
1096 2186 1410 2246 Aristotele
1447 2188 1840 2259 reprehensam
1877 2190 2088 2259 videat,
2122 2191 2192 2246 de
2230 2191 2401 2262 poeta
2442 2198 2637 2251 nostro

395 2273 689 2343 praedicat
737 2271 840 2329 hoc
875 2289 933 2342 p.
969 2277 1058 2328 64:
1098 2274 1228 2337 „der
1262 2274 1598 2347 tragischste
1612 2276 1671 2330 *θ’*
1719 2274 1818 2330 Ja!
1855 2307 1922 2315 —
1960 2277 2094 2341 „der
2126 2274 2632 2333 kathartischste‘?“

390 2358 518 2413 Nun
570 2358 689 2414 und
735 2358 1150 2415 nimmermehr!
1196 2390 1264 2400 —
1308 2356 1396 2416 At
1440 2361 1663 2416 ubinam
1713 2361 1849 2416 dicit
1897 2359 2261 2417 Aristoteles:
2317 2356 2409 2418 διὰ
2453 2357 2521 2418 τὸ
2572 2352 2636 2418 εὖ

396 2439 837 2513 οἰκονομεῖσθαι
875 2444 1232 2516 περαίνουσα
1269 2442 1371 2517 τὴν
1410 2441 1576 2504 ἐλέου
1613 2444 1711 2502 καί
1748 2441 1941 2518 φόβου
1978 2442 2638 2518 κάθαρσινῩ--Εαᾱθιιι

391 2528 508 2586 fere
544 2532 760 2586 ratione
798 2531 917 2602 agit
939 2530 1233 2603 Susemihl,
1269 2534 1366 2604 qui
1402 2533 1696 2612 contendit
1728 2550 1784 2603 p.
1816 2537 1898 2588 29.
1967 2531 2297 2590 Aristotelis
2333 2535 2404 2590 de
2438 2549 2635 2605 purga·

387 2616 542 2673 tione
579 2616 888 2672 doctrinam
935 2617 1216 2673 excidisse
1263 2626 1394 2690 post
1439 2619 1501 2674 C.
1538 2619 1690 2673 XIV.
1764 2619 2098 2675 continetur
2140 2625 2322 2675 autem
2367 2626 2637 2689 quantum

388 2703 524 2758 satis
562 2704 623 2758 C.
660 2702 815 2758 XIII.
851 2734 919 2746 —-
956 2704 1212 2775 Denique
1260 2720 1385 2759 cum
1431 2705 1736 2775 Baumgart
1779 2704 2090 2774 interroget
2128 2705 2334 2761 Jahrb.·
2362 2704 2507 2772 CXI,
2542 2710 2638 2761 91:

391 2805 506 2852 „wo
543 2796 671 2859 sagt
705 2789 854 2844 denn
880 2787 1238 2859 Aristoteles,
1276 2789 1408 2844 dasz
1445 2789 1744 2859 Euripides
1769 2789 1867 2844 der
1903 2787 2337 2846 kathartischste
2359 2789 2641 2858 (Dichter)

391 2874 605 2929 ware?
644 2875 1095 2945 respondendum
1134 2882 1247 2932 est:
1288 2875 1349 2931 C.
1384 2874 1467 2930 VI
1503 2883 1563 2931 et
1596 2874 1750 2930 XIII.

562 2961 629 3025 ³¹)
663 2960 802 3017 rhet.
828 2961 889 3016 B.
916 2961 986 3029 V,
1029 2963 1207 3026 138212,
1235 2964 1313 3016 26.
1342 2964 1423 3015 2Ἰ.
1460 2953 1538 3025 ὡς
1563 2953 1613 3014 δ’
1638 2953 1835 3024 ἁπλῶς
1861 2955 2060 3024 εἰπεῖν,
2086 2954 2315 3031 φοβερά
2342 2952 2499 3015 ἐστιν
2523 2949 2637 3014 ὅσα

388 3036 486 3114 ’ἐφ’
506 3038 723 3116 ἑτέρων
742 3042 1058 3117 γιγνόμενα
1081 3040 1117 3116 ἢ
1139 3040 1496 3114 μέλλοντα
1524 3040 1749 3102 ἐλεεινά
1770 3039 1943 3102 ἐστιν,
1987 3048 2170 3111 13868,
2196 3047 2364 3099 29-3
2375 3049 2415 3102 1..
2442 3037 2572 3104 ἐπεὶ
2590 3037 2640 3097 ‹5'

386 3123 568 3200 ἐγγὺς
602 3127 928 3201 φαινόμενα
963 3127 1037 3187 τὰ
1072 3127 1235 3201 πάθη
1275 3127 1501 3189 ἐλεεινά
1541 3125 1714 3195 ἐστιν,
1750 3125 1824 3186 τὰ
1860 3127 1920 3185 δὲ
1956 3124 2273 3200 μυριοστὸν
2309 3122 2442 3193 ἔτος
2475 3123 2638 3198 γενό-

386 3234 536 3283 μενα
582 3209 617 3287 ἢ
662 3211 976 3286 ἐσόμενα
1025 3209 1147 3273 οὔτ’
1197 3211 1618 3283 ἐλπίζοντες
1667 3209 1804 3272 οὔτε
1846 3210 2203 3284 μεμνημένοι
2249 3209 2284 3283 ἢ
2331 3205 2482 3279 ὅλως
2527 3206 2636 3270 οὐκ

389 3295 653 3357 ἐλεοῦσιν
686 3295 723 3373 ἢ
759 3294 862 3372 οὐχ
902 3295 1132 3371 ὁμοίως,
1170 3297 1393 3372 ἀνάγκη
1432 3297 1567 3367 τοὺς
1603 3294 2220 3370 συναπεργαζομένους
2252 3294 2502 3370 σχήμασι
2535 3297 2636 3358 καὶ

387 3393 606 3456 φωναῖς
641 3385 741 3442 καὶ
779 3382 1024 3458 ἐσθήσει
1060 3385 1161 3444 καὶ
1196 3378 1350 3452 ὅλως
1373 3391 1442 3456 τῇ
1466 3381 1774 3457 ὑποκρίσει
1802 3379 2230 3457 ἐλεεινοτέρους
2257 3376 2424 3441 εἶναι·
2464 3378 2637 3455 ἐγγὺς

386 3472 500 3543 γὰρ
523 3476 755 3528 ποιοῦσι
781 3471 1099 3542 φαίνεσθαι
1123 3472 1191 3528 τὸ
1216 3468 1405 3530 κακὸν
1427 3468 1543 3543 πρὸ
1568 3465 1851 3540 ὀμμάτων
1868 3475 2038 3526 ποιοῖ
2040 3484 2187 3536 ντες,
2211 3465 2246 3542 ἢ
2270 3462 2358 3535 ὡς
2378 3464 2636 3538 μέλλον

386 3549 423 3627 ἢ
458 3548 538 3622 ὡς
571 3552 832 3627 γεγονός.
868 3557 968 3614 καὶ
1003 3553 1075 3614 τὰ
1111 3554 1399 3629 γεγονότα
1438 3551 1569 3628 ἄρτι
1603 3549 1640 3629 ἢ
1673 3552 2036 3625 μέλλοντα
2072 3551 2164 3612 διὰ
2197 3550 2424 3626 ταχέων
2461 3549 2636 3616 Hefa-

382 3636 597 3712 νότερα
645 3637 737 3697 διὰ
784 3637 851 3698 τὸ
900 3636 1063 3698 αὐτό.
1133 3643 1326 3714 Neque
1376 3643 1540 3700 aliter
1586 3642 2053 3712 intellegendum,
2103 3642 2253 3713 quod
2295 3637 2636 3700 Aristoteles

384 3727 522 3782 artis
557 3728 813 3798 poeticae
839 3729 900 3785 C.
926 3728 1062 3782 XIV
1098 3728 1255 3784 dicit:
1295 3721 1464 3785 οὐδὲν
1503 3722 1760 3784 ἐλεεινὸν
1796 3720 1932 3782 οὔτε
1970 3731 2156 3782 ποιῶν
2192 3720 2329 3782 οὔτε
2361 3722 2636 3795 μέλλων

384 3811 634 3869 δείκνυσι
651 3834 672 3869 .·
720 3814 929 3885 quibus
965 3814 1154 3869 verbis
1190 3829 1314 3869 eum
1352 3814 1611 3870 affectum
1629 3854 1643 3882 ‚
1693 3813 1788 3882 qui
1837 3810 2029 3868 futuro
2075 3811 2321 3868 facinore
2365 3817 2638 3877 movetur,

372 3899 816 3956 ‘misericordiam
864 3914 991 3955 esse
1038 3905 1232 3969 aperte
1283 3899 1619 3955 declaratur.
1656 3897 1725 3954 cf.
1761 3899 1867 3952 Ed.
1904 3898 2118 3954 Mttller.
2154 3897 2353 3952 Jahrb.
2391 3897 2484 3964 01,
2519 3901 2635 3954 396.

384 3983 537 4040 Idem
572 3993 724 4042 recte
760 3991 949 4042 monet
983 3990 1211 4054 metum,
1245 4000 1357 4052 quo
1391 3984 1513 4038 aliis
1548 3990 1878 4053 metuamus,
1911 3983 1968 4037 in
2005 3982 2343 4039 Graecorum
2381 3996 2637 4038 sermone

388 4083 661 4141 nusquam
696 4071 947 4141 reperiri.
2451 4084 2464 4098 ²

558 4159 630 4225 ⁸²)
674 4160 858 4224 ¹3862,
898 4161 978 4211 17.
1004 4170 1125 4225 sqq.
1164 4149 1390 4212 ἐλεοῦσι
1429 4150 1489 4211 δὲ
1527 4172 1664 4218 τοις
1696 4171 1762 4209 τε
1798 4150 2139 4224 γνωρίμους,
2178 4129 2281 4208 ἐὰν
2303 4146 2383 4221 μὴ
2407 4145 2637 4222 σφόδρα

389 4233 564 4310 ἐγγὺς
599 4232 744 4297 ωσιν
779 4238 1121 4311 οἰκειότητι-ε
1159 4237 1297 4311 περὶ
1331 4237 1390 4297 δὲ
1427 4235 1670 4304 τούτους
1698 4230 1902 4310 ω’σπερ
1929 4236 2064 4309 περὶ
2087 4229 2297 4302 αυτοὺς
2319 4231 2639 4305 μέλλοντας

2162 4341 2227 4392 20
