3166 4871
532 313 654 374 208

532 488 768 564 publica
847 489 1101 576 Athenis
1188 487 1509 556 solvenda;
1586 506 1733 563 pace
1809 493 2005 546 autem
2081 487 2240 546 facta
2313 488 2768 565 Neoptolemum

532 590 753 650 fundos
821 609 963 650 suos
1023 608 1173 667 quos
1241 591 1299 650 iu
1360 591 1563 649 Attica
1634 590 1937 649 habuisset
2002 589 2341 650 vendidisse
2407 589 2771 665 redactaque

531 693 788 770 pecunia
849 692 924 751 ad
987 692 1332 769 Philippum
1392 691 1626 752 abiisse.
1734 691 1907 766 Quod
1971 710 2086 751 non
2154 696 2293 752 ante
2360 711 2579 752 annum
2647 693 2772 753 340

531 794 750 855 factum
838 813 967 854 esse
1050 795 1360 871 inscriptio
1441 793 1619 855 docet
1700 813 1895 871 nuper
1973 798 2211 872 reperta
2294 792 2411 871 (ap.
2485 792 2666 854 Kehl.
2733 793 2769 852 l.

532 898 569 957 l.
640 898 723 974 11,
789 894 967 974 112),
1056 915 1176 973 qua
1260 900 1493 957 constat
1580 897 2043 973 Neoptolemum
2130 915 2259 956 cum
2348 896 2638 957 Thessalo
2712 898 2774 955 et

532 999 922 1059 Athenodoro
996 1000 1242 1076 collegis
1313 1000 1487 1059 annis
1555 1003 1893 1061 342—40
1968 998 2222 1059 Athenis
2293 999 2512 1077 primas
2580 997 2774 1075 egisse

530 1101 591 1161 in
654 1102 870 1162 fabulis
925 1105 984 1161 et
1042 1106 1354 1178 poetarum
1396 1103 1737 1180 aequalium
1795 1106 1855 1162 et
1899 1101 2201 1179 Euripidis
2254 1102 2312 1162 in
2359 1100 2673 1178 Iphigenia
2714 1104 2774 1164 et

530 1204 761 1267 Oreste.
2554 1221 2561 1228 ·

701 1307 849 1368 Cum
909 1307 1187 1385 Philippo
1242 1307 1699 1386 Neoptolemum
1760 1313 1968 1384 postea
2031 1325 2272 1384 quoque
2330 1306 2599 1366 videmus
2656 1323 2770 1364 usu

531 1408 911 1484 conjunctum
961 1428 1150 1486 usque
1194 1409 1269 1469 ad
1317 1427 1659 1489 supremum
1706 1409 1868 1487 regis
1912 1409 2099 1479 diem3
2146 1428 2198 1467 a.
2230 1413 2351 1470 336
2399 1412 2552 1486 teste
2597 1406 2771 1467 Diod.

534 1509 649 1571 Sie.
680 1511 838 1589 XVI,
870 1515 949 1573 92
997 1512 1206 1571 histrio
1251 1511 1351 1571 ille
1399 1501 1840 1590 („.⁷cpmrei>oev
1892 1505 1973 1588 τῇ
2016 1504 2495 1590 μεγαλοφωνίᾳ
2541 1503 2653 1568 καὶ
2696 1505 2777 1586 τῇ

532 1604 749 1690 δόξῃ“)
779 1614 1052 1674 interfuit
1081 1614 1461 1674 sollemnibus
1495 1615 1833 1692 nuptiarum
1867 1633 1903 1673 a
1932 1615 2215 1692 Philippo
2248 1614 2430 1691 Aegis
2472 1611 2774 1687 institutis,

535 1716 753 1794 quibus
783 1735 889 1776 rex
925 1716 1301 1793 Cleopatram
1331 1716 1509 1775 filiam
1543 1717 1896 1777 Alexandro
1928 1718 2211 1795 Epirotae
2243 1718 2302 1775 in
2336 1714 2769 1776 matrimonium

534 1818 702 1879 dedit
759 1824 820 1879 et
864 1837 896 1878 a
945 1820 1241 1880 Pausania
1298 1817 1649 1879 interfectus
1704 1825 1824 1898 est3
1884 1820 2011 1896 regi
2056 1820 2115 1879 in
2175 1820 2371 1878 animo
2436 1818 2550 1878 fuit
2608 1817 2774 1878 festis

530 1921 643 1981 illis
672 1922 821 1981 actis
852 1921 928 1981 ad
959 1921 1183 1982 bellum
1216 1922 1277 1981 in
1308 1921 1509 1981 Asiam
1544 1920 1854 1998 proficisci.
1929 1920 1995 1980 In
2031 1921 2307 1981 convivio
2339 1921 2773 1997 Neoptolemus

531 2043 566 2083 a
596 2041 736 2101 rege
769 2041 982 2084 versus
1013 2024 1304 2100 quosdam
1337 2024 1591 2083 recitare
1629 2024 1837 2101 jussus
1866 2023 1940 2082 ad
1975 2022 2414 2101 expeditionem
2455 2024 2769 2083 instantem

530 2121 903 2203 pertinentes
946 2125 1111 2187 hisce
1154 2126 1425 2187 versibus
1470 2125 1804 2186 declamare
1850 2144 2019 2188 orsus
2065 2131 2185 2186 est:

946 2226 1304 2307 „dipovezre
1351 2223 1483 2287 νῦν
1528 2221 1803 2308 αἰθέρος
1845 2215 2268 2309 ὑψηλότερον

944 2324 1093 2403 πκαὶ
1135 2318 1445 2408 μεγάλων
1487 2324 1745 2390 πεδίων
1790 2305 2102 2411 ἀρούρας,

945 2417 1294 2512 ηφρονεῑθ’
1339 2419 1918 2512 ὑπερβαλλόμενοι

944 2524 1210 2613 ,δόμων
1256 2524 1524 2612 δόμους,
1573 2520 1925 2616 ἀφροσύνᾳ

945 2627 1215 2716 Γ,πρόσω
1257 2627 1497 2710 βιοτὰν
1542 2628 2083 2716 τεκμαιρόμενοι·

944 2726 1015 2811 πὁ
1063 2723 1122 2798 δ’
1168 2724 1562 2818 ἀμφιβάλλει
1609 2729 1956 2817 ταχύπουν

944 2836 1311 2915 πκέλευθον
1358 2834 1536 2923 ἔργῳ
1581 2837 1878 2916 σκοτίαν,

945 2933 1178 3020 „limum
1223 2930 1284 3004 δ’
1331 2932 1636 3021 ἄφαντος
1678 2941 1976 3026 προσέβα

942 3033 1232 3127 ημακράς
1280 3034 1775 3127 ἀφαιρούμενος
1819 3041 2094 3121 ἐλπίδας

947 3147 1268 3221 ηθνατῶν
1310 3140 1763 3229 πολύμοχθος
1807 3138 2014 3221 Ἅιδας
2047 3197 2059 3210 .
2094 3198 2107 3210 .
2143 3197 2154 3209 .
2194 3198 2203 3209 .

705 3254 1046 3331 Philippum
1095 3254 1367 3314 versibus
1410 3253 1483 3313 ab
1531 3254 1818 3313 histrione
1863 3255 2129 3314 recitatis
2175 3273 2541 3332 magnopere
2579 3253 2773 3315 delec-

536 3359 719 3414 tatum
771 3356 1069 3415 Diodorus
1113 3355 1296 3414 tradit
1339 3355 1429 3415 his
1475 3356 1704 3416 verbis:
1763 3338 1830 3427 „e
1881 3350 1951 3416 δὲ
2006 3350 2345 3427 Φίλιππος
2387 3344 2621 3435 ἡσθεὶς
2664 3348 2774 3415 ἐπὶ

531 3464 674 3527 τοῖς
741 3443 1262 3536 ἄπηγγελμένοις
1332 3444 1492 3528 ὅλος
1559 3437 1658 3537 ἦν,
1727 3452 1839 3516 καὶ
1920 3453 2192 3530 τελείως
2256 3444 2622 3538 φερόμενος
2698 3454 2779 3536 τῇ

539 3552 806 3640 διανοίᾳ
848 3545 1020 3638 πρὸς
1064 3549 1187 3639 τὴν
1230 3555 1355 3618 τοῦ
1400 3556 1693 3639 Περσῶν,
1723 3556 2053 3635 βασιλέως
2098 3546 2627 3642 καταστροφήνέ

707 3661 882 3735 Quod
955 3662 1270 3742 Philippus
1345 3662 1420 3722 ad
1480 3664 1803 3724 Persarum
1868 3665 2029 3750 regis
2090 3665 2392 3726 interitum
2469 3665 2778 3743 retulerat,

531 3767 740 3841 postea
810 3769 948 3841 apte
1009 3764 1082 3824 ad
1163 3783 1364 3843 regem
1423 3766 1615 3841 ipsum
1687 3767 1975 3844 postridie
2037 3786 2073 3827 a
2132 3768 2427 3827 Pausania
2498 3773 2773 3828 necatum

534 3869 964 3927 revocabatur:
1023 3867 1094 3926 cf.
1151 3866 1311 3928 Stob.
1371 3869 1595 3927 anthol.
1646 3872 1743 3939 98,
1786 3873 1867 3932 70
1913 3869 2045 3947 (ΙΙΙ,
2103 3889 2157 3947 p.
2209 3872 2332 3931 233
2395 3869 2486 3929 ed.
2543 3868 2771 3943 Mein.):

538 3959 1054 4048 7,Νεοπτόλεμον
1109 3954 1233 4028 τὸν
1278 3965 1394 4047 τῆς
1453 3965 1833 4049 τραγῳδίας
1878 3955 2258 4049 ὑποκριτὴν
2298 3959 2499 4052 ἤρετό
2552 3989 2654 4043 τις
2712 3967 2777 4030 τί

533 4061 862 4150 θαυμάζοι
927 4069 1065 4129 τῶν
1122 4056 1238 4130 ὑπ’
1283 4062 1625 4150 Αἰσχύλου
1686 4068 2070 4151 λεχθέντων
2135 4060 2172 4152 ἢ
2234 4068 2679 4150 Σοφοκλέους
2733 4061 2774 4152 ἢ

427 4172 432 4177 -
578 4159 633 4194 ‚³
821 4176 826 4186 2
1006 4163 1036 4187 (ι
1119 4167 1143 4189 Α,
1263 4158 1280 4182 )
1328 4167 1343 4189 ς
1697 4161 1713 4183 e
1950 4165 1970 4175 -
2167 4160 2197 4185 u
2405 4162 2421 4185 >
2480 4166 2496 4188 ς
2727 4161 2743 4184 ae

537 4168 945 4253 Ιιυριπίδου·
1000 4190 1036 4230 ο
1084 4170 1154 4233 δε
1198 4168 1398 4233 ουδεν
1425 4168 1546 4252 μὲν
1592 4192 1864 4234 τουτων
1909 4176 2115 4249 εἶπεν,
2162 4192 2200 4233 ο
2247 4162 2304 4235 δ’
2338 4193 2536 4246 αυτος
2582 4168 2776 4234 ἐθεα-

530 4287 693 4335 σατο
741 4268 846 4334 ἐπὶ
892 4270 1197 4354 μείζονος
1243 4273 1508 4357 σκηνῆς,
1559 4273 1910 4338 Φίλιππον
1954 4271 2026 4337 ἐν
2071 4285 2214 4348 τοῖς
2269 4274 2387 4359 τῆς
2434 4267 2777 4365 θυγατρὸς
