3166 4871
575 294 657 352 52

1650 461 1748 525 72.

744 570 1032 659 Ἠετίων,
1078 571 1263 657 οὔτις
1308 597 1379 645 σε
1424 580 1547 644 τίει
1591 574 1971 645 πολύτιτον
2015 573 2232 644 ἐόντα.

742 676 975 763 Λάβδα
1022 678 1186 761 κύει,
1234 682 1406 763 τέξει
1452 674 1510 747 δ’
1558 672 2028 766 ὀλοοίτροχον·
2076 679 2151 746 ἐν
2194 681 2264 748 δὲ
2309 692 2606 747 πεσεῖται

746 773 1023 868 ἀνδράσι
1068 779 1523 870 μουνάρχοισι,
1571 779 1908 849 δικαιώσει
1954 784 2026 849 δὲ
2073 779 2438 869 Κόρινθον.

1648 1008 1747 1072 73.

744 1115 983 1203 Αἰετός
1027 1123 1101 1190 ἐν
1144 1124 1421 1210 πέτρῃσι
1464 1121 1630 1205 κύει,
1674 1125 1846 1207 τέξει
1891 1125 1965 1191 δὲ
2010 1123 2254 1189 λέοντα

744 1220 1074 1312 καρτερὸν
1119 1219 1433 1314 ὠμηστήν
1455 1247 1468 1261 ·
1514 1229 1794 1293 πολλῶν
1839 1220 1901 1292 δ’
1947 1217 2083 1292 ὑπὸ
2126 1222 2426 1312 γούνατα
2471 1218 2671 1292 λύσει.
2708 1266 2734 1274 -

743 1327 957 1396 ταῦτά
1000 1354 1127 1396 νυν
1174 1323 1247 1396 εὖ
1292 1324 1632 1415 φράζεσθε
1678 1331 2056 1414 Κορίνθιοι,
2102 1328 2171 1395 οἳ
2210 1330 2366 1414 περὶ
2410 1324 2625 1414 καλὴν

743 1426 1080 1519 Πειρήνην
1125 1432 1365 1499 οἰκεῖτε
1409 1434 1520 1498 καὶ
1565 1422 1951 1519 ὀφρυόεντα
1994 1428 2364 1517 Κόρινθον.

1647 1658 1746 1719 74.

735 1767 995 1852 Ὄλβιος
1040 1763 1244 1850 οὗτος
1289 1765 1479 1859 άνήρ,
1525 1764 1602 1850 ὃς
1646 1765 1808 1858 ἐμὸν
1854 1768 2066 1857 δόμον
2110 1771 2593 1853 ἐσκαταβαίνει,

746 1871 1048 1960 Κύψελος
1094 1867 1394 1963 Ἠετίδης,
1440 1873 1752 1956 βασιλεὺς
1796 1880 2089 1942 κλειτοῖο
2136 1877 2510 1959 Κορίνθου,
2615 1951 2619 1955 ⁴

744 1968 947 2056 αὐτὸς
990 1980 1104 2044 καὶ
1147 1980 1400 2061 παῖδες,
1444 1979 1713 2045 παίδων
1758 2003 1832 2064 γε
1874 1978 1996 2063 μὲν
2041 1969 2269 2044 ου’κέτι
2313 1980 2563 2055 παῖδες.

747 2203 853 2279 72)
901 2208 1044 2268 Iler.
1076 2209 1127 2266 V
1158 2204 1267 2267 92:
1314 2196 1559 2286 ἐστάλη
1615 2199 1681 2277 ἐς
1724 2195 2026 2283 Δελφούς
2077 2201 2234 2286 περὶ
2276 2195 2505 2284 γόνου,
2551 2195 2818 2265 ἐσιόντα

574 2304 643 2368 δὲ
690 2294 899 2368 αὐτὸν
945 2300 1092 2380 [τὸν
1138 2295 1435 2382 Ήτίωνα]
1479 2293 1519 2389 ἡ
1571 2305 1800 2390 Πυθίη
1840 2299 2326 2389 προσαγορεύει
2362 2304 2612 2369 τοισίδε
2644 2314 2817 2369 τοῖσι

573 2403 791 2473 ἔπεσι·
834 2397 1103 2471 Ἠετίων
1147 2411 1292 2472 κτλ.

748 2514 905 2575 adde
951 2515 1115 2575 anth.
1160 2515 1286 2576 Pal.
1317 2516 1455 2575 XIV
1487 2510 1588 2575 86.
1632 2535 1726 2574 vv.
1763 2513 1953 2572 1-2
1999 2499 2475 2595 όλοοίτροχον.·
2537 2516 2677 2576 Eus.
2727 2534 2817 2593 pr.

572 2635 663 2678 ev.
710 2619 761 2677 V
792 2614 891 2677 29.
2583 2662 2623 2682 ν

743 2740 799 2779 v.
830 2715 898 2780 2:
941 2713 1113 2796 τέξει
1160 2713 1231 2780 δὲ
1279 2704 1678 2799 όλοὶτροχον
1721 2720 1886 2780 anth.

745 2819 849 2895 73)
895 2823 1037 2882 Her.
1067 2821 1121 2880 V
1154 2820 1265 2883 92:
1310 2868 1322 2880 .
1355 2827 1531 2881 τοῖσι
1561 2811 1966 2900 Βακχιάδῃσι
2010 2816 2277 2901 ἐγένετο
2313 2836 2325 2849 ·
2363 2837 2375 2849 ·
2408 2812 2815 2904 χρηστήριον

574 2972 584 2982 .
637 2971 649 2983 .
695 2919 893 3003 λέγον
938 2907 1103 2984 ὦδε·
1149 2915 1384 2997 Αἰετὸς
1428 2923 1568 2984 κτλ.

740 3047 798 3087 v.
843 3024 913 3088 2:
969 3011 1275 3108 ὦμηστής
1325 3029 1394 3088 11.
1437 3030 1520 3089 XI
1563 3026 1706 3088 454.
1738 3021 1760 3105 ΙΙ
1857 3024 2135 3087 πολλῶν
2196 3013 2270 3088 δ’.
2323 3014 2456 3087 ὑπὸ
2521 3017 2816 3106 γούνατα

570 3119 753 3188 λύσει
820 3131 1078 3192 formula
1132 3132 1374 3192 Homer.
1418 3131 1492 3190 cf.
1522 3131 1589 3192 ΙΙ.
1617 3132 1701 3191 IV
1740 3127 1873 3191 176.
1918 3133 1999 3191 IX
2032 3125 2227 3208 578.fl
2311 3130 2377 3192 4:
2436 3116 2818 3210 ὀφρυόεσσα

558 3218 747 3304 Ἴλιος
790 3234 1060 3294 11.xxn
1092 3232 1233 3294 411.
1267 3226 1289 3311 u

742 3335 817 3395 cf.
862 3336 937 3396 de
983 3337 1097 3397 hoe
1143 3336 1388 3396 oraculo
1433 3335 1814 3412 Schubringii
1876 3336 2353 3398 dissertationem
2399 3336 2661 3413 Gotting.
2703 3336 2818 3415 „de

571 3431 865 3514 Cypselo“
918 3434 1094 3498 1862.
1137 3457 1196 3516 p.
1229 3435 1309 3496 32
1333 3457 1421 3516 sq.

745 3535 849 3612 74)
894 3541 1038 3600 Her.
1080 3541 1131 3599 V
1172 3537 1278 3600 92:
1339 3528 1763 3620 ἀνδρωθέντι
1821 3535 1932 3610 καὶ
1990 3535 2467 3621 μαντευομένῳ
2525 3536 2817 3622 Κυψέλῳ

571 3633 836 3719 ἐγένετο
902 3631 1306 3722 χρηστήριον
1377 3635 1451 3701 ἐν
1523 3638 1859 3718 Δελφοῖσι,
1926 3640 2026 3722 τῷ
2098 3639 2383 3716 πίσυνος
2459 3690 2470 3702 .
2521 3690 2533 3703 .
2583 3690 2596 3702 .
2672 3636 2814 3724 ἔσχε

571 3731 937 3822 Κόρινθον.
983 3727 1020 3802 ὃ
1071 3739 1141 3803 δὲ
1184 3730 1475 3825 χρησμὸς
1518 3731 1633 3804 ὅδε
1679 3724 1795 3824 ἦν·
1834 3733 2006 3820 ms.
2055 3747 2198 3806 κτλ.

738 3845 895 3908 adde
924 3847 1088 3906 anth.
1121 3848 1247 3907 Pal.
1276 3847 1416 3906 XIV
1448 3843 1546 3906 88.
1637 3850 1843 3925 Usque
1884 3849 1962 3908 ad
1993 3850 2178 3910 verba
2206 3833 2410 3918 αύτός
2441 3842 2554 3907 καὶ
2584 3843 2818 3921 παῖδες

571 3946 735 4025 apud
780 3950 913 4009 Dio.
945 3949 1160 4026 Chrys.
1190 3950 1471 4010 XXXVII
1511 3969 1570 4028 p.
1608 3948 1745 4011 103.
1789 3970 1884 4010 vv.
1923 3949 2057 4007 1-
2076 3948 2112 4008 2
2144 3952 2360 4013 Euseb.
2390 3971 2480 4029 pr.
2509 3970 2601 4013 ev·
2631 3953 2686 4014 V
2717 3948 2817 4014 35.

447 4037 461 4049 ’
538 4051 841 4128 'ApostoL
868 4052 984 4111 XII
1013 4045 1148 4112 65⁶.
1193 4050 1270 4112 cf.
1314 4051 1527 4113 Arsen.
1556 4053 1813 4114 XXXIX
1849 4049 1944 4113 18.

739 4173 796 4213 v.
834 4152 897 4213 1:
942 4142 1349 4230 είςαφικάνει
1396 4156 1528 4215 Dio,
1561 4149 1583 4233 ΙΙ
1678 4152 1743 4215 2:
1787 4153 2085 4215 κλεινοῖο
2130 4157 2295 4216 anth.
2338 4157 2466 4217 Pal.
2509 4158 2732 4218 Euseb.
2764 4150 2785 4234 ΙΙ

569 4248 893 4337 Αἰακίδης
922 4257 1140 4318 Euseb.
1171 4251 1194 4336 ΙΙ
1256 4258 1334 4318 ad
1367 4277 1422 4318 v.
1455 4254 1492 4315 3
1524 4259 1689 4335 apud
1718 4259 1879 4322 Suid.
1907 4276 1955 4319 s.
1985 4279 2040 4320 v.
2066 4246 2393 4330 Ἄτταλος.
2427 4252 2450 4336 [Ι
