3166 4871
566 314 741 388 22·

882 500 1222 583 Χείρωνος
1267 500 1417 579 φίλε
1468 498 1710 562 τέκνον
1756 487 2201 581 ἀγακλειτοῖο,
2249 494 2575 581 Κάρυστε,

880 602 1138 688 Πηλίον
1183 596 1623 682 ἐκπρολιπιὴν
1671 592 1959 679 Εὐβοίας
2005 591 2218 683 ἄκρον
2265 597 2531 664 ἱκέσθαι
2579 620 2591 634 ·

876 695 1024 768 ἔνθ’
1069 699 1255 789 ἱερὰν
1295 697 1526 787 χώραν
1569 703 1822 783 κτίζειν
1867 719 1976 767 σοι
2015 697 2372 783 θέσφατόν
2417 700 2618 767 ἐστιν.

882 796 1031 870 ἀλλ’
1076 804 1200 881 ἴθι,
1244 804 1473 891 μηκέτι
1519 803 1734 889 με’λλε.

573 914 731 975 Tota
776 915 937 973 ‘haec
997 913 1206 974 fabula
1250 913 1324 974 de
1370 913 1659 991 Carysto,
1721 901 2029 973 conditore
2077 913 2248 999 urbis.
2283 910 2548 989 Carysti,
2607 931 2811 973 recen·

574 1017 802 1076 tissima
846 1016 1114 1076 videtur:
1164 1016 1480 1076 memoriae
1526 1016 1682 1076 enim
1729 1015 2125 1093 prodiderunt
2157 1015 2451 1075 Eusebius
2484 1005 2572 1095 [in
2603 1033 2813 1093 praep.

573 1137 788 1197 evang.
846 1118 932 1178 VI
979 1116 1044 1191 7]
1107 1123 1165 1177 et
1208 1117 1640 1179 Constantinus
1685 1118 1983 1195 Cephalas
2024 1120 2086 1176 in
2132 1117 2480 1195 anthologia
2527 1118 2814 1195 Palatina,

490 1302 495 1307 Ι
573 1211 662 1300 [11
708 1216 876 1293 565]
923 1224 985 1281 et
1039 1222 1277 1281 omnino
1324 1221 1632 1299 Carystus,
1675 1226 1742 1281 ut
1786 1240 2001 1282 nomen
2046 1219 2318 1298 hominis,
2346 1238 2641 1297 nusquam
2672 1219 2814 1279 alibi

570 1324 893 1383 invenitur.
979 1322 1146 1397 Quae
1191 1341 1325 1383 cum
1370 1324 1454 1383 ita
1498 1323 1650 1401 sint,
1717 1341 1829 1399 ego
1875 1342 2021 1383 sane
2065 1342 2185 1382 non
2234 1321 2681 1399 affirmaverim,
2745 1320 2813 1380 il-

572 1426 693 1484 lum
739 1425 840 1502 qui
887 1427 999 1484 hoc
1043 1425 1348 1484 oraculum
1393 1424 1582 1502 finxit,
1626 1426 1751 1485 sive
1798 1427 1928 1501 ipse
1972 1424 2086 1484 fuit
2116 1422 2459 1485 Oenomaus
2489 1425 2615 1484 sive
2646 1424 2816 1501 alius,

573 1527 759 1603 epieav
795 1525 1051 1586 dialecto
1096 1544 1252 1603 pura
1297 1545 1463 1586 usum
1512 1545 1672 1601 esse,
1716 1526 2072 1604 praesertim
2119 1545 2252 1586 cum
2299 1531 2422 1587 tres
2465 1527 2651 1585 insint
2694 1526 2811 1585 for·

578 1647 708 1688 mae
771 1646 925 1705 quac
970 1628 1047 1688 ab
1092 1647 1164 1688 ea
1206 1628 1512 1688 recedant.
1599 1630 1728 1688 Nec
1774 1646 2116 1705 repugnare
2159 1629 2334 1705 primi
2378 1646 2591 1688 versus
2634 1645 2812 1688 voca·

577 1731 781 1791 bulum
842 1713 1268 1808 ἅγακλειτοϊο
1342 1730 1521 1790 facile
1579 1731 1778 1808 quivis
1839 1731 2147 1791 concedet.
2248 1729 2410 1790 Idem
2426 1774 2442 1807 ,
2499 1732 2559 1789 ni
2621 1729 2820 1807 fallor,

571 1832 953 1893 iudicandum
1002 1836 1093 1892 est
1136 1833 1211 1897 de
1256 1833 1521 1911 oracu10,
1567 1833 1729 1910 quod
1761 1834 1979 1910 Pythia
2023 1835 2080 1892 in
2110 1832 2265 1891 bello
2301 1853 2338 1892 a
2366 1833 2649 1892 Romanis
2681 1849 2814 1890 eum

573 1934 878 2013 Philippo,
924 1954 1066 2012 rege
1110 1935 1532 2008 Macedonum,
1579 1939 1751 2013 gesto
1798 1935 2055 1995 edidisse
2099 1935 2322 2011 fertur,
2367 1934 2528 2012 quod
2575 1934 2818 1995 exhibet

572 2036 931 2097 Plutarchus
971 2039 1029 2097 in
1075 2037 1227 2097 libro
1275 2037 1349 2099 de
1395 2037 1650 2113 Pythiae
1696 2038 1955 2097 oraculis
2001 2055 2131 2115 cap.
2176 2038 2298 2097 XI:

775 2123 925 2197 ἀλλ’
971 2127 1235 2199 ὁπόταν
1289 2129 1538 2217 Τρώων
1581 2130 1776 2218 γενεὰ
1821 2128 2217 2217 καθύπερθε
2271 2132 2540 2219 γένηται

774 2236 1121 2301 Φοινίκων
1167 2235 1241 2301 ἐν
1285 2228 1515 2321 ἀγῶνι,
1562 2228 1702 2301 τότ’
1748 2235 2008 2301 ἔσσεται
2056 2234 2215 2319 ἔργα
2257 2229 2555 2301 ἄπιστα·

776 2335 1029 2414 πόντος
1069 2338 1193 2423 μὲν
1242 2333 1485 2423 λ’άμψει
1531 2343 1674 2421 πῦρ
1718 2356 2033 2416 ασπετον,
2067 2338 2142 2403 ἐκ
2187 2339 2258 2403 δὲ
2289 2340 2645 2423 κεραυνῶν

776 2445 1152 2527 ,πρηστῆρες
1194 2443 1317 2524 μὲν
1363 2465 1505 2506 amo
1553 2439 1663 2506 δια
1706 2437 2000 2524 κύματος
2046 2433 2349 2522 αίξουσιν

780 2535 1028 2627 ἄμμιγα
1073 2540 1201 2607 σὺν
1244 2544 1477 2630 πέτρᾳ,
1523 2538 1561 2628 ἡ
1613 2544 1681 2608 δὲ
1732 2544 2105 2628 στηρίξεται
2153 2533 2382 2620 αὐτοῦ,

778 2636 863 2708 οὐ
906 2641 1118 2726 φατὸς
1163 2636 1561 2729 ἀνθρώποις
1609 2648 1808 2730 νῆσος
1857 2665 1868 2676 ·
1913 2644 2027 2708 καὶ
2066 2645 2362 2728 χείρονες
2406 2637 2647 2729 ἄνδρες

778 2747 957 2831 χερσὶ
1006 2743 1393 2833 βιησάμενοι
1438 2743 1562 2812 τὸν
1608 2748 1967 2831 κρείσσονα
2013 2741 2420 2831 νικήσουσιν.

576 2844 830 2915 Γενεάν
896 2860 955 2915 et
997 2850 1213 2937 πέτρᾳ
1277 2855 1457 2917 attice
1524 2856 1687 2915 dicta
1752 2862 1918 2933 sunt,
1983 2846 2239 2914 ἔσσεται
2310 2858 2369 2914 et
2430 2844 2817 2935 βιησάμενοι

574 2960 760 3035 epice.
847 2959 962 3017 Pei·
1026 2977 1091 3019 se
1158 2959 1343 3036 igitur
1407 2977 1506 3019 res
1571 2958 1752 3017 dubia
1806 2963 1928 3018 est:
1998 2961 2193 3017 tamen
2256 2958 2397 3016 mihi
2457 2957 2694 3034 quidem
2757 2961 2819 3016 et

575 3052 835 3120 ἔσσεται
883 3065 942 3120 et
985 3051 1373 3141 βιησάμενοι
1418 3080 1530 3138 pro
1575 3051 1964 3138 βιασάμενοι
2030 3061 2201 3120 metri
2268 3059 2442 3130 modo
2504 3060 2699 3136 gratia
2742 3060 2816 3118 ab

573 3168 823 3222 auctore
890 3164 952 3223 in
1014 3168 1243 3223 textum
1309 3164 1594 3223 videntur
1660 3167 1905 3240 recepta
1971 3181 2118 3224 csse.
2223 3161 2600 3240 Quamquam
2668 3162 2814 3222 certi

574 3266 902 3343 quidquam
950 3266 1025 3326 de
1072 3267 1183 3325 hac
1229 3285 1295 3327 re
1341 3285 1460 3326 non
1508 3265 1944 3326 affirmaverim.

750 3369 840 3427 De
887 3367 1190 3427 versibus:
1254 3421 1259 3426 .
2431 3437 2438 3444 ἢ

722 3473 732 3479 “
777 3453 920 3526 πῖν’
963 3457 1159 3527 οἶνον
1204 3465 1503 3548 τρυγίαν,
1550 3464 1696 3529 ἐπεὶ
1741 3456 1865 3528 οὐκ
1891 3455 2262 3549 Ἀνθηδόνα
2309 3465 2512 3540 ναίεις

774 3556 924 3629 οὐδ’
968 3561 1151 3650 ἱερὰν
1186 3560 1492 3652 Ὑπέραν,
1539 3558 1659 3632 ὅθι
1703 3558 1763 3630 κ’
1810 3558 2104 3650 ἄτρυγον
2149 3560 2342 3631 οἶνον
2386 3563 2608 3642 ἔπινες

575 3675 647 3734 cf.
693 3675 849 3734 Plut.
895 3679 1124 3751 quaest.
1167 3693 1257 3751 gr.
1301 3693 1352 3735 c.
1396 3676 1535 3735 XIX
1579 3695 1639 3753 p.
1684 3670 1808 3732 295
1851 3675 1926 3735 D.
1971 3675 2108 3735 Ath.
2155 3676 2184 3735 1
2227 3694 2287 3753 p.
2333 3670 2406 3732 31
2458 3676 2523 3734 B.
2601 3675 2819 3734 Muller

576 3777 786 3853 fragm.
846 3777 1048 3836 histor.
1094 3795 1182 3854 gr.
1227 3777 1285 3836 11
1329 3796 1387 3856 p.
1437 3774 1575 3836 136.
1677 3778 2021 3838 Habeamus
2088 3777 2238 3836 duas
2311 3781 2501 3854 certe,
2562 3775 2817 3836 fortasse

574 3883 697 3939 tres
748 3879 979 3940 fabulas
1042 3899 1175 3940 cum
1235 3881 1508 3941 versibus
1566 3881 1685 3941 illis
1745 3882 2105 3941 coniunctas.
2193 3881 2320 3956 Ego
2380 3879 2686 3938 oraculum
2752 3878 2815 3936 id

573 3982 762 4042 fuisse
807 3981 988 4059 (quac
1033 3987 1125 4043 est
1171 3984 1370 4060 opinio
1419 3982 1722 4055 Muelleri)
1783 3999 1900 4044 non
1947 3986 2122 4060 puto:
2185 3987 2433 4059 propter
2476 3981 2817 4057 generalem

575 4101 729 4160 quae
789 4085 945 4145 inest
1004 4088 1354 4146 sententiam
1437 4086 1620 4164 „bibe
1679 4087 1880 4144 vinum
1928 4085 2243 4161 faecatum,
2290 4102 2422 4141 cnm
2469 4082 2596 4143 sine
2643 4083 2810 4144 faece

581 4187 785 4246 vinum
834 4206 949 4248 non
1000 4183 1204 4247 adsit“
1250 4188 1628 4264 proverbium
1678 4188 1876 4263 potins
1921 4204 2131 4246 versus
2177 4184 2644 4255 nostrosfflfuisse
2691 4205 2815 4246 cre-

576 4271 851 4370 diderim,
910 4290 985 4349 ad
1050 4308 1199 4370 quos
1241 4295 1455 4367 postea
1501 4290 1656 4353 alius
1700 4289 1874 4350 aliam
1921 4288 2185 4356 fabulam
2231 4286 2577 4367 adfingeret.
2666 4288 2815 4351 Con-
