3166 4871
1079 312 1164 367 De
1198 311 1404 367 nomin.
1444 311 1503 365 in
1539 330 1702 376 -αιος,
1773 315 1818 378 s·
1844 314 1892 367 2.
2565 320 2604 378 5

378 490 561 551 forma
620 492 747 551 sola
798 492 1027 568 scripta
1069 491 1417 568 invenitur),
1483 482 1901 559 Φωκαῒδες
1968 490 2117 551 CIA.
2171 486 2322 567 199,
2368 487 2403 545 7
2474 489 2606 561 (sed

368 611 659 670 persaepe
735 589 1092 671 Φωκαιῆς).
1197 593 1418 671 Gpntra
1483 610 1720 670 semper
1794 594 2057 652 retinent
2115 605 2164 649 t:
2261 581 2606 671 Βησαιεύς,

372 683 1305 809 ζΙςύιὶειτι9η1κ1ι3ύς,Θοροειιεύςι,
1356 678 2603 774 Φηγαιεὺς;Αὶραιῆς,.’4στυπαλαιῆς,

375 784 734 875 Ἔστιαιῆς,
768 785 1098 908 Ῥηναιῆς,
1149 784 1443 875 Ὑὸαιῆς;
1501 780 1928 867 Platorium&
1985 781 2290 855 Ίλαιΐται
2336 814 2412 855 ex
2457 796 2606 855 urbe

384 882 630 959 Ελαιέα
673 900 801 960 sive
846 884 1065 961 Ἐλαία
1109 900 1371 975 oriundi,
1444 893 1917 958 Ποτειδαιᾶται
1998 898 2082 966 (et
2128 886 2606 970 Ποτειδεᾶται).

367 1002 585 1063 Similis
629 1002 1035 1062 inconstantia
1076 1002 1342 1061 cernitur
1403 1002 1462 1059 in
1528 1001 1784 1060 ethnicis
1843 1000 2126 1061 derivatis
2185 1019 2222 1060 a
2263 999 2604 1060 nominibus

365 1104 426 1161 in
472 1120 572 1161 εια
616 1108 676 1163 et
720 1121 830 1161 οια
889 1103 1329 1180 desinentibus,
1386 1108 1452 1162 ut
1500 1087 1942 1172 Αλωπεκεεύς
2001 1107 2062 1161 et
2119 1086 2603 1174 Alamannis,

376 1201 731 1263 Πελειᾶται
777 1202 1136 1276 Πελεᾶται,
1181 1195 1628 1275 Λευκονοιεύς
1671 1194 2091 1273 Λευκονοεύς
2137 1205 2215 1266 31.
2301 1206 2472 1264 Η333
2518 1204 2602 1264 13-

367 1309 759 1367 constantiam
806 1326 924 1367 non
972 1309 1148 1367 aliter
1191 1307 1367 1367 video
1415 1308 1701 1385 explicari
1745 1325 1920 1383 posse
1966 1327 2144 1383 quain
2190 1307 2293 1380 sic,
2339 1312 2403 1367 ut
2431 1310 2600 1383 pute-

369 1428 514 1485 mus,
559 1410 661 1469 illo
706 1414 992 1486 tempore,
1036 1428 1157 1486 quo
1206 1410 1265 1469 hi
1310 1410 1466 1469 tituli
1512 1411 1741 1469 exarati
1775 1414 1931 1487 sunt,
1974 1411 2011 1469 i.
2035 1429 2084 1469 e.
2114 1410 2355 1469 saeculo
2391 1410 2601 1486 quinto

368 1517 427 1571 et
469 1516 685 1588 quarto
732 1512 985 1573 maxime
1030 1531 1069 1571 a,
1111 1512 1247 1572 Chr.
1294 1532 1378 1590 n.,
1438 1513 1494 1571 in
1542 1512 1747 1571 multis
1793 1512 2099 1572 vocabulis
2153 1511 2277 1571 iota
2322 1510 2514 1587 quod·
2541 1511 2601 1570 in

372 1614 485 1673 fine
533 1613 1039 1691 diphtliongorum
1101 1620 1231 1674 erat
1273 1618 1413 1674 ante
1460 1618 1826 1691 sequentem,
1870 1615 2136 1683 vocalem
2196 1619 2315 1673 tam
2382 1614 2598 1688 exiguo

368 1721 545 1791 atquc
592 1718 781 1775 teneri
826 1734 973 1775 sono
1020 1717 1473 1793 pronuntiatum
1522 1734 1668 1794 esse,
1713 1720 1779 1776 ut
1821 1716 2085 1793 ambigui
2117 1734 2300 1792 saepe
2331 1715 2600 1774 homines

365 1836 491 1877 esse
536 1824 808 1894 possent,
873 1837 1175 1878 merumne
1237 1837 1278 1875 α
1323 1819 1420 1877 vel
1465 1836 1491 1875 ε
1555 1818 1867 1896 audirent,
1928 1836 2002 1877 an
2050 1818 2294 1878 halitum
2341 1818 2598 1894 aliquem

366 1920 577 1979 exilem
626 1922 747 1980 iota
805 1921 1051 1980 similem
1113 1921 1652 1998 subintelligerent.
1739 1921 1879 1980 Non
1940 1921 2056 1980 alio
2121 1920 2293 1979 modo
2356 1938 2428 1977 ex
2489 1934 2596 1976 αιο

364 2022 489 2081 fieri
537 2023 805 2099 potuisse
852 2039 934 2080 cco
984 2026 1236 2100 apparet
1281 2022 1393 2081 uisi
1438 2022 1545 2098 sic,
1591 2026 1657 2082 ut
1679 2022 1962 2098 paulatim
2003 2023 2124 2082 iota
2153 2021 2383 2080 vocalis
2412 2039 2597 2081 sonus

366 2116 692 2184 tabesceret
736 2123 1175 2201 quodammodo
1222 2130 1281 2184 et
1323 2128 1729 2184 evanesceret.
1815 2123 1999 2201 Atqui
2040 2125 2172 2199 ipsa
2218 2124 2393 2183 huius
2421 2141 2598 2182 voca·

366 2225 434 2285 lis
480 2224 699 2286 natura
742 2245 814 2285 ea
859 2232 966 2303 est,
1015 2231 1079 2285 ut
1124 2227 1275 2285 inter
1321 2226 1473 2289 duas
1504 2227 1763 2303 vocales,
1806 2227 2155 2303 praesertim
2196 2244 2330 2285 cum
2360 2226 2598 2285 tenuius

366 2334 563 2405 sonat,
633 2329 962 2406 paullulum
1032 2334 1348 2406 consonet,
1408 2339 1469 2388 et
1528 2328 1606 2387 ad
1666 2346 1796 2388 eum
1867 2346 2076 2388 sonum
2138 2329 2599 2406 appropinquet,

366 2449 538 2507 quem
586 2450 697 2491 nos
730 2431 844 2510 jod
890 2450 1191 2491 vocamus.
1278 2432 1443 2492 Haec
1489 2438 1579 2492 est
1611 2431 1862 2514 Hartelii
1911 2430 2227 2509 sententia,
2270 2449 2424 2508 quae
2458 2430 2598 2490 mihi

364 2534 597 2609 quidem
644 2534 883 2593 videtur
929 2534 1103 2594 unice
1147 2553 1295 2594 vera
1340 2535 1500 2613 esse,
1544 2538 1613 2594 ut
1656 2534 1835 2612 plane
1879 2553 1995 2594 non
2043 2534 2418 2612 intellegam,
2477 2551 2596 2610 quo

363 2636 475 2696 alio
522 2636 697 2696 modo
744 2637 1029 2708 (Bauer-us,
1073 2637 1171 2714 031
1219 2637 1372 2696 11333
1418 2637 1874 2713 explicationem
1921 2637 2116 2715 rejicit
2161 2655 2214 2713 p.
2248 2633 2369 2692 267
2403 2655 2461 2695 n.
2502 2632 2601 2711 17,

363 2757 489 2798 rem
534 2739 839 2816 explicare
881 2740 1087 2815 possit.
1176 2739 1341 2813 Quae
1387 2747 1588 2799 autem
1647 2739 1744 2800 1113
1802 2739 2035 2818 profert
2077 2741 2463 2817 argumenta,
2525 2756 2598 2799 33

364 2841 580 2902 3311133
624 2842 801 2917 plane
845 2848 986 2901 sunt
1031 2842 1339 2919 momenti,
1397 2843 1573 2902 Immo
1636 2861 1770 2901 eum
1831 2861 1950 2902 non
2011 2835 2378 2902 intellexisse
2440 2859 2595 2918 quae

359 2943 656 3003 Hartelius
714 2944 993 3020 exposuit
1054 2948 1330 3021 arguunt.
1416 2945 1749 3022 „Primum,
1809 2945 2033 3022 inquit,
2094 2944 2410 3004 verisimile
2474 2961 2594 3003 non

361 3050 464 3120 est,
506 3045 771 3105 eiusdem
821 3046 924 3121 rei,
969 3045 1477 3124 diphthongorum
1527 3046 1753 3107 scilicet
1813 3048 1874 3106 in
1921 3046 2138 3106 breves
2183 3046 2420 3105 vocales
2466 3063 2591 3103 cor-

362 3154 679 3225 reptarum,
723 3148 928 3208 eadem
976 3152 1171 3208 aetate
1217 3147 1487 3208 diversas
1535 3147 1718 3210 fuisse
1761 3166 2006 3226 causas;
2069 3166 2204 3206 nam
2267 3148 2330 3206 in
2374 3151 2592 3218 ποεῖν,

361 3250 515 3327 03οᾱ
563 3250 639 3310 sit
680 3251 740 3309 in
785 3250 1292 3328 inscriptionibus,
1334 3250 1642 3310 Hartelius
1687 3268 1722 3309 0
1753 3249 2205 3326 pronuntiatum
2238 3266 2369 3309 3333
2401 3253 2593 3328 putat,

362 3354 417 3411 in
458 3358 772 3432 ποιηταῖς
816 3353 1000 3412 Arist.
1046 3352 1152 3429 Eq.
1199 3348 1321 3410 583
1380 3346 1492 3430 oj.“
1562 3353 1764 3424 „Heus
1825 3351 2195 3412 dialecticam
2261 3351 2372 3409 viri
2434 3349 2592 3410 docti

359 3457 572 3513 artem!
650 3455 954 3514 Uartelius
997 3472 1180 3531 quum
1228 3454 1586 3533 contendat,
1648 3454 1901 3514 duarum
1951 3472 2152 3514 rerum
2199 3453 2593 3532 diversarum,

360 3561 418 3616 et
460 3574 479 3613 ι
528 3557 587 3616 13
638 3563 832 3614 ποεῖν
890 3558 1051 3634 31131,
1100 3562 1171 3618 ,et
1215 3573 1281 3614 οι
1342 3557 1401 3616 13
1454 3563 1765 3635 ποιηταῖς
1826 3557 2088 3633 correpti
2152 3556 2400 3616 eandem
2460 3573 2591 3616 3333

363 3676 619 3733 3333313,
665 3675 689 3714 ι
733 3658 965 3718 scilicet
1024 3662 1435 3738 attenuatum,
1500 3659 1768 3720 Canerus
1835 3658 2102 3719 eiusdem
2169 3659 2256 3718 rei
2318 3658 2591 3718 diversas

361 3778 570 3820 causas
613 3779 748 3820 3333
791 3762 1056 3837 potuisse
1106 3745 1314 3838 negat!
1378 3761 1648 3839 „Deinde
1691 3766 1796 3820 aut
1841 3762 2083 3820 Homeri
2131 3766 2236 3820 aut
2277 3765 2589 3838 poetarum

362 3863 727 3924 scenicorum
772 3867 972 3922 aetate
1017 3878 1036 3919 ι
1086 3863 1351 3921 vocalem
1398 3864 1518 3921 viui
1566 3862 1843 3922 habuisse
1889 3863 1948 3922 in
1984 3863 2011 3940 j
2046 3861 2369 3939 spirantem
2401 3868 2590 3921 trans·

361 3966 535 4024 eundi
599 3965 779 4025 nullis
837 3965 973 4024 aliis
1037 3964 1325 4042 exemplis
1370 3966 1678 4024 Hartelius
1738 3957 2065 4042 probavit.“
2152 3965 2235 4023 At
2294 3966 2592 4024 mehercle

360 4067 457 4141 qui
503 4071 592 4126 tot
654 4069 959 4142 tantisque
1009 4068 1374 4142 argumentis
1435 4073 1497 4126 et
1560 4067 1849 4143 exemplis
1918 4067 2178 4127 nondum
2239 4085 2309 4126 eo
2369 4065 2590 4125 adduci

358 4169 577 4244 potuit,
621 4174 687 4228 ut
732 4187 855 4228 rem
905 4168 1235 4244 intellegat,
1279 4168 1331 4226 ei
1377 4186 1594 4227 vereor
1641 4173 1707 4227 ut
1750 4170 1991 4228 omnino
2036 4168 2360 4244 quidquam
2408 4166 2594 4242 possit

357 4271 741 4348 persuaderi,
796 4271 908 4330 nisi
942 4264 1224 4329 'sortasse
1271 4272 1586 4347 quisquam
1633 4270 1896 4331 Graecos
1972 4271 2172 4330 nescio
2219 4286 2372 4345 0303
2417 4269 2589 4343 signo
