3166 4871
1010 259 1096 315 De
1129 258 1333 316 nomin.
1369 260 1425 314 in
1463 278 1630 324 ·αιος.
1700 260 1734 330 g
1774 264 1852 314 14.
2485 265 2571 325 45

496 432 842 516 περσέα,
897 437 1130 499 arboris
1182 439 1502 517 aegyptiae
1545 455 1756 514 genus.
1844 435 2020 511 Quod
2066 437 2420 514 plerumque
2463 455 2574 513 per

330 557 357 598 ε
389 540 681 616 scriptum
728 540 911 617 (apud
956 540 1245 619 Hippocr.
1274 540 1505 619 Thphr.
1533 539 1651 600 Str.
1680 536 1815 619 aL).,
1857 539 1948 600 bis
1996 540 2330 599 scribarum
2374 538 2571 615 negle-

326 641 531 718 gentis
575 647 922 719 corruptum
982 647 1091 703 est.
1177 643 1328 702 Nam
1375 642 1504 703 Ael.
1547 661 1606 702 n.
1650 661 1703 701 a.
1755 640 1847 719 11,
1899 638 1994 719 11,
2045 639 2118 697 14
2181 642 2240 700 in
2301 639 2572 701 omnibus

328 761 464 803 mss.
511 743 732 821 legitur
786 738 1217 824 περσαίαε,
1280 746 1339 805 in
1396 763 1516 805 uno
1561 744 1696 804 Vnt.
1738 732 2050 821 περσέας,
2109 747 2169 803 et
2228 741 2389 820 apud
2436 742 2574 803 Ath.

327 843 385 923 5,
420 840 541 903 198
586 847 637 905 Β
679 847 782 905 alii
826 841 1147 924 περσαίας
1190 847 1291 907 alii
1336 841 1625 924 περσέας
1665 845 1931 907 tradunt.

500 949 776 1009 Dubitari
808 949 950 1009 licet
971 949 1046 1010 de
1076 947 1113 1007 λ
1130 943 1363 1008 ευκέα
1393 948 1583 1025 sparti
1607 947 1819 1009 Iberici
1845 948 2101 1025 nomine,
2132 947 2294 1023 quod
2316 946 2571 1024 plerum·
2665 938 2668 941 ’

324 1068 445 1126 que
492 1068 603 1128 per
648 1068 713 1108 αι
759 1051 1045 1132 scriptum
1092 1051 1397 1112 invenitur
1443 1044 1750 1124 (λευκαία
1799 1048 2090 1111 Artemid.
2135 1046 2190 1125 3,
2223 1044 2319 1107 59.
2355 1049 2573 1109 Athen.

330 1151 388 1229 5,
433 1147 561 1208 206
618 1152 685 1212 F.
729 1152 993 1230 Hesych.
1027 1147 1268 1212 λευκέα
1311 1154 1453 1231 epit.
1483 1153 1624 1213 Ath.
1666 1152 1702 1212 1.
1731 1152 1768 1211 l.
1805 1153 1975 1213 Eust.
2004 1149 2115 1212 Od.
2145 1170 2202 1229 p.
2241 1147 2574 1227 1453,·10).

324 1253 445 1315 Sed
494 1248 834 1313 λευκαὶα
878 1253 954 1315 de
984 1254 1210 1332 populo
1239 1255 1378 1316 alba
1408 1273 1565 1332 quse
1596 1254 1740 1315 alibi
1782 1271 2020 1333 semper
2058 1242 2263 1333 λεύκῃ
2307 1258 2575 1331 vocatur,

330 1374 445 1433 per
504 1372 571 1414 αι
616 1357 902 1433 scriptum
947 1358 1008 1416 in
1064 1356 1241 1418 titulo
1305 1356 1381 1417 (31
1427 1357 1485 1416 11
1530 1375 1588 1433 p.
1635 1352 1760 1414 392
1822 1374 1942 1417 non
2004 1374 2134 1417 esse
2180 1353 2418 1416 videtur
2462 1355 2572 1414 nisi

331 1476 688 1535 paragogon
731 1477 899 1519 more
945 1459 1170 1538 lonico,
1212 1460 1420 1536 itaque
1463 1462 1628 1519 recte
1672 1477 1784 1537 per
1828 1476 1896 1517 αι
1939 1459 2242 1535 scriptum.

498 1561 551 1620 A
599 1561 760 1639 loco,
819 1561 976 1622 unde
1034 1562 1095 1622 in
1141 1560 1451 1621 Graeciam
1496 1566 1824 1641 venerunt,
1884 1560 2043 1621 dicta
2102 1578 2236 1621 esse
2296 1558 2575 1620 feruntur

327 1667 717 1723 castaneae
751 1692 838 1703 —
882 1681 1039 1740 quse
1071 1669 1132 1725 et
1159 1647 1462 1737 Εὐβοϊκὰ
1487 1652 1706 1743 κάρυα
1734 1664 2106 1725 vocabantur
2135 1661 2299 1736 (Ath.
2322 1658 2380 1740 2,
2410 1660 2488 1718 54
2510 1662 2575 1721 Β.

326 1765 590 1841 Hesych.
633 1783 680 1825 s.
722 1784 779 1825 ν.
821 1754 1174 1845 κάστανα),
1231 1770 1294 1826 et
1336 1760 1715 1845 Σαρδιαναί
1760 1765 1917 1840 (Gal.
1961 1768 2069 1844 VI,
2122 1784 2182 1844 p.
2225 1744 2351 1822 426
2373 1760 2447 1837 F)
2490 1792 2575 1804 —

326 1868 388 1927 in
446 1886 703 1944 quorum
762 1868 1002 1929 nomine
1062 1887 1280 1946 magna
1337 1869 1825 1930 terminatiouum
1869 1870 2129 1929 varietas
2186 1866 2408 1928 tradita
2466 1869 2575 1944 est,

326 1988 507 2048 quam
553 1974 614 2030 et
658 1970 785 2048 ipse
828 1969 1174 2031 Lobeckius
1219 1971 1522 2050 agnoscit,
1579 1971 1943 2032 accerrimus
1999 1972 2151 2031 alias
2209 1987 2456 2031 severae
2511 1969 2570 2028 in

324 2071 722 2132 terminandis
765 2072 1076 2161 vocabulis
1119 2073 1366 2151 regulae
1394 2072 1637 2134 vindex.
1709 2073 1871 2133 Dicit
1901 2073 2057 2133 enim
2088 2073 2285 2132 Paral.
2327 2091 2388 2151 p.
2418 2067 2574 2129 319:

329 2173 536 2251 „quod
585 2192 873 2234 summam
905 2174 1271 2236 Graecorum
1302 2177 1363 2235 in
1393 2175 1701 2236 variandis
1728 2174 2245 2236 terminationibus
2276 2174 2572 2234 licentiam

327 2276 544 2355 arguit,
588 2265 848 2355 κάρυα
889 2294 986 2336 κα
1001 2282 1340 2336 σταναΐκ
1356 2267 1423 2356 α’,
1467 2296 1625 2355 quae
1654 2277 2109 2355 Theophrastus
2142 2277 2423 2354 nominat,
2454 2293 2571 2335 non

325 2379 515 2440 solum
564 2379 681 2440 hoc
725 2378 901 2441 modo
947 2380 1357 2460 appellantur,
1417 2380 1523 2442 sed
1585 2381 1758 2441 etism
1819 2369 2177 2440 κάστανα
2235 2378 2455 2441 Athen.
2499 2379 2576 2458 11,

327 2480 406 2539 54
430 2482 476 2543 O
522 2480 712 2559 (quod
761 2501 973 2544 nomen
1021 2487 1348 2561 oxytonum
1397 2489 1491 2545 est
1533 2483 1662 2545 Gal.
1694 2484 1769 2545 de
1811 2485 1951 2545 Fac.
1979 2483 2262 2562 Alim.11‚
2306 2478 2407 2561 38,
2449 2477 2564 2539 621

325 2588 366 2643 t.
412 2584 560 2657 v1)“
642 2584 854 2657 [addas
920 2574 1241 2645 Κάστανα
1297 2599 1310 2611 ·
1371 2575 1525 2657 Διὸς
1596 2575 1909 2661 βάλανοι,
1984 2571 2285 2661 Εὐβοϊκὰ
2357 2572 2575 2664 κάρυα

325 2687 609 2765 Hesych.‚
654 2691 715 2746 et
748 2684 1109 2766 Καστηνοῦ
1155 2677 1436 2767 καρύοιο
1482 2689 1615 2749 Nic.
1645 2689 1739 2750 Al.
1770 2684 1922 2762 269]
1972 2692 2466 2760 „xaotavala
2493 2686 2571 2745 in

325 2785 722 2865 inscriptione
751 2791 935 2850 attica
965 2791 1042 2851 N.
1069 2787 1208 2868 123,
1250 2809 1308 2851 v.
1346 2786 1440 2870 19,
1482 2809 1539 2867 p.
1570 2788 1709 2868 166,
1753 2780 2173 2852 καστάνεια
2217 2789 2434 2851 Athen.
2465 2789 2501 2850 1.
2526 2808 2574 2848 c.

325 2892 522 2969 Etym.
567 2892 647 2952 M.
690 2887 842 2971 493,
885 2889 984 2953 25.
1082 2893 1357 2972 Denique
1417 2894 1681 2956 Galenus
1738 2893 1814 2954 de
1873 2895 2041 2972 prob.
2100 2895 2274 2954 Alim.
2305 2893 2407 2971 IV,
2452 2888 2573 2950 778

327 2983 451 3064 τὰς
495 2987 973 3069 καστανέας,
1035 2986 1202 3055 ἔνιοι
1260 2990 1334 3055 δὲ
1392 2986 1789 3056 καστάνια
1847 2987 2019 3056 κατὰ
2073 2987 2154 3056 τὸ
2213 2982 2574 3073 οὐδέτερον

324 3090 539 3174 γένος,
585 3096 887 3174 urbesque
916 3097 1191 3159 diversae
1222 3093 1614 3158 Κασταναὶα
1655 3100 1784 3159 sive
1815 3093 2220 3159 Κασθαναὶα
2264 3099 2576 3175 Οαεταηοα,

328 3203 387 3259 et
447 3192 798 3258 Καστανὶα
859 3200 991 3260 sive
1052 3194 1467 3261 Καστανέα“.
1572 3201 1749 3275 Quod
1821 3202 2059 3278 frugum
2130 3219 2322 3279 genus
2390 3217 2571 3278 quum

329 3301 577 3362 Graecis
640 3303 974 3364 recentiore
1036 3302 1271 3364 demum
1346 3307 1618 3382 tempore
1692 3302 1972 3364 videatur
2039 3305 2396 3381 innotuisse,
2472 3303 2574 3362 vix

327 3401 450 3464 fieri
498 3421 679 3482 posse
721 3408 898 3482 puto,
956 3407 1025 3465 ut
1078 3424 1201 3466 una
1258 3405 1554 3484 quaedam
1600 3405 1793 3467 forms
1836 3408 2008 3484 quasi
2053 3408 2315 3484 legitima
2357 3406 2572 3468 consti·

326 3509 563 3567 tuetur:
610 3506 726 3567 hoc
768 3511 969 3568 tamen
1014 3507 1154 3568 mihi
1200 3508 1441 3570 videtur
1484 3510 1543 3570 in
1589 3510 1908 3588 propatulo
1953 3528 2103 3589 esse,
2146 3511 2205 3570 in
2249 3510 2352 3571 illo
2395 3509 2572 3570 titulo

330 3609 509 3670 attico
570 3609 717 3669 setis
773 3610 1035 3671 recentis
1088 3611 1223 3671 sevi
1282 3627 1362 3698 αιν
1409 3630 1527 3672 non
1589 3630 1699 3688 pro
1760 3613 2133 3690 diphthongo
2192 3630 2259 3671 αι
2311 3612 2416 3673 sed
2462 3631 2573 3690 pro

329 3710 580 3789 simplici
626 3728 657 3769 ε
701 3712 988 3789 scriptum
1033 3728 1186 3774 esse.

496 3812 637 3873 Nou
708 3814 897 3891 magis
965 3817 1201 3876 constat
1260 3816 1335 3876 de
1397 3815 1696 3894 adjectivo
1758 3807 2214 3896 ῥουσσαῑος.
2306 3807 2577 3897 ῥούσιος

334 3911 555 3975 habent
616 3915 818 3976 Diosc.
878 3921 940 3977 et
1001 3916 1170 3978 Paul.
1229 3918 1403 3997 Aeg„
1466 3918 1630 3995 quod
1692 3919 2049 3981 vocabulum
2112 3921 2439 3999 praecipue
2499 3921 2574 3981 de

333 4016 529 4077 colore
588 4017 851 4095 partium
912 4018 973 4077 in
1040 4020 1462 4081 certaminibus
1524 4025 1798 4100 tempore
1856 4023 2188 4100 Byzantino
2256 4024 2573 4088 rixantium

333 4125 675 4197 usurpatur.
723 4105 1065 4189 ,ῙΡούσαια
1091 4139 1185 4197 sp.
1214 4119 1431 4198 Geor-g.
1462 4122 1715 4185 Oedi-en.
1754 4143 1811 4201 p.
1845 4121 1942 4204 19,
1972 4112 2323 4185 Ῥουσσατα
2352 4125 2574 4201 duplici

334 4222 476 4282 vitio
520 4222 813 4299 Palaeph.
857 4241 908 4282 c.
945 4219 1044 4283 52.
1127 4222 1245 4285 Sed
1291 4217 1613 4305 δέρματος
1655 4217 1941 4306 ρσυσίου
1982 4246 2039 4305 p.
2069 4224 2214 4304 265,
2255 4224 2355 4285 2“.
2398 4224 2575 4285 Diud.
