3166 4871
1075 324 1162 381 De
1197 324 1396 380 nomin.
1431 324 1492 380 in
1526 335 1695 391 -αίος,
1765 329 1798 393 s
1835 331 1917 381 30.
2354 351 2361 360 ,
2540 331 2611 392 91

365 503 477 562 die
513 503 694 577 feste,
740 503 842 564 die
883 508 1085 577 mosee,
1133 503 1508 565 contenderit
1551 523 1685 564 cum
1715 505 1951 583 graecis
1991 492 2032 584 ἡ
2079 490 2272 585 ἄκρα,
2315 491 2356 585 ἡ
2404 495 2621 586 στενή,

365 592 414 685 ἦ
457 603 769 680 πλατεῖα,
813 592 854 685 ἢ
883 595 1039 685 ἑῴα,
1084 594 1126 685 ἧ
1154 595 1435 687 γαλήνη,
1479 593 1521 686 ἢ
1553 596 1810 686 στερεά,
1841 594 1897 686 ἡ
1927 597 2248 687 τραφερά,
2291 595 2333 686 ἡ
2365 598 2623 688 ἔρημος,

363 708 537 768 haud
581 710 762 786 longe
806 709 1012 789 aberit,
1056 710 1202 787 quin
1246 728 1311 770 se
1365 709 1443 771 ad
1485 714 1759 770 veterum
1803 712 2069 771 rationes
2111 710 2458 789 adjungat.“
2546 712 2625 771 Et

365 812 554 889 paulo
598 810 852 872 inferius
894 831 951 889 p.
982 808 1126 891 362,
1168 811 1477 874 vocabulis
1508 807 1782 886 σπανία,
1829 799 1998 886 ὁσία,
2047 796 2266 886 ὀλβία,
2308 807 2623 892 μακαρία,

366 897 543 990 ἀξία,
588 897 859 988 vinagia,
904 899 1144 990 ἀναξία
1188 914 1487 994 adjectivo
1532 916 1742 992 generi
1784 916 2132 976 vindicatis:
2194 917 2457 985 „Verum
2504 915 2623 976 huc

351 1013 677 1093 deductis,
729 1016 956 1096 inquit,
1013 1035 1230 1077 vereor
1289 1035 1364 1077 ne
1426 1016 1673 1077 difficile
1735 1019 1811 1077 sit
1866 1017 2116 1095 gradum
2177 1018 2471 1079 sustinere
2525 1020 2625 1078 via

370 1117 604 1178 lubrica
648 1125 710 1179 et
751 1120 1085 1196 praecipiti.
1171 1121 1327 1180 Nam
1359 1125 1599 1198 praeter
1627 1120 1752 1199 illa,
1797 1121 2102 1199 quaejam
2134 1139 2423 1199 percursa
2467 1124 2623 1199 sunt,

368 1219 642 1299 undique
707 1221 1054 1283 redundant
1119 1224 1549 1283 vocabulorum
1624 1222 1847 1283 formae
1922 1223 2241 1300 ancipites:
2314 1210 2621 1301 ἁρμονία,

367 1307 782 1404 ἀνακτορία,
828 1317 1211 1404 ἐλευθερία,
1257 1317 1648 1404 ἐπικουρία,
1694 1312 1962 1404 ἡσυχία,
2009 1316 2252 1398 ἱκεσία,
2300 1319 2621 1407 ίσημερία,

367 1420 725 1506 κερτομία,
784 1421 1105 1505 μειλιχὶα,
1168 1422 1387 1506 ξενία,
1453 1420 1798 1507 οἰκουρία,
1859 1422 2233 1504 παρθενία,
2301 1423 2621 1512 σωτηρία,

367 1514 735 1610 ὕπερτερία
779 1528 1129 1609 (superbia),
1172 1525 1363 1606 φιλία
1408 1534 1536 1609 etc„
1581 1549 1737 1608 quae
1783 1531 1832 1590 si
1880 1531 2142 1592 actiones
2186 1535 2249 1591 et
2295 1531 2621 1607 qualitates

365 1631 731 1711 significant,
775 1652 896 1695 non
940 1652 1051 1711 pro
1096 1634 1486 1695 substantivis
1531 1634 1640 1694 sed
1680 1633 2058 1693 substantiva
2090 1650 2242 1710 esse,
2286 1636 2616 1694 communis

368 1739 464 1795 est
509 1734 820 1798 doctorum
868 1738 1181 1797 sententia.
1268 1738 1483 1814 Neque
1530 1754 1643 1813 ego
1687 1736 1793 1795 illa
1834 1740 2041 1796 vetere
2090 1737 2475 1813 possessione
2519 1736 2619 1797 de-

365 1837 618 1899 turbare
673 1838 956 1900 conabor.
1042 1837 1160 1901 Sed
1219 1839 1269 1900 si
1329 1840 1462 1916 quis
1525 1844 1724 1899 tamen
1784 1839 1901 1899 huc
1946 1838 2254 1899 ‘audaciae
2314 1839 2623 1918 procedat,

367 1959 491 2001 non
535 1940 717 2002 video
762 1942 983 2019 quibus
1028 1943 1401 2019 argumentis
1448 1940 1698 2026 reiutari
1753 1941 1959 2018 possit.
2046 1942 2200 2001 Nam
2245 1941 2328 2018 si,
2387 1945 2453 2002 ut
2495 1943 2619 2018 ple-

367 2044 546 2121 rique
592 2046 1008 2124 consentiunt,
1066 2038 1376 2126 δαιμονίᾳ
1423 2050 1485 2105 et
1527 2038 1856 2126 θεσπεσία
1901 2062 2021 2105 non
2070 2045 2245 2105 aliter
2289 2062 2353 2105 se
2400 2045 2621 2105 habent

341 2147 440 2207 'ac
485 2142 805 2228 δημοσίᾳ,
850 2141 1020 2229 ἰδίᾳ,
1065 2144 1295 2225 κοινῇ,
1339 2140 1522 2224 ἐτεῇ,
1568 2147 1713 2224 quid
1759 2147 2009 2207 rationis
2055 2146 2174 2206 diei
2218 2151 2453 2224 potest,
2509 2165 2620 2206 eui·

365 2246 694 2328 μειλιχία,
749 2236 1071 2329 ἁρμονία,
1132 2244 1325 2326 φιλία
1376 2268 1496 2310 non
1557 2251 1678 2311 sint
1722 2235 2087 2327 adjectiva?
2155 2250 2315 2309 Num
2372 2248 2620 2310 Graecis

367 2352 596 2430 plurali
640 2355 882 2432 generis
928 2355 1197 2415 neutrius
1241 2354 1330 2413 uti
1385 2353 1585 2414 licuit:
1641 2347 1811 2423 τέως
1865 2345 1989 2429 μέν
2048 2362 2165 2428 σφι
2223 2331 2309 2431 ἦν
2362 2337 2619 2431 ἄρθμια

367 2447 435 2526 ἐς
466 2442 812 2537 ἀλλήλους,
837 2463 982 2528 τοῖς
1013 2451 1413 2538 Κορινθίοις
1441 2450 1609 2532 φίλα
1640 2433 1726 2535 ἦν
1754 2445 1925 2535 πρὸς
1963 2445 2127 2527 τούς
2158 2449 2618 2536 Κερκυραίους

329 2642 332 2645 Δ
367 2559 634 2621 Herodo.
662 2561 770 2640 111,
800 2556 901 2638 49,
930 2560 1216 2621 feminino
1246 2578 1390 2620 vero
1421 2559 1741 2636 singularis
1771 2560 2003 2620 numeri
2036 2559 2277 2618 minus?
2325 2559 2615 2619 Nimirum

368 2661 530 2722 dicet
573 2662 796 2741 aliquis
839 2680 1033 2742 genus
1079 2668 1359 2724 neutrum
1405 2662 1767 2723 adminiculo
1814 2679 1994 2738 egere
2035 2661 2222 2739 nullo,
2268 2660 2614 2721 femininum

366 2782 515 2825 vero
575 2767 702 2827 sine
763 2767 1171 2845 substantivo,
1243 2766 1339 2826 cui
1397 2766 1655 2826 latenter
1712 2764 2126 2842 adhaerescat,
2184 2763 2438 2840 intelligi
2496 2781 2616 2824 uon

364 2886 580 2947 posse,
631 2868 798 2930 velut
842 2854 959 2929 ἄπ’
1004 2862 1178 2949 ἴσης,
1241 2852 1375 2928 ἀπὸ
1428 2856 1735 2947 πρώτης,
1791 2851 1926 2926 ἀπὸ
1969 2863 2153 2944 μιᾶς,
2215 2858 2291 2945 ἐκ
2332 2859 2618 2943 ταχείας,

367 2963 443 3029 ἐκ
486 2969 813 3045 παλαιᾶς,
868 2965 939 3048 ἐξ
984 2959 1298 3051 ὑστέρας,
1357 2960 1467 3029 διὰ
1510 2966 1736 3048 κενῆς,
1793 2954 1899 3028 ἐπ’
1944 2963 2116 3049 ἴσης,
2175 2957 2345 3027 κατὰ
2386 2956 2616 3045 μόνας,

366 3071 555 3151 ξυνῇ,
600 3072 781 3153 κενῇ,
828 3065 955 3154 τὴν
1000 3063 1300 3155 πρώτην,
1344 3062 1713 3153 τηνάλλως,
1761 3056 2199 3151 ἄλληνᾶλλως
2245 3075 2356 3130 etc.
2399 3070 2615 3129 referri

367 3177 446 3236 ad
477 3177 918 3239 substantivum
957 3161 1201 3255 aliquod
1235 3175 1603 3255 cogitatione
1634 3174 2153 3250 comprehensum,
2200 3172 2403 3250 qualia
2433 3171 2617 3231 multa

369 3282 771 3341 sarcinatores
831 3281 1130 3360 ellipsium
1193 3277 1558 3340 comminisci
1620 3277 1832 3338 solent.
1934 3275 2051 3363 Sed
2112 3274 2423 3352 permultis
2468 3275 2617 3334 loeis

368 3382 582 3443 horum
629 3384 1181 3461 supplementorum
1229 3382 1456 3443 nullum
1503 3380 1802 3442 convenit.
1888 3377 2037 3453 Quis
2082 3378 2269 3456 enim,
2313 3378 2364 3437 si
2405 3378 2618 3456 legerit

369 3470 485 3544 ἀπ’
544 3470 816 3557 εὐθείας
877 3485 1281 3562 φιλοσοφεῖν
1344 3484 1500 3544 Plut.
1545 3482 1748 3561 Symp.
1800 3482 1866 3559 1,
1911 3480 1975 3558 4,
2020 3476 2087 3560 8,
2147 3470 2275 3560 τὴν
2337 3465 2614 3540 εὐθεῖαν

370 3594 715 3647 συνειπεῖν
744 3605 876 3646 τινι
911 3589 979 3648 V.
1011 3588 1130 3649 Cic.
1165 3588 1291 3660 VII,
1336 3580 1407 3663 ἐξ
1438 3571 1656 3665 ὀρθῆς
1700 3576 2091 3664 ἀνακρίνειν
2110 3584 2330 3661 Polyb.
2360 3584 2485 3662 XV,
2515 3579 2615 3658 27,

369 3678 719 3770 τηνάλλως
747 3675 1132 3769 ἀδολεσχεῖν
1163 3710 1218 3750 v.
1247 3691 1491 3766 Bel-ger.
1523 3688 1597 3749 ad
1631 3688 1903 3765 Aleiphr.
1947 3687 1993 3747 1.
2026 3688 2136 3766 Ep.
2174 3682 2268 3763 19,
2312 3687 2404 3746 his
2433 3685 2616 3763 igitur

370 3796 431 3853 et
473 3792 766 3855 similibus
807 3795 955 3854 loeis
998 3794 1135 3872 quis
1177 3796 1300 3853 aut·
1323 3797 1526 3870 μοῖρα
1572 3795 1679 3851 aut
1713 3779 1880 3870 τύχη
1920 3793 2025 3851 aut
2055 3785 2297 3869 πρᾶξις
2326 3793 2432 3849 aut
2459 3773 2616 3857 ὁδός

369 3900 576 3972 aptum
635 3915 766 3957 esse
826 3896 1078 3957 eredat?
1179 3895 1380 3970 Quare
1439 3894 1525 3954 sic
1583 3893 1787 3971 potius
1845 3891 2303 3954 existimandum
2362 3890 2616 3967 videtur,

369 3998 639 4060 Graecos
684 4020 721 4059 a
761 3998 1101 4060 notionibus
1143 3998 1590 4076 simplicissimis
1619 4013 1974 4074 progressos
2004 3996 2377 4072 maximeque
2408 3993 2617 4067 obviis,

368 4122 524 4180 quae
554 4108 699 4163 sunt
727 4103 897 4181 situs,
940 4103 1072 4163 viae
1104 4106 1165 4162 et
1208 4100 1573 4178 directionis,
1618 4100 1759 4159 hinc
1799 4096 2246 4185 similitudinem
2275 4088 2616 4157 traduxisse

367 4205 442 4266 ad
503 4206 806 4266 actionum
867 4205 1261 4265 humanarum
1323 4204 1522 4263 varias
1582 4202 1948 4265 directiones
2006 4206 2068 4262 et
2126 4199 2352 4262 modos.
2452 4198 2615 4274 Ergo

367 4308 532 4387 quod
580 4298 946 4369 'consuetum
1003 4313 1163 4368 esset
1218 4307 1421 4367 dicere
1476 4295 1601 4385 τὴν
1655 4288 1934 4363 εὐθεῖαν
1993 4291 2437 4382 πορεύεσθαι,
2488 4289 2615 4378 τὴν
