3166 4871
544 284 672 350 226

545 466 708 526 nihili
770 467 924 528 enim
971 465 1111 526 fecit
1168 467 1256 544 id,
1314 466 1476 544 qnod
1522 483 1683 526 nunc
1730 464 1972 544 quidem
2032 468 2144 526 viri
2202 465 2362 527 docti
2409 467 2486 527 ad
2543 468 2784 545 ingenia

543 569 912 647 singularum
970 571 1236 648 gentium
1301 574 1463 630 recte
1525 568 1899 629 aestimanda
1959 569 2168 630 merito
2229 571 2436 630 summi
2504 571 2783 632 momenti

546 691 677 734 esse
721 675 951 750 putant,
995 672 1223 732 litteras
1267 671 1531 733 Graecas
1575 672 1750 750 quasi
1796 690 1872 732 ex
1916 671 2048 749 ipsa
2092 671 2273 751 hujus
2318 673 2521 751 populi
2570 679 2786 733 natura

546 780 606 838 et
635 775 837 836 indole
881 779 1071 852 natas,
1114 776 1413 835 Romanas
1443 775 1569 835 fere
1614 777 1770 835 totas
1815 778 1919 834 aut
1964 793 1999 833 a
2030 774 2273 836 Graecis
2317 776 2639 836 translatas
2682 780 2787 836 ant

547 883 708 940 certe
752 875 830 937 ad
877 896 1082 937 eorum
1111 880 1438 955 praecepta
1481 881 1542 937 et
1586 878 1864 955 exempla
1893 877 2181 937 formatas
2227 895 2382 938 esse:
2438 896 2615 954 quam
2662 896 2785 938 rem

549 981 732 1043 ceteri
792 998 1033 1058 quoque
1077 983 1313 1040 veteres
1360 979 1684 1058 scriptores
1730 979 1974 1040 minoris
2012 978 2226 1039 fecisse
2271 979 2563 1051 videntur,
2610 998 2786 1057 quam

548 1083 901 1145 debuerunt.
991 1083 1082 1142 Ac
1125 1081 1175 1141 si
1222 1082 1358 1159 quis
1405 1081 1565 1142 dicat
1611 1100 1702 1142 me
1750 1083 1809 1142 in
1857 1083 1972 1142 hac
2016 1101 2083 1143 re
2131 1082 2350 1160 injuste
2396 1083 2471 1142 de
2503 1083 2786 1145 Cicerone

540 1185 843 1265 judicare,
905 1203 1038 1245 cnm
1086 1186 1134 1244 is
1192 1186 1323 1263 ipso
1370 1185 1694 1262 hocloco,
1756 1184 1831 1245 de
1876 1203 1997 1262 qno
2059 1203 2252 1245 sermo
2308 1188 2429 1262 est,
2488 1186 2561 1246 de
2608 1185 2787 1245 initiis

549 1288 843 1366 genuinae
874 1292 932 1347 et
977 1285 1337 1348 domesticae
1382 1288 1588 1365 poesis
1616 1288 1919 1348 Romanae
1964 1288 2257 1348 nonnulla
2301 1286 2586 1366 proferat,
2629 1292 2790 1348 errat

549 1392 677 1450 sine
722 1389 920 1450 dnbio.
1007 1391 1098 1449 Ex
1161 1394 1286 1450 toto
1348 1390 1503 1450 enim
1550 1392 1981 1450 sententiarum
2044 1408 2279 1451 conexu
2343 1390 2520 1450 facile
2566 1394 2657 1450 est
2711 1388 2786 1450 ad

549 1489 1016 1570 intellegendum
1062 1492 1216 1551 hanc
1260 1492 1446 1552 solam
1493 1493 1569 1552 ob
1617 1510 1893 1552 caussam
1939 1494 2135 1553 locum
2182 1492 2348 1553 illum
2395 1490 2709 1571 Originum
2754 1514 2791 1553 a

551 1596 835 1656 Cicerone
881 1595 1123 1654 allatum
1171 1612 1319 1671 esse,
1365 1613 1441 1654 ne
1485 1595 1799 1655 veritatem
1846 1595 2017 1655 nimis
2080 1595 2422 1673 neglexisse
2466 1595 2790 1657 videretur.

549 1698 630 1758 At
687 1716 818 1757 cum
873 1697 931 1757 id
1002 1697 1243 1758 efficere
1289 1697 1474 1758 vellet
1532 1697 1709 1758 valde
1755 1715 1889 1758 sero
1935 1698 2182 1758 Latinas
2225 1699 2457 1759 litteras
2516 1717 2647 1758 esse
2692 1718 2789 1758 ex·

550 1805 731 1878 ortas,
775 1800 1124 1861 brevissime
1156 1798 1231 1861 de
1276 1818 1481 1860 earum
1527 1800 1866 1877 primordiis
1897 1799 2065 1861 dixit.
2153 1801 2525 1879 Quamquam
2574 1819 2648 1861 ne
2691 1801 2793 1860 illa

552 1902 826 1980 quidem,
886 1902 1113 1962 etiamsi
1160 1902 1370 1964 Cicero
1433 1921 1681 1980 prorsus
1736 1910 1899 1964 recte
1955 1903 2320 1982 judicasset,
2378 1905 2524 1965 satis
2579 1921 2792 1980 magna

553 2010 713 2066 esset
756 2023 986 2083 caussa,
1031 2023 1139 2065 cur
1181 2006 1414 2066 litterae
1446 2006 1694 2067 Latinae
1736 2009 1903 2066 tanto
1935 2006 2248 2067 inferiores
2293 2011 2492 2066 essent
2532 2006 2795 2082 Graecis,

553 2127 688 2168 nam
734 2107 1099 2186 propemodo
1147 2105 1267 2168 duo
1330 2108 1570 2168 saecula
1613 2108 2075 2187 praeterierant,
2135 2127 2210 2168 ex
2256 2127 2374 2186 quo
2418 2109 2628 2168 Livius
2672 2109 2792 2168 An·

554 2211 836 2271 dronicus
893 2210 1003 2269 has
1056 2212 1301 2271 Romam
1355 2210 1763 2272 transtulerat.
1852 2210 2026 2286 Quod
2088 2212 2218 2291 ipse
2265 2211 2475 2273 Cicero
2534 2210 2793 2271 sensisse

553 2314 809 2385 videtur,
855 2332 990 2373 nam
1036 2313 1282 2373 alteram
1329 2314 1502 2373 affert
1546 2331 1818 2374 caussam
1864 2312 1924 2386 (ξ
1970 2318 2007 2374 3
2053 2313 2151 2373 fin.
2197 2313 2271 2386 ἐξ
2315 2319 2356 2376 4
2401 2317 2461 2375 et
2506 2312 2586 2392 5),
2632 2311 2793 2390 quod

555 2418 773 2477 Romae
818 2433 1029 2495 parum
1077 2416 1321 2477 honoris
1364 2416 1439 2476 sit
1470 2416 1733 2476 habitum
1781 2416 1991 2493 poetis.
2079 2416 2194 2478 Sed
2241 2435 2316 2478 ne
2363 2418 2511 2477 haec
2550 2415 2792 2495 quidem

555 2518 755 2597 magni
801 2519 1080 2578 momenti
1128 2523 1232 2577 est.
1325 2518 1700 2595 Quamquam
1742 2519 1897 2578 enim
1941 2519 2041 2578 vix
2088 2519 2345 2579 dubitari
2390 2523 2606 2599 potest,
2648 2520 2794 2597 quin

437 2670 442 2677 .
554 2622 817 2682 honores
879 2622 938 2679 in
997 2624 1207 2698 poetas
1266 2623 1327 2680 et
1379 2621 1541 2681 viros
1601 2620 1811 2680 doctos
1866 2620 2067 2681 collati
2132 2620 2357 2699 aliquid
2420 2623 2661 2682 valcant
2718 2621 2793 2681 ad

557 2723 756 2784 studia
818 2741 1021 2784 eorum
1081 2723 1386 2800 augenda,
1445 2728 1640 2783 tamen
1703 2722 2062 2784 monendum
2124 2728 2217 2784 est
2261 2730 2321 2785 et
2364 2726 2688 2802 Romanos,
2746 2725 2797 2784 si

556 2845 772 2904 magna
802 2827 859 2885 in
906 2826 976 2886 iis
1020 2824 1232 2886 fnisset
1260 2825 1592 2886 litterarum
1622 2825 1872 2906 indoles,
1916 2827 2141 2904 maj0re
2172 2827 2302 2887 sine
2348 2824 2529 2887 dubio
2569 2827 2798 2888 honore

554 2930 689 2990 illos
733 2929 1056 2989 affecturos
1100 2926 1284 2988 fuisse
1331 2932 1391 2988 et
1433 2932 1644 3005 poetas
1689 2947 1830 2989 vere
1875 2929 2232 3007 ingeniosos,
2279 2929 2505 2989 etiamsi
2553 2930 2798 2990 minoris

558 3033 965 3110 aestimentur,
1008 3036 1207 3092 tamen
1253 3032 1368 3092 hac
1412 3049 1477 3092 re
1524 3050 1643 3092 non
1691 3031 1980 3111 impediri,
2025 3032 2344 3110 quominus
2385 3031 2458 3093 ad
2506 3051 2794 3093 summum

555 3137 701 3196 artis
746 3135 1101 3214 perveniant
1131 3133 1402 3213 gradum.
1490 3135 1681 3209 Quam
1728 3152 1852 3194 rem
1899 3153 2140 3211 possum
2182 3135 2493 3214 permultis
2536 3135 2797 3213 probare

560 3238 867 3317 exemplis,
909 3238 1014 3298 sed
1061 3255 1169 3315 per
1198 3256 1262 3298 se
1293 3239 1435 3297 satis
1472 3238 1643 3297 'certa
1674 3237 1932 3298 videtur.
2017 3237 2148 3298 Jam
2179 3254 2325 3298 vero
2356 3238 2797 3298 demonstrasse

559 3342 699 3401 mihi
743 3340 956 3401 videor
1009 3339 1234 3399 nullius
1287 3339 1412 3400 fere
1458 3341 1735 3400 momenti
1782 3358 1913 3399 esse
1957 3346 2328 3417 argumenta,
2381 3339 2600 3417 quibus
2635 3339 2798 3417 judi-

560 3444 713 3503 cium
778 3461 946 3504 snum
1008 3442 1216 3504 Cicero
1277 3441 1532 3519 probare
1604 3441 1854 3502 studeat.
1961 3443 2314 3519 Priusquam
2393 3447 2589 3503 autem
2646 3440 2798 3501 illud

557 3547 810 3606 alterum
874 3560 1258 3623 quaeramus,
1316 3550 1516 3604 utrum
1578 3544 1695 3604 hoc
1758 3545 1891 3604 loco
1949 3545 2032 3604 ita
2090 3544 2314 3605 dixisse
2375 3545 2673 3617 videatur,
2733 3550 2802 3605 ut

560 3647 870 3723 sentiebat,
915 3665 1121 3725 neone,
1165 3647 1321 3707 alter
1366 3648 1536 3707 locus
1581 3644 1983 3723 proferendus
2027 3652 2134 3724 est,
2178 3664 2297 3723 quo
2345 3647 2528 3708 multo
2561 3647 2798 3707 brevius

560 3751 742 3828 plane
768 3750 923 3810 idem
955 3750 1315 3810 contendere
1351 3749 1549 3810 audet.
1636 3750 1790 3809 Nam
1824 3754 2141 3828 postquam
2188 3749 2264 3809 de
2295 3767 2521 3809 summo
2563 3750 2798 3810 dicendi

561 3853 760 3914 studio
807 3854 1026 3913 Romae
1085 3850 1303 3912 auditis
1349 3850 1714 3913 Graecorum
1777 3852 2117 3912 oratoribus
2161 3853 2537 3929 cognitisque
2596 3870 2798 3913 eorum

563 3955 777 4016 litteris
821 3958 1032 4016 exorto
1079 3954 1425 4034 disputavit,
1467 3955 1524 4015 d.
1556 3973 1643 4014 or.
1678 3959 1732 4031 1,
1761 3957 1838 4016 15
1884 3954 2033 4014 haec
2078 3954 2249 4015 dicit:
2314 3955 2600 4032 „Ingenia
2656 3972 2800 4015 vero

562 4057 655 4133 (ut
685 4058 886 4119 multis
930 4058 1111 4118 rebus
1139 4075 1454 4135 possumus
1491 4055 1798 4136 judicare)
1829 4060 2165 4117 nostrorum
2214 4056 2511 4116 hominum
2553 4057 2798 4117 multum

563 4162 776 4222 ceteris
820 4160 1157 4220 hominibus
1189 4160 1446 4221 omnium
1491 4160 1757 4236 gentium
1804 4159 2290 4236 praestiterunt.“
2381 4159 2570 4233 Quem
2603 4159 2798 4218 locum

562 4264 612 4323 si
658 4263 791 4340 quis
837 4264 1025 4324 solum
1074 4263 1372 4340 respiciat,
1420 4263 1563 4321 nihil
1613 4262 1845 4334 habeat,
1891 4281 1999 4322 cur
2045 4262 2290 4339 dubitet,
2335 4262 2478 4338 quin
2526 4260 2798 4320 Ciceroni
