3166 4871
540 259 658 321 126

532 451 771 493 causam
847 430 1192 492 Schutzium
1263 430 1595 491 coniecisse
1669 433 1846 508 puto:
1927 416 2087 502 θεὸς
2161 416 2370 491 πόλιν
2447 416 2507 490 δ’
2567 420 2772 491 ἔσωσε

535 522 892 604 Παλλάδος
936 528 1100 603 θεᾶς
1157 531 1255 602 (cf.
1300 533 1502 593 Herm.
1546 530 1641 592 ad.
1686 533 1851 592 Pers.
1897 536 2075 612 339);
2135 552 2312 611 quam
2368 533 2771 594 coniecturam

530 638 907 698 Hei-mannus
949 654 1086 697 cum
1132 635 1330 707 „nullo
1377 652 1626 712 prorsus
1656 633 2048 696 fundamento
2093 637 2169 696 sit
2212 629 2507 696 stabilita“
2552 637 2775 696 reiecit.

528 741 745 817 Neque
799 757 943 800 vero
1005 756 1158 816 opus
1218 745 1309 800 est
1369 740 1611 800 aoristo.
1698 739 1850 799 Nam
1910 738 2065 799 sicut
2108 740 2169 799 in
2213 741 2383 800 Eum.
2428 759 2483 798 v.
2531 743 2649 801 761
2699 722 2775 809 ὃς

529 872 610 882 -
671 830 867 917 σώζει
924 857 1004 918 με
1063 826 1311 921 μητρὸς
1372 831 1565 900 τᾶσδε
1634 833 1994 913 συνδίκους
2054 823 2242 920 ὁρῶν
2304 847 2364 903 et
2427 842 2650 902 certius
2709 841 2770 901 in

528 942 710 1023 Soph.
755 944 847 1004 Ai.
898 946 1075 1005 1128.
1119 932 1279 1014 θεὸς
1324 928 1449 1022 γὰρ
1495 931 1769 1018 ἐκσώζει
1812 960 1922 1021 με,
1968 938 2142 1023 τῷδε
2188 928 2247 1003 d'
2292 936 2555 1023 οἴχομαι
2600 962 2771 1022 prae-

527 1065 666 1108 sens
718 1046 959 1108 notione
1018 1045 1269 1123 perfecti
1328 1050 1683 1123 usurpatum
1732 1050 1846 1122 est,
1905 1046 1988 1106 ita
2040 1047 2215 1106 etiam
2273 1048 2386 1108 hoc
2441 1047 2572 1107 loco
2618 1039 2771 1105 θεοὶ

529 1135 821 1227 σώζουσι
866 1148 1208 1225 significare
1252 1154 1470 1226 potest:
1517 1146 1613 1208 dei
1661 1154 1983 1208 servarunt
2027 1150 2252 1220 urbem,
2299 1148 2395 1210 dei
2431 1152 2771 1210 servatores

528 1254 695 1313 urbis
742 1253 1113 1312 exstiterunt.
1203 1250 1318 1312 Sed
1367 1251 1541 1310 etiam
1591 1251 1702 1310 hac
1760 1252 2256 1329 interpretatione
2308 1250 2770 1328 supersedemus

527 1357 626 1432 ita,
671 1361 735 1415 ut
779 1353 1139 1431 generaliter
1184 1352 1333 1413 illud
1378 1347 1530 1411 θεοὶ
1560 1370 1628 1411 π.
1660 1342 1951 1430 σώζουσι
1984 1351 2062 1412 Π.
2097 1352 2162 1411 θ.
2212 1375 2248 1414 a
2293 1355 2504 1414 nuntio
2546 1353 2766 1413 dictum

526 1463 879 1518 statuamus:
926 1458 984 1516 in
1046 1455 1293 1516 deorum
1357 1455 1547 1516 tutela
1607 1474 1841 1534 semper
1901 1465 1991 1516 est
2037 1456 2293 1516 Palladis
2353 1456 2510 1515 urbs.
2600 1456 2769 1528 Quae

528 1561 823 1622 sententia
853 1579 888 1619 a
918 1564 1132 1636 poetae
1164 1559 1552 1636 religiositate
1586 1566 1645 1618 et
1675 1577 1824 1633 erga
1858 1560 2109 1636 patriam
2155 1561 2375 1635 pietate
2413 1565 2474 1618 et
2501 1576 2538 1617 a
2567 1559 2769 1635 singu·

525 1663 636 1722 lari
666 1662 900 1722 fabulae
932 1662 1173 1722 consilio
1191 1657 1265 1727 28)
1313 1662 1549 1721 minime
1592 1667 1682 1722 est
1714 1663 1930 1721 aliena.
2016 1663 2169 1722 Nam
2202 1662 2250 1721 si
2279 1666 2404 1721 tum
2434 1662 2494 1721 in
2526 1661 2768 1721 civitate

527 1765 982 1826 Atheniensium
1045 1783 1164 1824 non
1220 1764 1499 1831 deerant,
1556 1765 1660 1840 qui
1707 1768 2066 1842 metuerent,
2128 1783 2202 1824 ue
2250 1782 2406 1824 novo
2451 1764 2766 1824 Persarum

524 1871 748 1946 impetu
795 1867 1045 1928 Graecia
1103 1866 1574 1944 opprimeretur,
1622 1866 1831 1926 horum
1876 1867 2105 1926 animos
2160 1867 2370 1926 mirum
2419 1867 2478 1925 in
2528 1865 2765 1926 modum

525 1971 672 2048 erigi
722 1988 966 2030 necesse
1010 1978 1169 2045 erat,
1225 1988 1358 2029 cum
1406 1968 1685 2029 audirent
1742 1969 1985 2029 deorum
2033 1969 2395 2046 praesidium
2444 1969 2767 2029 Athenien·

523 2073 687 2133 sibus
718 2071 929 2133 adesse
959 2073 1381 2150 sempiternum
1418 2090 1613 2148 neque
1662 2089 1921 2149 unquam
1968 2071 2310 2133 defuturum
2357 2070 2459 2145 (cf.
2503 2071 2768 2132 Schiller.

524 2176 559 2235 l.
589 2176 626 2235 l.
658 2194 714 2252 p.
747 2174 870 2247 30).

1552 2407 1729 2489 III.

698 2586 1029 2661 Hucusque
1061 2585 1361 2661 praesenti
1395 2585 1638 2644 notione
1683 2584 1934 2663 perfecti
1980 2586 2078 2645 vel
2124 2586 2431 2662 praeteriti
2477 2591 2766 2663 usurpato

524 2691 657 2767 ipsa
700 2706 855 2765 quae
905 2687 1085 2747 verbo
1132 2688 1324 2746 inerat
1369 2687 1458 2746 vis
1502 2705 1621 2747 non
1670 2686 2047 2748 mediocriter
2090 2686 2344 2749 favebat.

692 2792 817 2851 Iam
865 2808 1011 2849 vero
1042 2788 1120 2849 ad
1152 2789 1598 2849 insolentiorem
1632 2792 1963 2867 praesentis
1992 2790 2331 2852 accedimus
2368 2809 2556 2864 usum,
2599 2792 2768 2853 cuius

521 2894 697 2954 etiam
743 2893 803 2952 in
851 2892 1137 2970 Aeschyli
1183 2891 1401 2952 fabulis
1447 2893 1702 2969 vestigia
1745 2892 2294 2970 deprehenduntur.

693 2995 868 3070 Quod
915 2995 1069 3056 enim
1116 2998 1229 3056 iam
1274 2997 1333 3054 in
1381 2996 1740 3055 carminibus
1789 2996 2118 3056 Homericis
2162 2997 2441 3067 occurrit,
2487 3001 2554 3057 ut
2595 3016 2765 3075 prae·

520 3099 677 3159 senti
726 3088 976 3176 πάρος,
1029 3094 1207 3157 ποτέ
1262 3098 1499 3175 aliaque
1558 3099 1864 3175 praeteriti
1926 3100 2209 3176 temporis
2254 3098 2540 3159 adverbia
2582 3117 2766 3177 appo·

521 3197 858 3278 nantnr29),
926 3220 1084 3278 quae
1143 3204 1445 3279 augmenti
1516 3203 1689 3277 quasi
1750 3201 1910 3261 vices
1979 3203 2319 3280 suscepisse
2376 3200 2767 3273 videntur³⁰)‚

517 3301 673 3363 idem
721 3304 896 3363 etiam
942 3302 1283 3379 Aeschylus
1330 3305 1559 3379 recepit
1605 3310 1664 3363 et
1708 3304 1769 3363 in
1815 3321 1986 3363 suum
2035 3320 2204 3364 usum
2251 3305 2563 3365 convertit.
2650 3304 2765 3364 Sed

518 3423 716 3480 pauca
760 3423 917 3482 quae
962 3409 1197 3465 exstant
1256 3405 1529 3484 exempla
1574 3407 1915 3482 Aeschylea
1959 3424 2138 3483 quam
2185 3408 2482 3484 angustis,
2550 3414 2614 3466 ut
2658 3425 2767 3484 par

520 3511 626 3578 est,
670 3506 885 3567 finibus
931 3507 1173 3567 liberior
1217 3508 1363 3567 haec
1405 3507 1642 3568 dicendi
1687 3509 1840 3568 ratio
1888 3509 2267 3569 contineatur
2298 3515 2504 3587 aperte
2536 3509 2768 3569 docent.

690 3611 948 3670 Primum
996 3610 1315 3686 adverbia,
1359 3628 1514 3686 quae
1561 3617 1986 3688 apponuntur,
2046 3611 2174 3670 eius
2217 3613 2456 3689 generis
2498 3614 2659 3690 sunt,
2702 3616 2769 3670 ut

688 3809 759 3873 ²⁸)
794 3803 877 3859 Cf.
914 3805 1131 3861 Teuffel
1184 3805 1238 3859 in
1294 3805 1466 3875 praef.
1514 3806 1647 3862 edit.
1698 3806 1989 3862 Persarum
2035 3825 2087 3877 p.
2126 3813 2155 3861 5
2193 3823 2307 3877 seq.
2391 3807 2627 3864 Schiller
2672 3808 2742 3863 ed

519 3892 669 3947 Pers.
708 3891 878 3961 praef.
916 3908 968 3961 p.
1000 3896 1056 3945 17
1097 3906 1252 3961 seqq.
1290 3895 1347 3946 et
1382 3908 1439 3961 p.
1467 3894 1531 3947 29
1550 3908 1665 3962 seq.

688 3979 757 4043 ²⁹)
791 3977 992 4048 Odyss.
1030 3997 1080 4044 η,
1118 3981 1232 4031 201.
1270 3973 1383 4032 αἰεὶ
1419 3972 1533 4048 γὰρ
1570 3974 1636 4032 τὸ
1674 3974 1861 4048 πάρος
1886 3996 1954 4048 γε
1983 3975 2116 4033 θεοὶ
2155 3976 2459 4048 φαίνονται
2487 3974 2764 4051 ἐναργεῖς.

517 4060 589 4118 ef.
632 4063 710 4131 M,
749 4063 955 4131 346J47.
1008 4063 1066 4115 Σ
1096 4065 1212 4116 386.
1248 4057 1434 4132 πάρος
1478 4080 1546 4131 γε
1581 4061 1693 4130 μὲν
1728 4058 1855 4119 οὔτι
1895 4061 2176 4131 θαμίζεις.
2227 4065 2286 4129 Δ,
2325 4068 2439 4118 274.
2475 4062 2545 4119 cf.
2583 4064 2767 4118 Kiihn.

518 4149 588 4216 11,
619 4153 660 4203 1.
698 4164 752 4217 p.
784 4153 894 4203 117.
966 4147 1189 4217 Kriiger
1226 4148 1293 4201 D.
1331 4153 1413 4214 53,
1444 4152 1486 4215 1,
1521 4154 1561 4203 1.
1636 4147 1976 4205 Sebmalfeld
2012 4149 2047 4203 l.
2074 4150 2106 4202 1.
2143 4149 2281 4218 §52
2308 4155 2355 4204 3.
2394 4165 2447 4218 p.
2474 4154 2555 4205 88.

688 4237 759 4302 ³⁰)
796 4233 1110 4288 Kohlmann
1148 4233 1182 4289 l.
1210 4234 1242 4288 l.
1278 4250 1331 4303 p.
1357 4239 1438 4288 30.
