3166 4871
1086 317 1170 372 De
1201 316 1404 372 nomin.
1440 316 1499 371 ln
1533 335 1697 382 -αιος,
1767 321 1799 384 5
1837 323 1917 373 74.
2492 323 2612 385 211

370 511 482 572 ραι
545 487 755 567 τινές,
824 487 898 553 ἐν
961 482 1065 563 αἶς
1129 491 1361 553 θυσίαι
1427 488 1789 554 ἐτελοῦντο
1857 501 1998 566 τοῖς
2061 481 2619 574 (ἀπο)πομπαίοις

373 595 579 666 θεοῖς.
621 626 710 638 -
754 581 1360 676 ἀποπομπαῐος·
1419 585 1457 658 ὃ
1502 582 1961 677 ἀποστραφεὶς
2003 586 2362 678 ἄπρακτος.
2423 594 2536 658 καὶ
2580 588 2618 659 ὁ

371 693 899 777 κεκαθαρμένος.
958 729 1047 741 —-
1102 685 1652 779 ἀποπομπεῐν·
1735 690 1814 759 τὸ
1882 685 2436 779 ἀποπέμψασθαι.
2507 698 2619 762 καὶ

371 786 972 881 ἀποκαθήρασθαι.
1049 788 1646 882 ἀποπόμπιμοι·
1685 794 1753 861 αἱ
1783 787 2171 882 ἀποφράδες
2200 791 2435 882 ἡμέραι
2467 804 2619 879 (dies

375 901 641 977 nefasti).
727 904 921 966 Saia:
967 889 1576 984 ἀποπομπαῑος·
1634 893 1672 964 ὁ
1714 900 2010 985 χίμαρος,
2055 893 2093 964 ὁ
2137 895 2397 986 τράγος.
2491 903 2619 967 Καὶ

369 990 847 1084 ἀποπομπατοι
891 1002 1047 1066 θεοί
1091 1024 1267 1079 τινες
1311 992 1531 1078 οὕτως
1576 996 1969 1067 ἐκαλοῦντο.
2046 1002 2179 1068 Καὶ
2222 993 2618 1090 ἀποπομπή,

369 1094 522 1168 ἀντὶ
565 1106 696 1168 τοῦ
741 1094 1116 1190 ἀποτροπή.
1193 1111 1557 1187 Quibuscum
1592 1110 1868 1171 conferas
1912 1111 2104 1171 locum
2149 1112 2434 1172 Isocratis
2466 1113 2618 1173 Phil.

381 1208 529 1270 117:
575 1199 718 1291 ὁρῶ
748 1258 761 1270 .
796 1258 810 1270 .
847 1257 859 1270 .
893 1257 907 1270 .
956 1206 1067 1271 καὶ
1109 1209 1253 1272 τῶν
1296 1199 1486 1272 θεῶν
1514 1201 1678 1283 τούς
1706 1207 1830 1291 μὲν
1858 1210 2001 1272 τῶν
2030 1199 2319 1293 ἀγαθῶν
2360 1208 2618 1286 αἰτίους

368 1301 530 1393 ἡμῖν
573 1301 777 1386 ὄντας
819 1299 1214 1394 Ὀλυμπίους
1255 1309 1980 1394 προςαγορευομένους,
2023 1306 2184 1387 τούς
2228 1302 2286 1374 δ’
2331 1310 2443 1376 ἐπὶ
2472 1324 2619 1388 ταῖς
2652 1354 2657 1359 ,

369 1423 750 1496 συμφοραῖς
787 1411 902 1478 καὶ
931 1423 1078 1489 ταῖς
1107 1412 1453 1498 τιμωρίαις
1481 1412 1923 1496 τεταγμένους
1954 1413 2468 1499 δυσχερεστέρας
2500 1410 2618 1491 τὰς

368 1513 758 1598 ἐπωνυμίας
801 1512 1106 1598 ἔχοντας,
1162 1515 1273 1580 καὶ
1318 1518 1459 1580 τῶν
1501 1515 1626 1598 μὲν
1669 1515 1781 1579 καὶ
1825 1510 1987 1591 τούς
2030 1510 2301 1592 ἰδιώτας
2344 1516 2455 1580 καὶ
2499 1512 2617 1592 τὰς

368 1611 604 1693 πόλεις
657 1616 772 1681 καὶ
825 1613 1016 1694 νεῶςι
1049 1618 1162 1681 καὶ
1215 1614 1483 1702 βωμοὺς
1538 1613 1962 1703 ἱδρυμένους,
2021 1613 2181 1694 τούς
2238 1608 2298 1683 δ’
2350 1609 2496 1682 οὔτ’
2541 1618 2616 1684 ἐν

365 1728 514 1796 ταῖς
543 1709 767 1802 εὐχαῖς
795 1711 942 1785 οὔτ’
972 1719 1048 1785 ἐν
1075 1733 1221 1796 ταῖς
1264 1720 1535 1796 θυσίαις
1578 1716 2016 1805 τιμωμένους,
2062 1710 2210 1785 ἀλλ’
2256 1711 2407 1787 ἀπο
2423 1744 2523 1787 πο
2536 1728 2644 1805 μ-’

365 1817 521 1898 πᾶς
565 1813 836 1888 αὐτῶν
878 1816 1070 1907 ἡμᾶς
1113 1818 1673 1907 ποιουμένους.

539 1931 757 2008 Itaque
801 1932 1106 1992 Pollucem
1151 1931 1203 1992 si
1245 1932 1525 1992 audimus
1567 1914 2038 2009 ἀποπομπατοι
2080 1931 2258 1991 iidem
2305 1931 2401 1992 dei
2439 1951 2614 1994 voca-

359 2033 582 2093 bantur
640 2035 742 2111 qul
789 2039 851 2095 et
901 2019 1384 2113 ἀποτρόπαιοι,
1445 2019 1832 2109 ἀλεξίκακοι
1884 2034 1921 2093 i.
1951 2053 2002 2094 e.
2046 2035 2266 2093 malum
2326 2053 2613 2095 averrun-

359 2140 588 2196 cantee.
697 2138 787 2197 Ea
852 2137 1286 2213 significatione
1353 2121 1818 2215 ἀποτρόπαιος
1882 2154 2064 2213 saepe
2131 2142 2485 2215 usurpatur,
2557 2143 2619 2198 et

360 2238 619 2299 maxime
665 2240 882 2316 Apollo
928 2241 1015 2301 sic
1061 2240 1422 2318 vocabatur,
1484 2244 1551 2305 ut
1596 2239 1699 2299 Ar.
1746 2239 1856 2299 Av.
1902 2237 2001 2299 6¹.
2048 2240 2227 2318 Vesp.
2277 2235 2416 2300 161.
2461 2240 2617 2317 Plut‚

361 2336 504 2400 359.
573 2338 716 2402 854.
825 2343 1018 2403 Etiam
1085 2342 1276 2404 solnm
1351 2326 1771 2422 ἀποτρόπαιε
1840 2344 1953 2421 Eq.
2022 2338 2180 2399 1307
2258 2342 2614 2403 exclamatio

361 2444 710 2524 metuentis,
770 2447 865 2506 cui
909 2446 1312 2524 supplendum
1357 2451 1450 2507 est
1490 2430 1744 2525 ἄρηξον
1790 2447 1888 2507 vel
1930 2434 2019 2525 μὴ
2067 2434 2339 2525 γένηται
2382 2442 2611 2505 τοῦτο.

362 2546 451 2608 cf.
497 2548 676 2608 Pane.
721 2549 806 2627 11,
855 2545 949 2628 11,
995 2545 1033 2605 2
1090 2545 1219 2608 τοῦ
1274 2537 1495 2626 τάφου
1562 2543 1858 2629 πλησίον
1926 2542 2096 2608 εἰσὶν
2159 2533 2613 2626 ἀποτρόπαιοι

329 2644 535 2709 ·θεοί.
627 2640 821 2730 Παρὰ
863 2641 1131 2723 τούτοις
1176 2645 1447 2732 δρῶσιν,
1491 2635 1619 2711 ὅσα
1652 2638 1965 2731 Έλληνες
2018 2644 2093 2722 ἐς
2138 2636 2614 2730 ἀποτροπήν

359 2750 630 2812 κακῶν
675 2748 1081 2832 νομίζουσιν.
1173 2756 1463 2833 Hippocr.
1517 2775 1575 2833 p.
1623 2750 1773 2832 378,
1819 2751 1933 2812 31:
2000 2748 2129 2814 Καὶ
2188 2739 2611 2831 θεοῖςέῧχε-

360 2854 548 2929 σθαι,
594 2848 705 2915 ἐπὶ
746 2851 872 2934 μὲν
912 2863 1088 2916 τοῖσι
1135 2842 1454 2937 ἀγαθοῖσι
1487 2844 1717 2937 Ἡλίῳ,
1763 2851 1865 2917 Διὶ
1910 2840 2244 2937 οὐρανίῳ,
2289 2850 2392 2916 Διὶ
2439 2853 2611 2937 Κτη-

359 2953 511 3037 σίῳ,
556 2944 801 3042 ᾍθηνᾷ
848 2954 1122 3040 Κτησίῃ,
1156 2948 1375 3039 Ἑρμῇ,
1421 2944 1813 3033 Ἀπόλλωνι,
1859 2951 1969 3019 ἐπὶ
2016 2952 2089 3018 δὲ
2133 2964 2308 3018 τοῖσι
2356 2951 2611 3017 ἕνα-ντί-

358 3071 498 3120 οισι
526 3067 702 3121 τοῑσι
734 3045 1260 3142 ἀποτροπαίοισι
1289 3058 1405 3121 καὶ
1427 3059 1526 3140 Γῇ
1558 3056 1669 3121 καὶ
1699 3046 1934 3141 ἥρωσι,
1966 3045 2403 3140 ἀποτρόπαια
2439 3049 2613 3139 γενέ·

361 3161 530 3223 σθαι
572 3153 658 3223 τὰ
698 3155 958 3241 χαλεπὰ
1000 3155 1246 3224 πάντα.
1338 3165 1434 3227 Sic
1492 3165 1677 3241 igltur
1722 3164 1896 3224 etiam
1945 3148 2425 3241 ἀποπομπατοι
2470 3162 2611 3224 dicti

360 3269 458 3328 dei
506 3271 612 3346 qni
651 3268 867 3328 malum
901 3272 1201 3328 avertunt.
1273 3268 1391 3329 Sed
1425 3287 1499 3328 ex
1531 3267 1812 3329 Isocratis
1842 3267 1974 3327 loco
2004 3268 2204 3344 potins
2235 3265 2611 3327 efficiendum

362 3371 606 3431 videtur
647 3355 1175 3448 ἀποπομπαίους
1219 3375 1463 3433 vocatos
1508 3387 1641 3432 esse
1686 3370 1828 3431 deos
1873 3370 1973 3446 qui
2022 3380 2224 3430 essent
2264 3369 2387 3446 ipsi
2424 3387 2613 3429 remo-

360 3473 548 3534 vendi
591 3473 916 3534 avertendi.
1003 3474 1156 3534 Nam
1198 3457 1619 3554 ἀποπομπήν
1658 3488 1843 3544 τινος
1871 3471 2219 3531 ποιεῖσθαι
2248 3471 2403 3532 idem
2435 3471 2611 3549 algni-

361 3577 510 3637 ficat
552 3576 716 3655 quod
762 3560 1293 3654 ἀποπέμπεσθαί
1321 3593 1492 3650 τινα,
1539 3576 1576 3637 i.
1607 3593 1657 3637 e.
1701 3596 1738 3637 a
1782 3593 1847 3637 ee
1880 3574 2177 3653 ablegare,
2220 3592 2614 3653 summovere,

363 3679 700 3758 repudiare,
743 3679 1012 3757 rejicere,
1058 3685 1126 3740 ut
1167 3679 1327 3758 apud
1376 3680 1585 3757 Eurip.
1616 3678 1763 3739 Hec.
1796 3674 1875 3735 72
1909 3663 2390 3755 ἀποπέμπομαι
2422 3668 2609 3736 ἔννυ-

357 3797 489 3860 χον
533 3767 713 3859 ὄφιν.
801 3782 991 3843 Well:
1050 3783 1153 3861 „Je
1198 3783 1258 3842 la
1302 3783 1474 3843 lance
1520 3783 1644 3843 loin
1689 3781 1763 3841 de
1809 3781 1954 3859 moi,
1999 3797 2223 3841 comme
2270 3797 2388 3841 nne
2432 3779 2610 3841 chose

362 3884 757 3947 abominable.
833 3884 916 3946 Ge
961 3890 1083 3946 mot
1125 3886 1270 3946 etait
1313 3885 1769 3962 probablement
1810 3885 2221 3963 accompagn&
2262 3882 2403 3944 d'un
2441 3887 2611 3960 geete

316 3977 322 3984 ⁶
360 3980 791 4065 symbolique“.
869 3985 1052 4066 Apud
1096 3988 1418 4049 Isocratem
1462 3992 1661 4048 tamen
1708 3970 2117 4065 ἀποπομπὰς
2160 3974 2612 4064 ποιουμένους

362 4110 488 4152 non
534 4091 883 4168 simpliciter
926 4110 1036 4170 pro
1082 4075 1692 4169 ἀποπεμπομένους
1738 4089 1999 4168 positum
2047 4107 2206 4168 esse,
2262 4088 2370 4149 sed
2417 4090 2612 4149 certos

361 4192 655 4272 quosdam
702 4194 855 4255 ritus
896 4197 958 4255 et
986 4195 1339 4256 cerimoniae
1370 4193 1656 4255 denotare
1692 4192 2103 4271 lexicographi
2148 4192 2386 4268 docent,
2430 4209 2609 4268 quam

361 4295 442 4358 ob
487 4314 610 4358 rem
657 4301 820 4358 recte
866 4297 1077 4358 Thea:
1120 4281 1578 4374 ,,ἀποπομπὰς
1622 4293 1971 4355 ποιεῖσθαι
2013 4295 2197 4356 Isocr.
2227 4292 2376 4353 Phil.
2411 4288 2530 4350 106
2561 4292 2611 4352 Β
