3166 4871
560 267 684 330 296

731 443 846 504 Sed
911 444 1142 504 omissis
1199 445 1532 521 proverbiis
1591 445 1718 505 aliis
1777 464 2017 523 quoque
2078 446 2224 504 locis
2281 446 2548 504 homiues
2592 443 2795 503 rustici

553 567 680 635 ‘non
752 546 1016 608 contenti
1081 554 1222 608 sunt
1283 549 1479 608 omnia
1550 547 1790 607 definite
1854 549 2217 625 proprieque
2284 547 2619 624 appellare,
2694 547 2795 606 sed

558 653 913 728 plerumque
960 651 1522 728 comparationibus,
1567 670 1725 728 quae
1773 652 1829 710 in
1879 652 2137 710 omnium
2188 669 2297 711 usu
2329 650 2585 727 ideoque
2616 651 2796 709 omni·

560 754 671 812 bus
720 758 894 813 notae
941 759 1099 831 sunt,
1144 759 1203 812 et
1250 754 1520 813 formulis
1566 751 1920 831 quibusdam
1967 772 2064 812 res
2108 754 2268 830 ipsas
2299 753 2569 829 pluribus
2603 752 2797 812 verbis

560 857 998 932 explicantibus
1045 856 1419 916 narrationes
1479 855 1803 915 illustrant.
1898 857 2000 932 qui
2044 860 2240 916 tamen
2289 874 2434 917 usus
2487 875 2522 915 a
2564 855 2796 915 ratione

560 978 800 1037 eorum,
853 961 954 1037 qui
1003 960 1182 1019 nimia
1228 964 1355 1019 arte
1401 959 1664 1018 scribere
1711 958 1982 1018 solebant
2026 958 2119 1032 (ut
2162 958 2479 1035 Apuleiae,
2539 977 2793 1036 quocum

560 1062 879 1120 Petronius
925 1080 1103 1138 saepe
1147 1079 1460 1137 perperam
1508 1067 1886 1138 comparatus
1932 1058 2082 1138 est),
2125 1079 2372 1136 prorsus
2418 1061 2647 1120 alienus
2691 1064 2794 1119 est.

561 1183 693 1223 nam
740 1165 1004 1240 vulgaris
1049 1165 1335 1224 sermonis
1380 1167 1729 1224 ornamenta
1774 1182 2008 1241 semper
2052 1165 2126 1223 ab
2185 1163 2512 1223 humillima
2556 1182 2797 1240 quaque

559 1284 623 1324 re
668 1265 1021 1343 deprompta
1065 1270 1220 1326 sunt.

729 1371 803 1428 Et
849 1370 1360 1445 comparationum
1422 1369 1662 1446 quidem
1721 1367 1927 1428 variae
1982 1375 2121 1428 sunt
2164 1368 2405 1428 formae.
2494 1368 2591 1428 ubi
2640 1367 2796 1427 dnae

557 1489 652 1529 res
698 1472 792 1529 vel
841 1488 1132 1545 personae
1196 1471 1349 1530 inter
1406 1490 1468 1530 se
1516 1470 1957 1547 comparandae
2003 1476 2177 1547 sunt,
2227 1471 2405 1547 longe
2450 1471 2795 1548 saepissime

557 1572 874 1631 Petronius
921 1574 1105 1631 utitur
1165 1573 1459 1650 particula
1522 1579 1824 1645 tanquam.
1916 1574 2192 1649 quoniam
2240 1571 2532 1633 Studerus
2578 1571 2659 1649 (p.
2689 1571 2796 1644 83)

557 1692 783 1748 paucos
827 1679 1059 1734 tantum
1107 1677 1267 1735 locos
1313 1676 1566 1751 collegit,
1615 1676 1983 1751 aptissimum
2017 1676 2256 1735 videtur
2300 1694 2374 1735 ex
2404 1675 2476 1734 iis
2505 1676 2827 1753 partibus,.

556 1778 614 1835 in
662 1778 879 1854 quibus
925 1778 1192 1837 homines
1238 1777 1444 1836 rustici
1490 1778 1727 1853 vulgari
1771 1795 2049 1837 sermone
2093 1777 2544 1856 colloquuntur,
2599 1785 2797 1837 omnia
2888 1802 2893 1809 ·

557 1878 916 1939 adscribere.
956 1880 1028 1939 cf.
1061 1898 1108 1939 c.
1141 1883 1253 1942 39:
1299 1878 1463 1939 orbis
1492 1880 1758 1939 vertitur
1804 1887 2091 1953 tanquam
2121 1881 2279 1939 mola
2309 1887 2369 1940 et
2401 1888 2570 1939 terra
2598 1882 2796 1939 omnia

556 1978 711 2039 bona
755 1982 818 2039 in
859 1998 923 2039 se
965 1982 1141 2041 habet
1188 1990 1221 2039 t.
1261 1983 1474 2055 savus,
1532 2002 1580 2041 c.
1614 1986 1724 2041 41:
1779 1983 2111 2041 revertitur
2158 1989 2196 2040 t.
2247 1981 2537 2055 libertus,
2598 2002 2646 2042 c.
2675 1986 2788 2043 43:

555 2084 745 2141 crevit
790 2090 830 2141 t.
872 2083 1078 2157 savus,
1127 2103 1175 2143 c.
1209 2088 1319 2144 76:
1364 2082 1677 2142 crescebat
1713 2090 1749 2141 t.
1781 2084 1985 2156 favus,
2034 2103 2083 2143 c.
2116 2089 2232 2144 43:
2278 2086 2455 2159 niqer
2487 2092 2524 2143 t.
2557 2101 2791 2158 cor-vm,

555 2205 603 2244 c.
634 2190 746 2245 44:
792 2203 909 2243 vox
966 2184 1282 2245 erescebat
1337 2191 1376 2244 t.
1437 2185 1581 2244 tuba
1638 2191 1696 2246 et
1757 2188 1995 2245 colonia
2054 2194 2434 2246 retroversus
2480 2191 2703 2247 crescit
2749 2192 2789 2246 t.

554 2288 709 2346 coda
752 2289 924 2347 vituli
968 2294 1026 2348 et
1069 2290 1311 2347 nomina
1354 2288 1621 2347 reddere
1667 2296 1705 2346 t.
1752 2306 1907 2347 unus
1951 2292 2023 2349 de
2066 2288 2238 2348 nobis
2273 2294 2332 2349 et
2362 2291 2470 2348 udi
2500 2295 2540 2349 t.
2572 2307 2789 2362 marea,

555 2409 603 2448 c.
635 2394 747 2451 51:
793 2391 1006 2450 collisa
1050 2394 1182 2450 erat
1229 2394 1269 2448 t.
1316 2405 1516 2450 vasum
1563 2405 1844 2462 aeneam,
1897 2411 1945 2451 c.
1977 2396 2090 2453 57:
2133 2398 2340 2467 stupes
2385 2397 2425 2451 t.
2474 2392 2685 2452 hircus
2730 2395 2791 2452 in

553 2495 783 2565 ervilia,
829 2512 878 2553 c.
910 2499 1021 2554 58:
1066 2494 1303 2567 sataqis
1348 2501 1385 2551 t.
1433 2510 1563 2552 mus
1610 2495 1672 2552 in
1716 2496 1982 2567 matella,
2029 2515 2082 2554 c.
2117 2500 2226 2556 62:
2265 2496 2454 2570 fortis
2500 2504 2539 2555 t.
2595 2497 2789 2557 Orcus

552 2599 611 2654 et
667 2594 900 2654 stabam
961 2601 1002 2654 t.
1058 2601 1329 2654 mortuus
1387 2600 1446 2655 et
1497 2597 1644 2670 ἴκρι’
1699 2602 1736 2654 t.
1792 2614 1944 2670 copo
2007 2599 2371 2671 compilatus
2429 2605 2489 2657 et
2547 2599 2786 2656 iacebat

552 2699 722 2756 miles
787 2699 849 2767 in
911 2699 1063 2756 lecto
1125 2702 1165 2755 t.
1212 2699 1406 2770 bovis,
1471 2717 1520 2757 c.
1572 2702 1682 2757 71:
1742 2703 1807 2754 ut
1858 2700 1948 2757 sic
2009 2715 2101 2758 me
2159 2707 2315 2758 amet
2379 2707 2416 2757 t.
2474 2707 2784 2769 mortuam,

554 2818 603 2857 c.
637 2804 742 2860 72:
802 2800 958 2859 calet
1011 2805 1051 2859 t.
1100 2799 1361 2873 surmus,
1420 2820 1466 2860 c.
1511 2804 1619 2860 74:
1675 2801 1846 2872 inflat
1897 2817 1965 2859 se
2011 2805 2051 2858 t.
2099 2817 2289 2871 rana,
2346 2818 2395 2858 c.
2437 2802 2548 2860 78:
2605 2815 2782 2872 spero

544 2902 823 2976 futurum
866 2907 935 2960 ut
979 2918 1174 2976 aeque
1216 2919 1306 2961 me
1348 2908 1643 2960 mortuum
1688 2903 1848 2961 iuvet
1894 2908 1931 2959 t.
1976 2899 2250 2972 vivum.2)

722 3004 1011 3065 Omnibus
1055 3006 1146 3064 his
1192 3005 1337 3063 locis
1383 3004 1501 3063 duo
1543 3004 1780 3080 singula
1810 3004 2051 3064 nomina
2079 3006 2161 3063 ita
2190 3005 2247 3064 in
2281 3007 2784 3083 comparationem

550 3113 872 3178 vocantur,
930 3113 996 3167 ut
1050 3107 1207 3168 idem
1268 3107 1341 3167 de
1406 3108 1490 3166 eis
1549 3106 1947 3183 praedicetur.
2053 3108 2229 3184 plane
2294 3127 2438 3184 ergo
2503 3115 2785 3182 tanquam

548 3209 875 3286 respondet
931 3216 1136 3270 nostro
1196 3212 1320 3268 wie.
1407 3208 1511 3269 sed
1573 3211 1750 3269 etiam
1798 3210 1896 3269 ubi
1944 3210 2095 3270 duae
2143 3213 2584 3271 enuntiationes
2629 3212 2787 3271 inter

550 3332 615 3371 se
661 3319 1110 3389 comparantur,
1155 3312 1402 3387 simplex
1450 3317 1737 3385 tanquam
1783 3314 2056 3389 ponitur,
2109 3334 2217 3392 pro
2265 3332 2383 3390 quo
2430 3314 2591 3392 apud
2639 3316 2786 3374 alios

547 3416 874 3491 scriptores
904 3415 1254 3491 plerumque
1300 3415 1605 3473 invenitur
1652 3423 1938 3487 tanquam
1980 3416 2053 3473 si.
2141 3416 2224 3476 ita
2264 3435 2313 3475 c.
2343 3420 2456 3476 52:
2502 3423 2783 3489 tanquam

549 3533 662 3590 eqo
708 3515 816 3573 tibi
859 3517 1136 3576 molestus
1176 3517 1311 3589 sim,
1375 3535 1422 3575 c.
1456 3520 1566 3576 62:
1615 3518 1759 3575 lana
1806 3515 2049 3576 lucebat
2099 3521 2138 3574 t.
2187 3518 2455 3576 meridie.
2472 3515 2518 3586 3)
2607 3520 2781 3578 etiam

547 3621 606 3679 in
652 3620 784 3679 aliis
828 3619 962 3678 libri
1011 3620 1347 3679 Petroniani
1402 3619 1674 3697 partibus
1736 3626 2019 3692 tanquam
2082 3621 2426 3697 saepissime
2482 3622 2784 3680 invenitur

549 3728 802 3800 utroque
861 3739 1036 3798 quem
1099 3722 1300 3781 notavi
1363 3722 1536 3781 modo
1599 3727 1952 3798 usurpatum
2009 3720 2110 3794 (cf.
2163 3721 2448 3783 Scbefferi
2509 3722 2648 3782 adn.
2706 3723 2778 3781 ad

547 3844 596 3883 c.
646 3827 765 3885 106
813 3842 871 3900 p.
917 3827 1038 3885 635
1085 3821 1324 3894 Burm.).
1413 3843 1530 3884 uno
1589 3825 1721 3882 loco
1778 3825 1950 3882 etiam
2004 3826 2160 3882 sieut
2212 3824 2342 3900 pari
2391 3824 2565 3883 modo
2614 3842 2779 3883 usur·

715 4075 758 4135 2)
799 4070 903 4125 Ubi
939 4068 1180 4124 fortasse
1215 4070 1512 4138 legendum
1551 4076 1665 4123 est:
1705 4075 1968 4139 tanquam
2008 4070 2187 4124 vinum
2223 4070 2416 4125 vivum.

714 4160 758 4222 ⁸)
795 4156 1080 4221 Quomodo
1116 4156 1543 4222 intellegendum
1587 4154 1662 4209 sit
1700 4164 1967 4225 tanquam
2006 4173 2051 4209 c.
2079 4161 2141 4208 63
2180 4156 2293 4220 (ed.
2330 4155 2536 4208 Buech.
2571 4171 2618 4209 a.
2651 4161 2778 4210 196⁸).

543 4259 596 4310 p.
625 4248 704 4306 74,
730 4245 803 4310 ὃ),
839 4249 902 4295 63
936 4247 1046 4310 (75,
1072 4245 1144 4310 6),
1185 4247 1246 4294 ῖϋ
1281 4247 1387 4308 (90,
1423 4245 1501 4302 13)
1539 4249 1693 4294 certo
1729 4242 2024 4295 diiudicari
2061 4242 2271 4307 nequit.
