3166 4871
557 296 635 360 18

552 490 685 533 esse
742 472 871 532 sine
930 471 1111 531 dubio
1171 468 1593 547 denegandum
1655 469 1756 545 sit,
1818 467 1966 528 nihil
2024 472 2209 529 restat
2264 466 2374 527 nisi
2421 470 2487 526 ut
2531 464 2789 528 dialecto

553 575 695 634 moti
756 571 1135 633 subditieium
1195 571 1346 631 illud
1408 588 1779 631 eenseamus.
1869 568 2118 643 Accedit
2173 569 2335 645 quod
2389 587 2595 629 omnes
2638 587 2792 644 quos

550 674 720 737 attuli
773 676 1100 753 scriptores
1152 674 1212 734 in
1258 674 1372 733 hoe
1418 672 1661 750 quidem
1709 673 1866 732 inter
1910 690 1976 731 se
2022 670 2407 732 consentiunt
2451 671 2612 748 quod
2658 689 2787 731 ora-

553 779 751 840 eulum
799 795 930 838 esse
974 780 1218 854 putant3
1270 775 1378 835 sed
1424 773 1664 852 quando
1710 779 1772 834 et
1816 775 1916 834 eni
1960 767 2183 834 editum
2229 775 2329 851 sit,
2391 773 2626 834 diverse
2673 779 2789 834 tra-

552 882 722 942 dunt.
806 877 986 956 Apud
1020 878 1410 938 Plutarchum
1456 878 1519 937 in
1562 876 1745 937 instit.
1829 877 2054 936 Laeon.
2084 894 2134 935 e.
2165 871 2246 932 42
2292 876 2580 952 seriptum
2625 875 2789 935 vide-

553 998 684 1044 mus
706 965 1079 1059 Ἀλκαμένει
1124 974 1239 1037 καὶ
1291 967 1680 1056 Θεοπόμπῳ
1725 984 1864 1048 τοῖς
1910 974 2298 1050 βασιλεῦσιν
2345 965 2555 1057 ἐδόθη
2587 1023 2604 1049 ,
2652 978 2789 1037 Dio-

553 1085 737 1146 dorus
796 1087 997 1144 autem
1056 1082 1211 1143 idem
1272 1081 1575 1142 oraculum
1640 1079 1718 1140 ad
1764 1080 2110 1157 Lycurgum
2164 1079 2366 1141 refert.
2383 1077 2427 1152 ¹)
2515 1081 2603 1141 Re
2645 1097 2792 1140 vera

553 1204 765 1248 venus
808 1187 885 1246 ab
930 1185 1167 1245 homine
1198 1184 1680 1245 Laeedaemonio
1727 1183 2090 1259 compositus
2121 1200 2256 1243 esse
2288 1183 2544 1260 videtur,
2588 1182 2793 1243 doriea

554 1291 614 1350 in
646 1294 839 1369 ,terra
898 1292 1059 1348 eerte
1116 1291 1320 1347 natus:
1381 1286 1548 1346 brevi
1612 1303 1754 1355 vero
1809 1287 1871 1345 in
1928 1285 2233 1362 proverbii
2295 1284 2787 1345 consuetudinem

554 1391 718 1452 venit
776 1394 1107 1467 posteaque
1170 1390 1224 1449 ei
1279 1407 1522 1466 quoque
1583 1387 1759 1447 sicuti
1821 1387 1957 1448 aliis
2018 1388 2299 1464 contigit,
2361 1391 2428 1446 ut
2486 1388 2655 1464 origo
2714 1386 2790 1446 ab

554 1492 835 1569 Apolline
887 1491 1231 1552 duceretur.
1319 1489 1598 1551 Ceterum
1650 1507 1763 1567 ego
1823 1507 2063 1550 versum
2124 1508 2243 1549 non
2297 1494 2447 1567 puto
2492 1491 2792 1549 ¹venustum

554 1595 916 1672 minimeque
961 1593 1039 1653 ad
1076 1572 1353 1670 ’Lycurgi
1398 1592 1495 1651 vel
1539 1592 1881 1651 Alcamenis
1925 1595 2183 1652 aetatem
2228 1591 2630 1669 referendum,
2673 1591 2789 1650 He-

553 1696 752 1757 rodoti
793 1696 1166 1775 potissimum
1210 1695 1449 1755 silentio
1491 1694 1567 1753 ad
1617 1694 1771 1753 hane
1816 1695 2170 1754 sententiam
2217 1692 2531 1754 adductus.
2546 1689 2593 1763 2)

618 1814 625 1821 ·
724 1799 891 1858 Inest
948 1798 1141 1857 forma
1199 1796 1406 1855 doriea
1467 1796 1644 1855 etiam
1706 1796 1766 1855 in
1812 1796 2053 1855 oraculo
2100 1795 2263 1872 apud
2309 1795 2664 1855 Pausaniam
2709 1794 2795 1854 IV

557 1897 614 1979 2,
659 1898 727 1960 7:
760 1884 1118 1978 -Ἰθωμάτᾳ
1162 1890 1285 1958 Διί.
1373 1896 1491 1958 Sed
1553 1897 1670 1957 hae
1723 1896 1869 1957 nihil
1917 1898 2055 1957 mihi
2099 1897 2339 1958 videtur
2385 1895 2554 1958 efflei.
2639 1898 2794 1957 Nam

555 2007 785 2064 eeteros
843 2019 1084 2078 quoque
1130 2000 1392 2060 Graecos
1453 2000 1536 2059 ita
1589 1998 1741 2059 illud
1798 2017 2013 2059 nomen
2061 2016 2383 2077 usurpasse
2424 1998 2796 2077 intellegitur

557 2124 632 2164 ex
679 2103 936 2180 Polybio
982 2103 1096 2162 VlI
1151 2100 1245 2179 11,
1303 2099 1340 2159 3
1388 2107 1449 2161 et
1493 2120 1569 2162 ex
1599 2102 1926 2187 ‚Plutarchi
1985 2103 2110 2163 vita
2153 2102 2322 2162 Arati
2381 2120 2432 2161 e.
2477 2099 2583 2160 50:
2641 2100 2796 2161 adde

558 2205 720 2283 quod
766 2194 934 2274 Ζεύς
980 2188 1345 2281 Ἰθωμάτας
1403 2204 1645 2280 saepius
1701 2202 1864 2279 apud
1925 2203 2283 2265 Pausaniam
2343 2204 2619 2263 occurrit.
2680 2201 2796 2274 [111

558 2304 733 2386 26‚6.
780 2308 861 2366 lv
910 2302 1040 2383 3‚9.
1091 2302 1184 2382 12,
1204 2303 1258 2365 7.
1304 2302 1405 2381 27,
1422 2302 1481 2365 6.
1527 2302 1627 2382 33,
1645 2301 1723 2375 2.]
1795 2305 1991 2365 Semel
2023 2308 2254 2365 tantum
2287 2294 2439 2375 Διὸς
2469 2289 2798 2384 Ἰθωμήτα

556 2413 752 2471 exstat
793 2406 958 2486 apud
998 2405 1417 2483 Thueydidem
1460 2407 1489 2467 1
1540 2402 1678 2484 103,
1723 2407 1882 2483 quod
1927 2406 2120 2484 ipsum
2168 2424 2412 2484 quoque
2456 2426 2494 2468 a
2523 2405 2798 2485 Dukero,

557 2512 652 2572 eui
717 2511 1053 2571 adsentitur
1117 2509 1466 2569 Dindorfius
1532 2499 1638 2589 [ef.
1704 2509 1908 2587 Steph.
1974 2509 2123 2569 thes.
2189 2526 2235 2568 s.
2299 2529 2353 2570 v.
2401 2493 2692 2590 Ἰθώμη],
2736 2511 2798 2574 iu

558 2596 885 2689 Ἰθωμάτα
944 2615 1239 2676 mutatum
1291 2616 1397 2671 est.
1484 2610 1603 2672 Sed
1662 2611 1790 2672 sive
1854 2610 2013 2672 huno
2073 2611 2268 2670 loeum
2330 2615 2628 2674 mutamus
2672 2612 2800 2672 sive

562 2732 683 2775 non
728 2716 1050 2790 mutamus,
1110 2714 1223 2808 ¹¹⁰9
1267 2715 1427 2773 eerte
1473 2713 1558 2772 eis
1606 2730 1761 2788 quae
1807 2713 1983 2772 attuli
2028 2713 2451 2789 comprobatur
2494 2712 2659 2791 apud
2705 2732 2799 2775 ee-

734 2895 775 2958 ¹)
807 2892 929 2946 Non
978 2891 1441 2961 praetereundum
1490 2891 1716 2945 videtur
1763 2890 1915 2959 quod
1955 2891 2207 2946 Laertius
2257 2890 2546 2961 Diogenes
2595 2891 2644 2961 [I
2687 2892 2798 2961 117]

558 2976 630 3032 de
677 2975 1005 3046 Pherecyde
1058 2975 1219 3031 dicit:
1286 2974 1385 3030 καὶ
1440 2974 1921 3042 Λακεδαιμονίοις
1970 2971 2368 3046 [Φερεκύδην]
2422 2972 2606 3031 εἰπεῖν
2654 2972 2800 3046 μήτε

552 3057 773 3133 χρυσὸν
806 3065 978 3129 τιμᾶν
1010 3056 1156 3131 μήτε
1194 3055 1464 3131 ἄργυρον,
1502 3052 1581 3125 ὥς
1616 3077 1756 3130 φησι
1788 3056 2136 3129 Θεόπομπος
2171 3056 2235 3117 ἐν
2269 3066 2390 3126 τοῖς
2414 3059 2763 3129 θαυμασίοις
2783 3077 2796 3090 ·

555 3141 879 3217 προστάξαι
933 3143 993 3202 δὲ
1054 3138 1212 3219 αὐτῷ
1265 3139 1411 3216 ὄναρ
1464 3150 1638 3200 τοῦτο
1710 3140 1814 3201 τὸν
1856 3139 2142 3216 Ἡρακλέα
2193 3140 2264 3201 ὃν
2316 3144 2416 3200 καὶ
2481 3150 2579 3215 τῆς
2629 3139 2804 3216 αὐτῆς

556 3227 763 3297 νυκτὸς
804 3237 923 3296 τοῖς
956 3234 1257 3302 βασιλεῦσι
1290 3233 1565 3286 κελεῦσαι
1609 3226 1909 3300 Φερεκύδῃ
1945 3228 2284 3287 πείθεσθαι.
2324 3223 2465 3286 ἔνιοι
2504 3228 2565 3287 δὲ
2605 3231 2801 3286 Πυθα-

564 3312 716 3391 γόρᾳ
751 3310 1135 3388 περιάπτουσι
1172 3312 1325 3371 τάδε.
1397 3313 1703 3371 Artissime
1737 3315 1885 3370 inter
1919 3330 1981 3372 se
2017 3314 2316 3371 eoniuneta
2351 3330 2476 3370 esse
2500 3315 2642 3370 hane
2661 3314 2800 3370 Phe·

556 3400 778 3470 reeydis
815 3401 905 3456 vel
940 3400 1295 3470 Pythagorae
1331 3399 1767 3455 admonitionem
1802 3405 1862 3454 et
1893 3415 2115 3456 versum
2150 3406 2400 3455 nostrum
2419 3441 2432 3468 ‚
2470 3416 2581 3469 quo
2615 3399 2803 3454 interi-

556 3490 735 3540 turam
782 3499 909 3539 esse
944 3483 1201 3553 Spartam
1247 3485 1364 3539 auri
1415 3485 1745 3554 arg-entique
1793 3484 1985 3539 studio
2037 3483 2266 3553 dieitur,
2321 3484 2530 3539 nemini
2567 3484 2800 3540 dublum

557 3583 684 3624 esse
721 3575 926 3638 potest.
2747 3586 2758 3594 ’

726 3656 771 3719 ²)
808 3653 1087 3724 Bergkius
1122 3669 1181 3710 re
1216 3669 1351 3711 vera
1384 3671 1609 3712 versum
1643 3670 1680 3710 a
1701 3654 1906 3725 Pythia
1940 3655 2151 3712 dietum
2171 3661 2369 3711 oenset
2406 3656 2489 3725 [in
2523 3657 2693 3714 litter.
2717 3672 2799 3726 gr.

556 3737 686 3796 hist.
721 3756 776 3809 p.
811 3740 957 3809 3:32J:
1005 3754 1149 3808 „gar
1191 3739 1454 3797 manehee
1500 3735 1899 3812 prophetisehe
1949 3745 2094 3795 wort
2126 3740 2204 3796 ist
2238 3741 2292 3796 in
2328 3739 2802 3797 libertasehender
2831 3803 2836 3808 .

556 3823 724 3880 veise
758 3822 817 3878 in
855 3823 1141 3895 erflillung
1176 3840 1501 3896 gegangen3
1536 3824 1693 3881 nieht
1727 3825 1880 3880 bloss
1917 3841 2432 3898 voraussagungen‚
2468 3825 2559 3881 die
2596 3825 2716 3880 sieh
2739 3825 2795 3879 in

556 3908 711 3963 einer
761 3908 1040 3977 gewissen
1093 3908 1508 3979 allgemeinheit
1544 3909 1765 3977 hasten,
1813 3908 1918 3965 wie
1955 3927 2000 3964 z.
2038 3909 2090 3965 b.
2126 3926 2293 3965 wenn
2339 3910 2441 3965 das
2487 3910 2680 3964 otakel
2729 3926 2798 3965 zu

556 3992 763 4061 Delphi
806 3992 1051 4048 erklssrte
1098 3991 1297 4063 Sparta
1354 3995 1540 4049 werde
1594 3995 1769 4049 durch
1824 3996 1982 4049 seine
2029 3995 2403 4066 ungezugelte
2453 3995 2683 4064 habgier
2729 4011 2798 4049 zu

555 4078 773 4148 grande
819 4078 999 4147 gehen
1024 4120 1037 4133 .
1064 4120 1077 4133 .
1104 4120 1118 4135 .
1171 4080 1414 4135 sondern
1458 4078 1600 4134 aueh
1628 4120 1640 4133 .
1667 4120 1678 4132 .
1705 4082 1759 4133 .“
1831 4080 1996 4144 Quod
2031 4079 2313 4148 Bergkius
2363 4094 2587 4134 versum
2621 4080 2730 4133 iam
2766 4095 2800 4133 a

555 4163 800 4233 Tyn-eo
832 4163 1141 4220 adhibitum
1175 4161 1303 4219 esse
1337 4165 1539 4220 statuit
1569 4168 1742 4234 (poet.
1767 4164 1872 4236 lyr.
1896 4181 1980 4233 gr.
2003 4181 2059 4233 p.
2085 4167 2227 4232 393),
2263 4180 2375 4219 non
2402 4164 2574 4221 habet
2595 4166 2798 4220 iustam

556 4262 797 4305 eausam·
834 4250 907 4303 et.
944 4249 1010 4303 C.
1050 4248 1231 4305 Gssbel
1266 4249 1337 4304 de
1374 4250 1730 4320 correptione
1765 4251 1935 4306 attica
1965 4267 2023 4320 p.
2059 4255 2107 4304 9.
