3166 4871
1116 1300 1338 1402 caput
1388 1302 1792 1381 secundum.

1293 1461 1418 1533 §1-
1501 1462 1613 1517 Et.

503 1579 665 1639 Usus
707 1579 1039 1655 particulae
1100 1586 1160 1640 et
1216 1581 1275 1640 in
1328 1579 1487 1640 facili
1543 1585 1605 1640 et
1649 1581 1989 1657 neglegenti
2051 1579 2291 1640 dicendi
2334 1600 2577 1660 genere,

332 1701 454 1758 quo
508 1682 829 1743 Petronius
890 1683 1108 1761 utitur,
1168 1683 1453 1744 latissime
1512 1686 1694 1761 patet.
1795 1683 1898 1742 sed
1956 1683 2237 1759 quoniam
2286 1682 2359 1743 de
2404 1685 2573 1744 vario

332 1784 508 1844 huius
553 1785 884 1861 particulae
932 1803 1043 1846 usu
1076 1785 1351 1846 Handius
1390 1781 1882 1861 (11467—540),
1930 1787 2273 1861 Draegerus
2318 1784 2377 1855 (§
2409 1785 2573 1855 311),

331 1887 699 1947 Kuehnerus
757 1886 839 1958 (11
882 1887 918 1957 ξ
969 1892 1083 1949 151
1108 1886 1167 1959 a)
1233 1887 1528 1948 uberrime
1596 1905 1668 1946 ac
1731 1887 2038 1948 scitissime
2097 1886 2576 1965 disputaverunt,

331 1990 476 2049 satis
521 1989 633 2047 erit
676 1990 910 2049 omissis
954 1989 1040 2049 eis
1088 1990 1250 2060 lociS‚
1298 1990 1397 2067 qui
1446 2008 1481 2047 a
1525 1989 1765 2065 vulgari
1813 2007 1924 2050 usu
1972 2007 2089 2049 nou
2135 1987 2429 2049 recedunt
2471 2009 2575 2050 eos

331 2094 560 2151 tantum
608 2089 1021 2163 considerare,
1083 2092 1297 2169 quibus
1339 2096 1445 2151 aut
1491 2092 1674 2170 paulo
1724 2091 2077 2152 insolentius
2120 2091 2359 2151 videtur
2402 2110 2573 2152 usur-

329 2196 472 2270 pata
518 2211 667 2271 esse,
712 2198 819 2253 aut
862 2195 965 2271 qui
1010 2193 1087 2252 ad
1134 2212 1306 2254 usum
1352 2194 1697 2254 accuratius
1727 2192 2128 2254 definiendum
2160 2192 2421 2270 aliquam
2452 2195 2570 2253 vim

328 2295 570 2373 habent,
613 2299 720 2357 aut
763 2296 983 2373 quibus
1026 2295 1102 2357 de
1147 2296 1447 2374 scriptura
1490 2297 1811 2357 verborum
1860 2294 2115 2357 dubitari
2161 2300 2373 2373 potest.

500 2399 820 2478 Repetitae
889 2399 1132 2478 saepius
1203 2399 1531 2477 particulae
1607 2398 1985 2460 memorabile
2063 2399 2401 2477 exemplum
2483 2404 2575 2462 cst

329 2521 382 2561 c.
412 2505 490 2562 66
537 2499 677 2576 (79,
721 2507 791 2563 7:
855 2503 918 2562 in
958 2519 1184 2564 summo
1230 2501 1544 2563 habuimus
1588 2518 1828 2563 caseum
1871 2504 2108 2562 mollem
2152 2508 2211 2562 et
2254 2518 2469 2578 sapam
2514 2509 2575 2563 et

329 2603 614 2664 cochleas
654 2606 930 2678 sinyulas
974 2610 1030 2665 et
1075 2605 1309 2665 cordae
1346 2606 1558 2682 frusta
1602 2612 1662 2665 et
1707 2605 1963 2680 hepatia
2006 2606 2069 2663 in
2113 2605 2339 2664 catillis
2375 2609 2434 2665 et
2463 2623 2574 2666 ova

323 2706 586 2779 pilleata
628 2711 685 2766 et
729 2722 951 2780 rapam
995 2712 1052 2766 et
1094 2723 1323 2782 senape
1369 2713 1430 2766 et
1479 2708 1747 2767 catillum
1779 2711 2192 2778 concacatwn,
2237 2722 2370 2780 pax
2388 2711 2573 2781 pala-

328 2804 571 2879 demes).
620 2842 691 2851 —
746 2812 870 2868 tutu
916 2808 1282 2884 singularem
1332 2808 1629 2886 quandam
1678 2813 1864 2869 artem
1914 2809 1973 2868 in
2033 2826 2106 2868 eo
2151 2806 2421 2868 exhibuit
2463 2811 2572 2870 Pe-

329 2909 579 2986 tronius,
624 2909 786 2986 quod
835 2909 954 2970 duo
1000 2911 1185 2970 verba
1227 2913 1303 2970 ab
1351 2911 1556 2971 eadem
1605 2912 1811 2971 littera
1839 2911 2193 2988 incipientia
2219 2910 2579 2988 interposita

326 3015 384 3070 el
428 3012 726 3088 particula
769 3012 1096 3072 coniunxit.
1157 3031 1207 3071 c.
1244 3017 1321 3073 14
1353 3011 1478 3091 (16,
1508 3013 1607 3086 8):
1650 3014 1902 3073 scissam
1948 3019 2004 3072 et
2031 3012 2363 3084 sordidam,
2409 3032 2457 3072 c.
2493 3018 2570 3074 15

327 3113 462 3190 (16,
513 3115 646 3183 15):
690 3114 954 3174 reddant
1000 3119 1059 3173 et
1102 3116 1434 3189 recipiant,
1481 3133 1529 3174 e.
1579 3120 1659 3177 25
1706 3115 1831 3188 (26,
1867 3113 1997 3188 10):
2034 3114 2470 3189 plaudentibus
2513 3121 2573 3175 et

321 3214 794 3290 postulantibus,
844 3236 891 3276 c.
926 3220 1005 3278 39
1054 3215 1179 3292 (43,
1214 3215 1302 3290 7):
1349 3216 1526 3291 biyae
1570 3222 1628 3277 et
1672 3218 1865 3290 boves,
1910 3237 1960 3277 c.
1992 3221 2073 3279 39
2119 3216 2258 3289 (43,
2293 3215 2426 3290 16):
2472 3233 2572 3277 co·

322 3334 511 3392 pones
541 3321 601 3377 et
636 3316 1014 3392 cucurbitae,
1062 3337 1110 3378 c.
1141 3323 1223 3380 45
1270 3319 1397 3395 (51,
1433 3318 1561 3392 16):
1606 3320 1752 3379 mihi
1781 3325 1838 3379 et
1866 3321 2027 3391 meis,
2073 3338 2121 3380 c.
2151 3324 2233 3382 46
2281 3319 2405 3392 (52,
2440 3317 2570 3392 11);

324 3420 532 3479 venias
575 3428 636 3480 et
681 3421 907 3494 videas,
954 3440 1005 3480 c.
1037 3425 1115 3483 56
1164 3420 1290 3494 (66,
1326 3420 1418 3494 1):
1459 3424 1640 3497 porri
1684 3425 1741 3481 et
1776 3423 2057 3496 persica,
2103 3441 2154 3481 c.
2195 3427 2273 3484 76
2320 3420 2447 3500 (91,
2474 3424 2571 3492 4):

324 3520 401 3580 ab
447 3524 587 3582 acia
629 3527 689 3582 et
733 3540 881 3591 acu,
931 3542 980 3582 c.
1026 3527 1106 3585 87
1155 3528 1328 3594 (102,
1380 3524 1512 3595 12);
1575 3525 1888 3599 deceptum
1946 3532 2005 3583 et
2047 3526 2338 3597 derisum,
2386 3543 2438 3584 c.
2486 3528 2570 3587 88

325 3623 493 3701 (104,
525 3622 614 3696 5):
661 3626 945 3685 docemus
991 3631 1050 3685 et
1092 3627 1398 3698 discimus,
1447 3644 1496 3686 c.
1529 3630 1607 3687 91
1658 3626 1828 3700 (110,
1877 3623 2013 3698 17):
2064 3628 2272 3704 fateor
2315 3632 2371 3686 et
2406 3642 2572 3701 prae

323 3742 416 3786 me
452 3729 625 3803 fero,
674 3746 723 3786 c.
770 3732 851 3790 98
898 3729 1076 3806 (118,
1121 3725 1260 3800 20);
1321 3729 1517 3789 reduc
1561 3733 1621 3788 et
1664 3729 1893 3801 redde,
1939 3748 1988 3789 c.
2039 3733 2155 3791 101
2204 3728 2388 3803 (122,
2432 3727 2568 3796 16):

325 3829 620 3921 confusus
664 3835 746 3914 et·
766 3831 1004 3889 consilii
1046 3846 1244 3905 eye-ns,
1291 3851 1340 3890 c.
1377 3835 1494 3892 117
1527 3829 1698 3908 (150,
1727 3828 1823 3902 2);
1867 3848 2085 3890 aurum
2130 3836 2189 3890 et
2232 3835 2569 3905 arpentum,

325 3950 374 3990 c.
421 3936 536 3993 141
586 3931 768 4010 (205,
815 3933 909 4005 8);
970 3934 1387 4007 corrumpitur
1433 3937 1491 3991 et
1537 3933 1946 4005 conciliatur,
1994 3952 2041 3993 c.
2077 3936 2155 3995 18
2201 3933 2342 4012 (20,
2375 3936 2467 4002 2);
2512 3941 2571 3992 et

323 4034 746 4093 misericordia
791 4039 848 4092 et
892 4039 1068 4094 metu.
1156 4034 1227 4094 cf.
1274 4052 1430 4111 quae
1478 4035 1552 4095 de
1599 4034 1808 4096 eodem
1856 4053 1968 4096 usu
2013 4035 2173 4113 apud
2220 4035 2564 4097 Ciceronem

326 4135 656 4213 disputavit
699 4139 764 4197 F.
808 4137 1024 4214 Hoppe
1068 4137 1129 4196 in
1173 4155 1375 4215 progr.
1423 4156 1622 4213 gymn.
1671 4137 1988 4198 Gumbinn.
2032 4156 2086 4198 a.
2119 4140 2300 4199 1875.
2343 4157 2402 4216 p.
2431 4141 2488 4200 8.

496 4239 718 4300 Tribus
790 4240 885 4299 vel
952 4239 1223 4317 pluribus
1289 4239 1491 4300 verbis
1552 4241 1650 4299 vel
1717 4241 2029 4301 sententiis
2088 4241 2297 4319 positis
2361 4239 2567 4300 ultimo
