3166 4871
575 299 694 361 180

569 473 784 550 Satyro
838 472 1066 532 comico
1125 471 1395 532 histrioni
1454 490 1570 531 non
1637 470 1902 531 ridentes
1945 468 2202 529 reddere
2250 469 2515 529 homines
2556 468 2810 528 admira-

567 576 728 634 tione
772 592 904 634 esse
948 574 1193 652 dignum
1240 573 1461 634 dixerit
1503 573 1612 633 sed
1658 573 2038 633 lacrimantes
2081 571 2351 632 reddere.

738 677 1049 751 Quomodo
1126 675 1492 753 Callippides
1565 675 1641 735 ob
1718 675 1959 734 nimium
2034 676 2093 733 in
2166 673 2402 750 agendo
2479 679 2698 742 motum
2771 691 2809 732 a

569 780 883 857 Mynnisco
929 779 1214 855 Aeschyli
1274 783 1480 838 actore
1542 783 1692 838 teste
1750 778 1994 838 Aristot.
2054 784 2210 854 poet.
2268 781 2346 838 26
2409 775 2809 853 reprehensus

567 884 677 961 sit,
751 901 935 959 supra
1008 882 1281 941 vidimus.
1397 881 1619 941 Eodem
1695 882 1964 940 convicio
2032 879 2396 957 Callippides
2463 879 2714 939 subinde
2773 896 2811 937 a

568 984 922 1062 philosopho
967 984 1093 1061 ipso
1140 982 1415 1059 afficitur,
1460 984 1558 1043 ubi
1603 987 1911 1059 tantopere
1959 984 2142 1041 motui
2181 982 2503 1041 indulsisse
2534 981 2810 1057 traditur,

568 1095 634 1148 ut·
658 1086 966 1147 mulierum
997 1091 1214 1163 partes,
1238 1101 1391 1163 quas
1424 1087 1660 1161 egisset,
1695 1104 1811 1144 non
1843 1087 2237 1162 ingenuarum
2271 1102 2404 1144 esse
2439 1084 2809 1144 viderentur:

565 1177 745 1267 „elta
777 1172 933 1247 οὐδὲ
961 1182 1213 1267 κίνησις
1244 1172 1464 1246 ἅπασα
1506 1173 2075 1263 ἄποδοκιμαοτέα,
2130 1180 2315 1263 ἐἴπερ
2355 1170 2507 1265 μηδ’
2530 1172 2809 1265 ὄρχησις,

570 1275 758 1371 ἀλλ’ἢ
823 1281 1134 1368 φαύλων,
1208 1275 1374 1368 ὅπερ
1428 1285 1538 1349 καὶ
1604 1283 2030 1367 Καλλιππίδῃ
2096 1281 2452 1368 ἑπετιμᾶτο
2512 1283 2625 1347 καὶ
2684 1283 2808 1346 νῦν

568 1381 798 1465 ἄλλοις
857 1376 947 1464 ὡς
1005 1378 1133 1452 οὐκ
1189 1385 1547 1473 ἐλευθέρας
1622 1400 1942 1471 γυναῖκας
2015 1385 2504 1471 μιμουμένων.“
2612 1391 2809 1450 ΡΙιὶΙο-

567 1499 818 1575 sophum
895 1515 1039 1556 voce
1112 1481 1487 1570 ,,φαύλων“
1575 1516 1694 1556 nou
1770 1496 2158 1574 Callippidem
2232 1513 2474 1571 quoque
2547 1500 2808 1554 actorem

570 1601 872 1677 egregium
922 1599 1253 1676 complecti,
1298 1599 1428 1676 ipsa
1477 1599 1660 1658 verba
1707 1598 1924 1658 docent
1968 1583 2163 1676 (ὅπερ
2209 1591 2317 1656 καὶ
2365 1593 2618 1669 Καλλ.).

739 1700 894 1762 Satis
961 1708 1135 1761 notae
1200 1708 1342 1761 suut
1407 1700 1647 1761 fabulae
1709 1702 1845 1761 illae
1904 1708 2026 1760 tres
2096 1701 2170 1760 de
2231 1698 2546 1777 Sophoclis
2623 1703 2808 1759 morte

570 1805 809 1880 relatae,
875 1823 1130 1882 quarum
1201 1822 1320 1864 una
1386 1823 1421 1862 a
1488 1809 1706 1881 poetae
1776 1802 2123 1880 biographo,
2188 1803 2346 1862 Istro
2414 1808 2473 1862 et
2532 1802 2811 1862 Neanthe

571 1908 940 1984 auctoribus,
1008 1907 1093 1967 ita
1151 1905 1486 1984 profertur:
1568 1903 1994 1984 ,πελευτῆσαι
2062 1888 2333 1963 δἀὗτὸν
2383 1891 2626 1983 Ἴστρος
2700 1898 2807 1962 καὶ

571 1995 885 2089 Νεάνθης
924 2004 1085 2084 φασὶ
1124 2005 1374 2068 τοῦτον
1404 1998 1527 2067 τὸν
1558 1997 1839 2088 τρόπον.
1914 2002 2393 2085 Καλλιππίδην
2437 1994 2812 2084 ὑποκριτὴν

568 2097 683 2172 ἀπ’
713 2104 1013 2190 ἐργασίας
1067 2104 1136 2188 ἐξ
1180 2096 1538 2181 Ὀποῦντος
1566 2095 1851 2190 ,ἥκοντα
1895 2100 2080 2187 παρὰ
2120 2096 2281 2181 τοὺς
2328 2094 2513 2178 Χόας
2556 2103 2813 2187 πέμψαι

571 2199 754 2294 αὐτῷ
799 2201 1172 2295 σταφυλὴν,
1239 2203 1361 2273 τὸν
1418 2205 1490 2271 δὲ
1545 2207 1905 2290 Σοφοκλέα
1969 2198 2264 2286 λαβόντα
2318 2205 2409 2282 εἰς
2463 2200 2543 2269 τὸ
2600 2201 2811 2288 στόμα

570 2307 742 2397 ῥᾶγα
801 2306 897 2374 ἔτι
955 2301 1458 2393 όμφακίςουσαν
1512 2300 1652 2375 ὑπὸ
1697 2313 1822 2374 τοῦ
1868 2303 2041 2394 ἄγαν
2087 2305 2304 2395 γήρως
2350 2299 2811 2392 ἀποπνιγέντα

569 2413 1006 2499 τελευτῆσαι.“
1096 2420 1270 2479 Hanc
1313 2418 1822 2480 narratiunculam
1870 2417 1986 2478 fide
2033 2439 2151 2479 non
2196 2417 2382 2495 magis
2414 2417 2652 2495 diguam
2683 2433 2812 2477 esse

572 2541 748 2600 quam
808 2528 1041 2581 ceteras
1103 2520 1336 2581 fabulas
1396 2521 1471 2581 de
1527 2528 1717 2581 morte
1789 2526 1850 2581 et
1908 2522 2272 2598 tragicorum
2331 2525 2392 2581 et
2450 2522 2810 2581 comicorum

570 2629 878 2702 poetarum
925 2624 1164 2699 relatas,
1209 2624 1309 2683 vix
1355 2641 1819 2684 commemorare
1850 2642 2004 2699 opus
2036 2631 2148 2682 est.
2221 2624 2529 2683 Assentior
2557 2622 2812 2683 Lehrsio

570 2728 828 2799 (,‚Ueber
876 2726 1192 2786 Wahrheit
1239 2725 1359 2786 und
1393 2725 1699 2802 Dichtung
1744 2728 1804 2786 in
1850 2725 1961 2786 der
2003 2725 2429 2803 griechischen
2461 2725 2812 2785 Litteratur·

571 2830 960 2892 Gcschichte:
1004 2848 1141 2907 pop.
1175 2830 1343 2890 Aufs.
1390 2849 1447 2907 p.
1479 2830 1628 2902 383)
1674 2836 1735 2888 et
1776 2829 2076 2890 Schoellio
2123 2828 2387 2908 („Leben
2434 2829 2540 2889 des
2585 2828 2813 2905 Sopho-

569 2926 725 2995 cles“
770 2953 827 3012 p.
873 2930 1022 3007 348)
1092 2950 1301 2994 omnes
1359 2934 1467 2993 has
1525 2932 1776 2993 fabellas
1830 2932 1905 2992 ad
1954 2932 2222 2994 Comicos
2263 2931 2640 2993 reducendus
2684 2949 2815 2991 esse

569 3037 918 3115 suspicatis;
968 3037 1231 3097 fabulam
1279 3040 1539 3097 nostram
1589 3036 1828 3113 quidem
1875 3036 2112 3097 Comico
2160 3035 2391 3095 cuidam
2437 3032 2812 3094 tribuendam

571 3159 701 3200 esse
748 3144 1010 3201 statuere
1057 3158 1172 3199 non
1222 3138 1449 3217 dubito,
1491 3141 1634 3215 quia
1665 3139 2062 3215 Callippidem
2103 3138 2403 3215 quendam
2451 3157 2488 3196 a
2526 3134 2812 3197 Strattide

570 3242 655 3315 (in
686 3242 888 3302 sabula
919 3235 1478 3320 ,,Καλλιππίδης“)
1510 3247 1570 3301 et
1598 3243 1675 3301 ab
1710 3241 2114 3318 Aristophane
2143 3242 2227 3314 (in
2260 3240 2465 3300 fabula
2505 3227 2816 3318 ,,Σκηνάς

571 3334 1285 3421 Καταλαμβάνουσαι“)
1344 3344 1724 3420 perstrictum
1785 3360 1919 3403 esse
1978 3352 2241 3403 constat:
2314 3342 2531 3403 Athen.
2577 3343 2700 3416 vll,
2756 3361 2812 3419 p.

571 3440 753 3507 3041‘:
797 3490 828 3517 ,‚
838 3430 1233 3525 μνημονεύει
1288 3439 1360 3505 δὲ
1403 3442 1544 3504 τῶν
1588 3439 1943 3504 θυννίδων
1985 3440 2096 3504 καὶ
2144 3434 2476 3522 Στράττις
2520 3437 2596 3502 ἐν
2640 3439 2813 3503 Καλ-

569 3543 879 3624 λιππίδῃ·
913 3542 1227 3626 cf.,.'Athen.
1249 3548 1407 3625 XIV,
1429 3565 1487 3624 p.
1509 3542 1682 3610 656'‘.
1722 3549 1956 3609 Fabula
1978 3549 2425 3626 Aristophanea
2454 3552 2816 3609 memoratur

569 3670 605 3711 a
651 3651 894 3712 Polluce
941 3667 957 3709 ε
1000 3670 1194 3723 onom.
1239 3651 1318 3727 X,
1362 3653 1473 3712 28:
1547 3636 1662 3729 „td
1733 3644 1804 3709 δὲ
1872 3641 2297 3731 κορούμενον
2360 3643 2435 3708 ἐν
2499 3639 2814 3728 ,,Σκηνὰς

573 3738 1298 3831 Ιίάταλαμβανούσαιςα
1347 3737 1825 3834 Ἀριστοφάνης

1267 3843 1603 3935 ,Ῑῼσπερεὶ
1645 3850 2117 3936 Καλλιππίδης

569 3951 677 4018 ἐπὶ
740 3956 864 4018 τοῦ
924 3948 1300 4037 κορήματος
1356 3953 1731 4037 καθέζομαι
1781 3954 2021 4038 χαμαί“
2083 3959 2180 4032 (cf.
2227 3959 2408 4019 Dind.
2453 3964 2608 4036 poet.
2654 3977 2815 4020 scen.

570 4082 628 4140 p.
673 4064 796 4122 215
852 4080 899 4122 s.
943 4058 1112 4135 408).
1186 4092 1270 4101 -
1343 4062 1754 4122 Demonstrari
1818 4080 1962 4123 sane
2023 4063 2261 4139 nequit,
2336 4062 2659 4141 significari
2721 4062 2815 4121 his

572 4165 715 4224 locis
748 4163 1141 4242 Callippidem
1191 4163 1557 4239 histrionem,
1607 4169 1667 4224 et
1712 4170 1777 4224 ut
1820 4164 2008 4224 multa
2052 4165 2111 4224 in
2158 4164 2272 4224 hac
2317 4164 2813 4225 commentatione

573 4268 685 4327 hoc
716 4285 957 4344 quoque
989 4268 1276 4325 incertum
1309 4272 1606 4345 remanet3
1645 4268 1926 4343 quoniam
1960 4273 2157 4328 autem
2191 4267 2468 4343 permulti
2500 4267 2815 4328 histriones
