<?xml version="1.0" encoding="UTF-8"?>
<!DOCTYPE html PUBLIC "-//W3C//DTD XHTML 1.0 Transitional//EN"
    "http://www.w3.org/TR/xhtml1/DTD/xhtml1-transitional.dtd">
<html xmlns="http://www.w3.org/1999/xhtml" xml:lang="en" lang="en">
 <head>
  <title>
</title>
<meta http-equiv="Content-Type" content="text/html;charset=utf-8" />
  <meta name='ocr-system' content='tesseract 3.04.00' />
  <meta name='ocr-capabilities' content='ocr_page ocr_carea ocr_par ocr_line ocrx_word'/>
</head>
<body>
  <div class='ocr_page' id='page_1' title='image "./dissertationesp00hallgoog_0770.png"; bbox 0 0 3166 4871; ppageno 0'>
   <div class='ocr_carea' id='block_1_1' title="bbox 502 272 622 333">
    <p class='ocr_par' dir='ltr' id='par_1_1' title="bbox 502 272 622 333">
     <span class='ocr_line' id='line_1_1' title="bbox 502 272 622 333; baseline 0.008 -1"><span class='ocrx_word' id='word_1_1' title='bbox 502 272 622 333; x_wconf 81' lang='lat'>406</span> 
     </span>
    </p>
   </div>
   <div class='ocr_carea' id='block_1_2' title="bbox 501 444 2746 1031">
    <p class='ocr_par' dir='ltr' id='par_1_2' title="bbox 501 444 2746 726">
     <span class='ocr_line' id='line_1_2' title="bbox 681 444 2743 525; baseline 0 -19"><span class='ocrx_word' id='word_1_2' title='bbox 681 444 784 520; x_wconf 89' lang='grc'>16)</span> <span class='ocrx_word' id='word_1_3' title='bbox 831 467 887 525; x_wconf 92' lang='lat' dir='ltr'>p.</span> <span class='ocrx_word' id='word_1_4' title='bbox 944 467 1000 525; x_wconf 92' lang='lat' dir='ltr'>p.</span> <span class='ocrx_word' id='word_1_5' title='bbox 1062 448 1439 525; x_wconf 89' lang='lat' dir='ltr'>praepositus</span> <span class='ocrx_word' id='word_1_6' title='bbox 1497 448 1704 507; x_wconf 84' lang='lat' dir='ltr'>classis</span> <span class='ocrx_word' id='word_1_7' title='bbox 1762 448 2135 508; x_wconf 75' lang='lat' dir='ltr'>Misenatium</span> <span class='ocrx_word' id='word_1_8' title='bbox 2215 447 2405 525; x_wconf 84' lang='lat' dir='ltr'>praef.</span> <span class='ocrx_word' id='word_1_9' title='bbox 2487 447 2598 523; x_wconf 86' lang='lat' dir='ltr'>leg.</span> <span class='ocrx_word' id='word_1_10' title='bbox 2659 448 2743 506; x_wconf 91' lang='lat' dir='ltr'>VI</span> 
     </span>
     <span class='ocr_line' id='line_1_3' title="bbox 502 548 2746 629; baseline 0.001 -23"><span class='ocrx_word' id='word_1_11' title='bbox 502 549 686 609; x_wconf 84' lang='lat' dir='ltr'>Victr.</span> <span class='ocrx_word' id='word_1_12' title='bbox 744 549 868 610; x_wconf 79' lang='lat' dir='ltr'>dux</span> <span class='ocrx_word' id='word_1_13' title='bbox 936 551 1050 628; x_wconf 86' lang='lat' dir='ltr'>leg.</span> <span class='ocrx_word' id='word_1_14' title='bbox 1108 570 1271 629; x_wconf 88' lang='lat' dir='ltr'>proc.</span> <span class='ocrx_word' id='word_1_15' title='bbox 1467 548 1687 626; x_wconf 85' lang='lat' dir='ltr'>(Epetii</span> <span class='ocrx_word' id='word_1_16' title='bbox 1748 552 1807 610; x_wconf 91' lang='lat' dir='ltr'>in</span> <span class='ocrx_word' id='word_1_17' title='bbox 1873 551 2201 627; x_wconf 73' lang='lat' dir='ltr'>Dalmatia,</span> <span class='ocrx_word' id='word_1_18' title='bbox 2268 551 2326 609; x_wconf 91' lang='lat' dir='ltr'>in</span> <span class='ocrx_word' id='word_1_19' title='bbox 2392 568 2533 609; x_wconf 85' lang='lat' dir='ltr'>arca</span> <span class='ocrx_word' id='word_1_20' title='bbox 2595 568 2746 609; x_wconf 86' lang='lat' dir='ltr'>mar·</span> 
     </span>
     <span class='ocr_line' id='line_1_4' title="bbox 501 651 1454 726; baseline 0.004 -17"><span class='ocrx_word' id='word_1_21' title='bbox 501 670 716 712; x_wconf 90' lang='lat' dir='ltr'>morea.</span> <span class='ocrx_word' id='word_1_22' title='bbox 805 652 868 714; x_wconf 88' lang='lat' dir='ltr'>C.</span> <span class='ocrx_word' id='word_1_23' title='bbox 901 654 943 712; x_wconf 92' lang='lat'>1.</span> <span class='ocrx_word' id='word_1_24' title='bbox 976 654 1045 713; x_wconf 91' lang='lat' dir='ltr'>L.</span> <span class='ocrx_word' id='word_1_25' title='bbox 1092 654 1196 712; x_wconf 84' lang='lat'>111.</span> <span class='ocrx_word' id='word_1_26' title='bbox 1248 651 1454 726; x_wconf 89' lang='grc'>1919).</span> 
     </span>
    </p>

    <p class='ocr_par' dir='ltr' id='par_1_3' title="bbox 501 753 2744 1031">
     <span class='ocr_line' id='line_1_5' title="bbox 679 753 2744 834; baseline -0 -20"><span class='ocrx_word' id='word_1_27' title='bbox 679 753 781 828; x_wconf 84' lang='grc'>17)</span> <span class='ocrx_word' id='word_1_28' title='bbox 827 775 882 833; x_wconf 89' lang='lat' dir='ltr'>p.</span> <span class='ocrx_word' id='word_1_29' title='bbox 929 775 984 832; x_wconf 88' lang='lat' dir='ltr'>p.</span> <span class='ocrx_word' id='word_1_30' title='bbox 1034 757 1142 832; x_wconf 90' lang='lat' dir='ltr'>leg.</span> <span class='ocrx_word' id='word_1_31' title='bbox 1191 758 1245 816; x_wconf 93' lang='lat'>11</span> <span class='ocrx_word' id='word_1_32' title='bbox 1295 757 1427 817; x_wconf 86' lang='lat' dir='ltr'>Ital.</span> <span class='ocrx_word' id='word_1_33' title='bbox 1480 755 1601 816; x_wconf 83' lang='lat' dir='ltr'>dnx</span> <span class='ocrx_word' id='word_1_34' title='bbox 1650 756 1763 833; x_wconf 88' lang='lat' dir='ltr'>leg.</span> <span class='ocrx_word' id='word_1_35' title='bbox 1810 756 1897 815; x_wconf 91' lang='lat'>111</span> <span class='ocrx_word' id='word_1_36' title='bbox 1946 757 2074 815; x_wconf 82' lang='lat' dir='ltr'>Ital.</span> <span class='ocrx_word' id='word_1_37' title='bbox 2114 755 2236 815; x_wconf 88' lang='lat' dir='ltr'>dux</span> <span class='ocrx_word' id='word_1_38' title='bbox 2278 762 2339 816; x_wconf 94' lang='lat' dir='ltr'>et</span> <span class='ocrx_word' id='word_1_39' title='bbox 2381 774 2584 834; x_wconf 83' lang='lat' dir='ltr'>praep.</span> <span class='ocrx_word' id='word_1_40' title='bbox 2631 755 2744 831; x_wconf 88' lang='lat' dir='ltr'>leg.</span> 
     </span>
     <span class='ocr_line' id='line_1_6' title="bbox 502 855 2741 936; baseline 0.001 -22"><span class='ocrx_word' id='word_1_41' title='bbox 502 856 590 914; x_wconf 92' lang='lat'>111</span> <span class='ocrx_word' id='word_1_42' title='bbox 654 857 808 934; x_wconf 84' lang='lat' dir='ltr'>Aug.</span> <span class='ocrx_word' id='word_1_43' title='bbox 898 855 1315 931; x_wconf 84' lang='lat' dir='ltr'>(Herzendorf</span> <span class='ocrx_word' id='word_1_44' title='bbox 1368 859 1428 917; x_wconf 92' lang='lat' dir='ltr'>in</span> <span class='ocrx_word' id='word_1_45' title='bbox 1487 858 1746 918; x_wconf 82' lang='lat' dir='ltr'>ecclesia</span> <span class='ocrx_word' id='word_1_46' title='bbox 1815 876 1939 936; x_wconf 91' lang='lat' dir='ltr'>rep.</span> <span class='ocrx_word' id='word_1_47' title='bbox 2036 859 2342 918; x_wconf 85' lang='lat' dir='ltr'>Noricum.</span> <span class='ocrx_word' id='word_1_48' title='bbox 2418 860 2741 918; x_wconf 78' lang='lat' dir='ltr'>Mommsen</span> 
     </span>
     <span class='ocr_line' id='line_1_7' title="bbox 501 956 1420 1031; baseline 0.004 -15"><span class='ocrx_word' id='word_1_49' title='bbox 501 956 682 1031; x_wconf 86' lang='lat' dir='ltr'>cont.)</span> <span class='ocrx_word' id='word_1_50' title='bbox 773 959 836 1020; x_wconf 91' lang='lat' dir='ltr'>C.</span> <span class='ocrx_word' id='word_1_51' title='bbox 882 960 925 1019; x_wconf 93' lang='grc' dir='ltr'>Ι.</span> <span class='ocrx_word' id='word_1_52' title='bbox 971 961 1038 1020; x_wconf 89' lang='lat' dir='ltr'>L.</span> <span class='ocrx_word' id='word_1_53' title='bbox 1083 961 1189 1020; x_wconf 91' lang='lat'>111.</span> <span class='ocrx_word' id='word_1_54' title='bbox 1233 963 1420 1022; x_wconf 84' lang='lat'><strong>4855.</strong></span> 
     </span>
    </p>
   </div>
   <div class='ocr_carea' id='block_1_3' title="bbox 502 1096 2748 1973">
    <p class='ocr_par' dir='ltr' id='par_1_4' title="bbox 502 1096 2748 1973">
     <span class='ocr_line' id='line_1_8' title="bbox 674 1096 2746 1174; baseline 0 -19"><span class='ocrx_word' id='word_1_55' title='bbox 674 1096 839 1156; x_wconf 80' lang='lat' dir='ltr'><strong>Inter</strong></span> <span class='ocrx_word' id='word_1_56' title='bbox 886 1098 1015 1157; x_wconf 86' lang='lat' dir='ltr'>illas</span> <span class='ocrx_word' id='word_1_57' title='bbox 1061 1116 1235 1157; x_wconf 89' lang='lat' dir='ltr'>curas</span> <span class='ocrx_word' id='word_1_58' title='bbox 1280 1102 1454 1157; x_wconf 84' lang='lat' dir='ltr'>extra</span> <span class='ocrx_word' id='word_1_59' title='bbox 1503 1096 1771 1158; x_wconf 81' lang='lat' dir='ltr'>ordinem</span> <span class='ocrx_word' id='word_1_60' title='bbox 1818 1102 1878 1157; x_wconf 87' lang='lat' dir='ltr'>et</span> <span class='ocrx_word' id='word_1_61' title='bbox 1921 1116 1993 1157; x_wconf 85' lang='lat' dir='ltr'>ex</span> <span class='ocrx_word' id='word_1_62' title='bbox 2040 1101 2310 1174; x_wconf 85' lang='lat' dir='ltr'>tempore</span> <span class='ocrx_word' id='word_1_63' title='bbox 2355 1097 2524 1157; x_wconf 89' lang='lat' dir='ltr'>datas</span> <span class='ocrx_word' id='word_1_64' title='bbox 2569 1098 2746 1158; x_wconf 87' lang='lat' dir='ltr'>inter-</span> 
     </span>
     <span class='ocr_line' id='line_1_9' title="bbox 503 1197 2742 1277; baseline 0 -20"><span class='ocrx_word' id='word_1_65' title='bbox 503 1217 622 1274; x_wconf 90' lang='lat' dir='ltr'>que</span> <span class='ocrx_word' id='word_1_66' title='bbox 669 1197 974 1270; x_wconf 72' lang='lat' dir='ltr'>ordinaria</span> <span class='ocrx_word' id='word_1_67' title='bbox 1020 1219 1275 1260; x_wconf 86' lang='lat' dir='ltr'>munera</span> <span class='ocrx_word' id='word_1_68' title='bbox 1320 1200 1598 1260; x_wconf 85' lang='lat' dir='ltr'>militaria</span> <span class='ocrx_word' id='word_1_69' title='bbox 1643 1200 1897 1260; x_wconf 80' lang='lat' dir='ltr'>officium</span> <span class='ocrx_word' id='word_1_70' title='bbox 1947 1199 2244 1277; x_wconf 81' lang='lat' dir='ltr'>quoddam</span> <span class='ocrx_word' id='word_1_71' title='bbox 2285 1200 2455 1276; x_wconf 89' lang='lat' dir='ltr'>quasi</span> <span class='ocrx_word' id='word_1_72' title='bbox 2487 1200 2742 1276; x_wconf 90' lang='lat' dir='ltr'>positum</span> 
     </span>
     <span class='ocr_line' id='line_1_10' title="bbox 502 1300 2748 1379; baseline -0 -20"><span class='ocrx_word' id='word_1_73' title='bbox 502 1304 623 1377; x_wconf 89' lang='lat' dir='ltr'>est,</span> <span class='ocrx_word' id='word_1_74' title='bbox 681 1300 844 1377; x_wconf 91' lang='lat' dir='ltr'>quod</span> <span class='ocrx_word' id='word_1_75' title='bbox 910 1320 1104 1378; x_wconf 89' lang='lat' dir='ltr'>neque</span> <span class='ocrx_word' id='word_1_76' title='bbox 1164 1303 1223 1362; x_wconf 95' lang='lat' dir='ltr'>in</span> <span class='ocrx_word' id='word_1_77' title='bbox 1274 1320 1641 1379; x_wconf 89' lang='lat' dir='ltr'>unaquaque</span> <span class='ocrx_word' id='word_1_78' title='bbox 1685 1303 1917 1378; x_wconf 77' lang='lat' dir='ltr'>legione</span> <span class='ocrx_word' id='word_1_79' title='bbox 1963 1302 2119 1361; x_wconf 89' lang='lat' dir='ltr'>omni</span> <span class='ocrx_word' id='word_1_80' title='bbox 2167 1307 2434 1379; x_wconf 90' lang='lat' dir='ltr'>tempore</span> <span class='ocrx_word' id='word_1_81' title='bbox 2479 1301 2748 1361; x_wconf 79' lang='lat' dir='ltr'>exstabat</span> 
     </span>
     <span class='ocr_line' id='line_1_11' title="bbox 503 1402 2742 1481; baseline 0 -20"><span class='ocrx_word' id='word_1_82' title='bbox 503 1421 699 1479; x_wconf 84' lang='lat' dir='ltr'>neque</span> <span class='ocrx_word' id='word_1_83' title='bbox 754 1411 980 1463; x_wconf 89' lang='lat' dir='ltr'>certum</span> <span class='ocrx_word' id='word_1_84' title='bbox 1046 1405 1200 1463; x_wconf 88' lang='lat' dir='ltr'>inter</span> <span class='ocrx_word' id='word_1_85' title='bbox 1265 1404 1540 1464; x_wconf 86' lang='lat' dir='ltr'>militaria</span> <span class='ocrx_word' id='word_1_86' title='bbox 1599 1423 1849 1465; x_wconf 86' lang='lat' dir='ltr'>munera</span> <span class='ocrx_word' id='word_1_87' title='bbox 1914 1405 2107 1464; x_wconf 86' lang='lat' dir='ltr'>locum</span> <span class='ocrx_word' id='word_1_88' title='bbox 2170 1404 2508 1481; x_wconf 72' lang='lat' dir='ltr'>obtinebat,</span> <span class='ocrx_word' id='word_1_89' title='bbox 2582 1402 2742 1480; x_wconf 89' lang='lat' dir='ltr'>quod</span> 
     </span>
     <span class='ocr_line' id='line_1_12' title="bbox 504 1505 2748 1583; baseline 0.001 -21"><span class='ocrx_word' id='word_1_90' title='bbox 504 1510 699 1564; x_wconf 85' lang='lat' dir='ltr'>tamen</span> <span class='ocrx_word' id='word_1_91' title='bbox 749 1523 880 1563; x_wconf 90' lang='lat' dir='ltr'>cum</span> <span class='ocrx_word' id='word_1_92' title='bbox 929 1505 1386 1583; x_wconf 85' lang='lat' dir='ltr'>primipilarium</span> <span class='ocrx_word' id='word_1_93' title='bbox 1424 1506 1793 1567; x_wconf 86' lang='lat' dir='ltr'>institutione</span> <span class='ocrx_word' id='word_1_94' title='bbox 1826 1505 2115 1566; x_wconf 78' lang='lat' dir='ltr'>artissime</span> <span class='ocrx_word' id='word_1_95' title='bbox 2147 1506 2529 1582; x_wconf 81' lang='lat' dir='ltr'>conjunctum</span> <span class='ocrx_word' id='word_1_96' title='bbox 2563 1505 2748 1564; x_wconf 86' lang='lat' dir='ltr'>fuisse</span> 
     </span>
     <span class='ocr_line' id='line_1_13' title="bbox 503 1607 2744 1684; baseline 0 -19"><span class='ocrx_word' id='word_1_97' title='bbox 503 1607 770 1683; x_wconf 84' lang='lat' dir='ltr'>videtur,</span> <span class='ocrx_word' id='word_1_98' title='bbox 830 1608 1374 1684; x_wconf 79' lang='lat' dir='ltr'>praefecturam</span> <span class='ocrx_word' id='word_1_99' title='bbox 1437 1609 1602 1669; x_wconf 90' lang='lat' dir='ltr'>dico</span> <span class='ocrx_word' id='word_1_100' title='bbox 1663 1614 2107 1672; x_wconf 84' lang='lat' dir='ltr'>castrorum.</span> <span class='ocrx_word' id='word_1_101' title='bbox 2206 1609 2341 1681; x_wconf 84' lang='lat' dir='ltr'>Qua</span> <span class='ocrx_word' id='word_1_102' title='bbox 2385 1609 2474 1674; x_wconf 76' lang='lat' dir='ltr'>de,</span> <span class='ocrx_word' id='word_1_103' title='bbox 2502 1628 2567 1669; x_wconf 89' lang='lat' dir='ltr'>re</span> <span class='ocrx_word' id='word_1_104' title='bbox 2611 1627 2744 1668; x_wconf 90' lang='lat' dir='ltr'>cum</span> 
     </span>
     <span class='ocr_line' id='line_1_14' title="bbox 508 1708 2748 1789; baseline 0.001 -22"><span class='ocrx_word' id='word_1_105' title='bbox 508 1710 934 1769; x_wconf 85' lang='lat' dir='ltr'>Wilmannsius</span> <span class='ocrx_word' id='word_1_106' title='bbox 980 1716 1263 1770; x_wconf 81' lang='lat' dir='ltr'>accurate</span> <span class='ocrx_word' id='word_1_107' title='bbox 1310 1712 1501 1789; x_wconf 83' lang='lat' dir='ltr'>egerit</span> <span class='ocrx_word' id='word_1_108' title='bbox 1557 1709 1620 1784; x_wconf 89' lang='grc'>(1.</span> <span class='ocrx_word' id='word_1_109' title='bbox 1667 1708 1773 1789; x_wconf 87' lang='lat' dir='ltr'>c.),</span> <span class='ocrx_word' id='word_1_110' title='bbox 1832 1730 1923 1770; x_wconf 87' lang='lat' dir='ltr'>me</span> <span class='ocrx_word' id='word_1_111' title='bbox 1986 1711 2195 1787; x_wconf 88' lang='lat' dir='ltr'>paucis</span> <span class='ocrx_word' id='word_1_112' title='bbox 2255 1729 2558 1788; x_wconf 82' lang='lat' dir='ltr'>exponere</span> <span class='ocrx_word' id='word_1_113' title='bbox 2604 1711 2748 1770; x_wconf 82' lang='lat' dir='ltr'>satis</span> 
     </span>
     <span class='ocr_line' id='line_1_15' title="bbox 506 1812 2744 1890; baseline 0 -20"><span class='ocrx_word' id='word_1_114' title='bbox 506 1817 615 1889; x_wconf 86' lang='lat' dir='ltr'>est,</span> <span class='ocrx_word' id='word_1_115' title='bbox 667 1812 811 1888; x_wconf 88' lang='lat' dir='ltr'>quid</span> <span class='ocrx_word' id='word_1_116' title='bbox 862 1814 1107 1872; x_wconf 88' lang='lat' dir='ltr'>sentiam</span> <span class='ocrx_word' id='word_1_117' title='bbox 1172 1813 1245 1872; x_wconf 91' lang='lat' dir='ltr'>de</span> <span class='ocrx_word' id='word_1_118' title='bbox 1309 1813 1556 1889; x_wconf 86' lang='lat' dir='ltr'>ratione,</span> <span class='ocrx_word' id='word_1_119' title='bbox 1610 1831 1766 1889; x_wconf 77' lang='lat' dir='ltr'>quae</span> <span class='ocrx_word' id='word_1_120' title='bbox 1827 1814 1982 1872; x_wconf 89' lang='lat' dir='ltr'>inter</span> <span class='ocrx_word' id='word_1_121' title='bbox 2037 1818 2351 1890; x_wconf 88' lang='lat' dir='ltr'>utramque</span> <span class='ocrx_word' id='word_1_122' title='bbox 2397 1813 2744 1889; x_wconf 87' lang='lat' dir='ltr'>dignitatem</span> 
     </span>
     <span class='ocr_line' id='line_1_16' title="bbox 504 1914 836 1973; baseline 0.003 -1"><span class='ocrx_word' id='word_1_123' title='bbox 504 1914 836 1973; x_wconf 78' lang='lat' dir='ltr'>intercedit.</span> 
     </span>
    </p>
   </div>
   <div class='ocr_carea' id='block_1_4' title="bbox 506 2032 2750 2931">
    <p class='ocr_par' dir='ltr' id='par_1_5' title="bbox 506 2032 2750 2931">
     <span class='ocr_line' id='line_1_17' title="bbox 679 2032 2748 2112; baseline -0 -20"><span class='ocrx_word' id='word_1_124' title='bbox 679 2034 858 2093; x_wconf 77' lang='lat' dir='ltr'>Facio</span> <span class='ocrx_word' id='word_1_125' title='bbox 920 2053 1055 2092; x_wconf 91' lang='lat' dir='ltr'>cum</span> <span class='ocrx_word' id='word_1_126' title='bbox 1107 2033 1536 2110; x_wconf 87' lang='lat' dir='ltr'>Wilmannsio,</span> <span class='ocrx_word' id='word_1_127' title='bbox 1595 2034 1695 2109; x_wconf 91' lang='lat' dir='ltr'>qui</span> <span class='ocrx_word' id='word_1_128' title='bbox 1760 2034 2217 2112; x_wconf 78' lang='lat' dir='ltr'>imperatoribus</span> <span class='ocrx_word' id='word_1_129' title='bbox 2276 2034 2333 2093; x_wconf 91' lang='lat' dir='ltr'>in</span> <span class='ocrx_word' id='word_1_130' title='bbox 2391 2050 2501 2092; x_wconf 89' lang='lat' dir='ltr'>usu</span> <span class='ocrx_word' id='word_1_131' title='bbox 2563 2032 2748 2092; x_wconf 84' lang='lat' dir='ltr'>fuisse</span> 
     </span>
     <span class='ocr_line' id='line_1_18' title="bbox 507 2135 2750 2214; baseline 0 -20"><span class='ocrx_word' id='word_1_132' title='bbox 507 2137 747 2212; x_wconf 77' lang='lat' dir='ltr'>statuit,</span> <span class='ocrx_word' id='word_1_133' title='bbox 818 2137 1161 2214; x_wconf 78' lang='lat' dir='ltr'>praefectos</span> <span class='ocrx_word' id='word_1_134' title='bbox 1222 2144 1553 2196; x_wconf 84' lang='lat' dir='ltr'>castrorum</span> <span class='ocrx_word' id='word_1_135' title='bbox 1602 2155 1675 2196; x_wconf 84' lang='lat' dir='ltr'>ex</span> <span class='ocrx_word' id='word_1_136' title='bbox 1722 2137 2166 2214; x_wconf 88' lang='lat' dir='ltr'>primipilarium</span> <span class='ocrx_word' id='word_1_137' title='bbox 2214 2154 2462 2197; x_wconf 89' lang='lat' dir='ltr'>numero</span> <span class='ocrx_word' id='word_1_138' title='bbox 2509 2135 2750 2212; x_wconf 82' lang='lat' dir='ltr'>eligere.</span> 
     </span>
     <span class='ocr_line' id='line_1_19' title="bbox 506 2238 2750 2317; baseline 0 -20"><span class='ocrx_word' id='word_1_139' title='bbox 506 2239 693 2297; x_wconf 84' lang='lat' dir='ltr'>Paulo</span> <span class='ocrx_word' id='word_1_140' title='bbox 741 2238 1144 2299; x_wconf 85' lang='lat' dir='ltr'>confidentius</span> <span class='ocrx_word' id='word_1_141' title='bbox 1192 2259 1331 2299; x_wconf 85' lang='lat' dir='ltr'>vero</span> <span class='ocrx_word' id='word_1_142' title='bbox 1380 2259 1556 2316; x_wconf 83' lang='lat' dir='ltr'>quam</span> <span class='ocrx_word' id='word_1_143' title='bbox 1592 2258 1699 2317; x_wconf 93' lang='lat' dir='ltr'>pro</span> <span class='ocrx_word' id='word_1_144' title='bbox 1732 2246 2215 2314; x_wconf 78' lang='lat' dir='ltr'>argumentorum</span> <span class='ocrx_word' id='word_1_145' title='bbox 2251 2240 2552 2311; x_wconf 77' lang='lat' dir='ltr'>gravitate</span> <span class='ocrx_word' id='word_1_146' title='bbox 2595 2239 2750 2314; x_wconf 80' lang='lat' dir='ltr'>licet,</span> 
     </span>
     <span class='ocr_line' id='line_1_20' title="bbox 512 2339 2745 2419; baseline -0.001 -18"><span class='ocrx_word' id='word_1_147' title='bbox 512 2360 755 2413; x_wconf 84' lang='lat' dir='ltr'>„omnes</span> <span class='ocrx_word' id='word_1_148' title='bbox 821 2348 1148 2402; x_wconf 76' lang='lat' dir='ltr'>castrorum</span> <span class='ocrx_word' id='word_1_149' title='bbox 1213 2345 1558 2419; x_wconf 81' lang='lat' dir='ltr'>praefectos</span> <span class='ocrx_word' id='word_1_150' title='bbox 1603 2360 1893 2401; x_wconf 89' lang='lat' dir='ltr'>summum</span> <span class='ocrx_word' id='word_1_151' title='bbox 1943 2341 2419 2401; x_wconf 80' lang='lat' dir='ltr'>centurionatum</span> <span class='ocrx_word' id='word_1_152' title='bbox 2466 2339 2745 2400; x_wconf 84' lang='lat' dir='ltr'>duxisse“</span> 
     </span>
     <span class='ocr_line' id='line_1_21' title="bbox 508 2445 2746 2522; baseline -0 -20"><span class='ocrx_word' id='word_1_153' title='bbox 508 2445 743 2522; x_wconf 80' lang='lat' dir='ltr'>posuit3</span> <span class='ocrx_word' id='word_1_154' title='bbox 819 2446 945 2520; x_wconf 87' lang='lat' dir='ltr'>ipse</span> <span class='ocrx_word' id='word_1_155' title='bbox 1005 2445 1126 2505; x_wconf 90' lang='lat' dir='ltr'>duo</span> <span class='ocrx_word' id='word_1_156' title='bbox 1188 2446 1462 2521; x_wconf 83' lang='lat' dir='ltr'>exempla</span> <span class='ocrx_word' id='word_1_157' title='bbox 1506 2445 1948 2521; x_wconf 77' lang='lat' dir='ltr'>praefectorum</span> <span class='ocrx_word' id='word_1_158' title='bbox 1996 2446 2258 2521; x_wconf 84' lang='lat' dir='ltr'>equestri</span> <span class='ocrx_word' id='word_1_159' title='bbox 2308 2445 2439 2505; x_wconf 88' lang='lat' dir='ltr'>loco</span> <span class='ocrx_word' id='word_1_160' title='bbox 2484 2449 2746 2504; x_wconf 88' lang='lat' dir='ltr'>ortorum</span> 
     </span>
     <span class='ocr_line' id='line_1_22' title="bbox 506 2546 2750 2623; baseline -0 -20"><span class='ocrx_word' id='word_1_161' title='bbox 506 2547 694 2621; x_wconf 82' lang='lat' dir='ltr'>affert,</span> <span class='ocrx_word' id='word_1_162' title='bbox 738 2565 934 2622; x_wconf 88' lang='lat' dir='ltr'>neque</span> <span class='ocrx_word' id='word_1_163' title='bbox 980 2548 1122 2623; x_wconf 87' lang='lat' dir='ltr'>sci0,</span> <span class='ocrx_word' id='word_1_164' title='bbox 1169 2565 1274 2606; x_wconf 83' lang='lat' dir='ltr'>cur</span> <span class='ocrx_word' id='word_1_165' title='bbox 1321 2567 1437 2607; x_wconf 90' lang='lat' dir='ltr'>non</span> <span class='ocrx_word' id='word_1_166' title='bbox 1487 2549 1663 2605; x_wconf 85' lang='lat' dir='ltr'>etiam</span> <span class='ocrx_word' id='word_1_167' title='bbox 1712 2567 1784 2605; x_wconf 82' lang='lat' dir='ltr'>ex</span> <span class='ocrx_word' id='word_1_168' title='bbox 1831 2548 1957 2606; x_wconf 90' lang='lat' dir='ltr'>aliis</span> <span class='ocrx_word' id='word_1_169' title='bbox 2005 2549 2418 2607; x_wconf 84' lang='lat' dir='ltr'>centurionum</span> <span class='ocrx_word' id='word_1_170' title='bbox 2467 2546 2750 2623; x_wconf 87' lang='lat' dir='ltr'>gradibus</span> 
     </span>
     <span class='ocr_line' id='line_1_23' title="bbox 508 2643 2748 2725; baseline -0.001 -18"><span class='ocrx_word' id='word_1_171' title='bbox 508 2647 744 2722; x_wconf 85' lang='lat' dir='ltr'>aliquos</span> <span class='ocrx_word' id='word_1_172' title='bbox 788 2646 861 2705; x_wconf 89' lang='lat' dir='ltr'>ad</span> <span class='ocrx_word' id='word_1_173' title='bbox 914 2649 1065 2707; x_wconf 87' lang='lat' dir='ltr'>hanc</span> <span class='ocrx_word' id='word_1_174' title='bbox 1113 2648 1456 2724; x_wconf 85' lang='lat' dir='ltr'>dignitatem</span> <span class='ocrx_word' id='word_1_175' title='bbox 1506 2653 1811 2725; x_wconf 90' lang='lat' dir='ltr'>promotos</span> <span class='ocrx_word' id='word_1_176' title='bbox 1856 2667 1987 2709; x_wconf 88' lang='lat' dir='ltr'>esse</span> <span class='ocrx_word' id='word_1_177' title='bbox 2046 2649 2376 2709; x_wconf 85' lang='lat' dir='ltr'>credamus.</span> <span class='ocrx_word' id='word_1_178' title='bbox 2452 2643 2554 2725; x_wconf 84' lang='lat' dir='ltr'>(cf.</span> <span class='ocrx_word' id='word_1_179' title='bbox 2601 2648 2662 2709; x_wconf 88' lang='lat' dir='ltr'>C.</span> <span class='ocrx_word' id='word_1_180' title='bbox 2709 2648 2748 2706; x_wconf 93' lang='lat'>1.</span> 
     </span>
     <span class='ocr_line' id='line_1_24' title="bbox 509 2748 2749 2826; baseline 0 -19"><span class='ocrx_word' id='word_1_181' title='bbox 509 2750 576 2808; x_wconf 89' lang='lat' dir='ltr'>L.</span> <span class='ocrx_word' id='word_1_182' title='bbox 624 2749 729 2808; x_wconf 86' lang='grc' dir='ltr'>ΙΙΙ.</span> <span class='ocrx_word' id='word_1_183' title='bbox 777 2752 975 2810; x_wconf 82' lang='lat'><strong>3427:</strong></span> <span class='ocrx_word' id='word_1_184' title='bbox 1023 2752 1364 2826; x_wconf 75' lang='lat' dir='ltr'>praefectus</span> <span class='ocrx_word' id='word_1_185' title='bbox 1410 2750 1663 2826; x_wconf 86' lang='lat' dir='ltr'>legionis</span> <span class='ocrx_word' id='word_1_186' title='bbox 1710 2770 1783 2810; x_wconf 82' lang='lat' dir='ltr'>ex</span> <span class='ocrx_word' id='word_1_187' title='bbox 1829 2748 2204 2824; x_wconf 84' lang='lat' dir='ltr'>trecenario.)</span> <span class='ocrx_word' id='word_1_188' title='bbox 2263 2751 2380 2810; x_wconf 86' lang='lat' dir='ltr'>Sed</span> <span class='ocrx_word' id='word_1_189' title='bbox 2411 2752 2539 2810; x_wconf 90' lang='lat' dir='ltr'>sine</span> <span class='ocrx_word' id='word_1_190' title='bbox 2570 2748 2749 2808; x_wconf 90' lang='lat' dir='ltr'>dubio</span> 
     </span>
     <span class='ocr_line' id='line_1_25' title="bbox 508 2853 1934 2931; baseline 0.003 -21"><span class='ocrx_word' id='word_1_191' title='bbox 508 2853 784 2929; x_wconf 88' lang='lat' dir='ltr'>plerique</span> <span class='ocrx_word' id='word_1_192' title='bbox 832 2872 1039 2912; x_wconf 87' lang='lat' dir='ltr'>eorum</span> <span class='ocrx_word' id='word_1_193' title='bbox 1087 2854 1338 2930; x_wconf 89' lang='lat' dir='ltr'>primum</span> <span class='ocrx_word' id='word_1_194' title='bbox 1386 2855 1571 2931; x_wconf 87' lang='lat' dir='ltr'>pilum</span> <span class='ocrx_word' id='word_1_195' title='bbox 1620 2854 1934 2914; x_wconf 85' lang='lat' dir='ltr'>duxerant.</span> 
     </span>
    </p>
   </div>
   <div class='ocr_carea' id='block_1_5' title="bbox 508 2971 2756 3665">
    <p class='ocr_par' dir='ltr' id='par_1_6' title="bbox 508 2971 2756 3665">
     <span class='ocr_line' id='line_1_26' title="bbox 686 2971 2750 3050; baseline 0 -19"><span class='ocrx_word' id='word_1_196' title='bbox 686 2974 1109 3032; x_wconf 84' lang='lat' dir='ltr'>Wilmannsins</span> <span class='ocrx_word' id='word_1_197' title='bbox 1158 2973 1496 3049; x_wconf 86' lang='lat' dir='ltr'>praefectos</span> <span class='ocrx_word' id='word_1_198' title='bbox 1552 2979 1881 3034; x_wconf 86' lang='lat' dir='ltr'>castrorum</span> <span class='ocrx_word' id='word_1_199' title='bbox 1929 2973 2215 3050; x_wconf 84' lang='lat' dir='ltr'>dignitate</span> <span class='ocrx_word' id='word_1_200' title='bbox 2262 2974 2521 3049; x_wconf 88' lang='lat' dir='ltr'>equestri</span> <span class='ocrx_word' id='word_1_201' title='bbox 2567 2971 2750 3031; x_wconf 82' lang='lat' dir='ltr'>fuisse</span> 
     </span>
     <span class='ocr_line' id='line_1_27' title="bbox 511 3074 2752 3153; baseline -0 -20"><span class='ocrx_word' id='word_1_202' title='bbox 511 3081 716 3153; x_wconf 78' lang='lat' dir='ltr'>putat3</span> <span class='ocrx_word' id='word_1_203' title='bbox 790 3077 1159 3151; x_wconf 88' lang='lat' dir='ltr'>argumentis</span> <span class='ocrx_word' id='word_1_204' title='bbox 1225 3077 1410 3136; x_wconf 86' lang='lat' dir='ltr'>utitur</span> <span class='ocrx_word' id='word_1_205' title='bbox 1472 3077 1679 3153; x_wconf 87' lang='lat' dir='ltr'>paucis</span> <span class='ocrx_word' id='word_1_206' title='bbox 1722 3077 1942 3152; x_wconf 83' lang='lat' dir='ltr'>titulis,</span> <span class='ocrx_word' id='word_1_207' title='bbox 2005 3076 2220 3152; x_wconf 84' lang='lat' dir='ltr'>quibus</span> <span class='ocrx_word' id='word_1_208' title='bbox 2265 3074 2422 3135; x_wconf 90' lang='lat' dir='ltr'>dona</span> <span class='ocrx_word' id='word_1_209' title='bbox 2477 3074 2752 3133; x_wconf 87' lang='lat' dir='ltr'>militaria</span> 
     </span>
     <span class='ocr_line' id='line_1_28' title="bbox 509 3175 2749 3254; baseline -0 -19"><span class='ocrx_word' id='word_1_210' title='bbox 509 3177 735 3253; x_wconf 86' lang='lat' dir='ltr'>majora</span> <span class='ocrx_word' id='word_1_211' title='bbox 801 3183 860 3236; x_wconf 89' lang='lat' dir='ltr'>et</span> <span class='ocrx_word' id='word_1_212' title='bbox 930 3177 1272 3238; x_wconf 85' lang='lat' dir='ltr'>sacerdotia</span> <span class='ocrx_word' id='word_1_213' title='bbox 1339 3179 1645 3253; x_wconf 88' lang='lat' dir='ltr'>equestria</span> <span class='ocrx_word' id='word_1_214' title='bbox 1707 3198 1809 3238; x_wconf 87' lang='lat' dir='ltr'>eos</span> <span class='ocrx_word' id='word_1_215' title='bbox 1875 3180 2177 3254; x_wconf 86' lang='lat' dir='ltr'>accepisse</span> <span class='ocrx_word' id='word_1_216' title='bbox 2249 3182 2556 3237; x_wconf 82' lang='lat' dir='ltr'>narratur:</span> <span class='ocrx_word' id='word_1_217' title='bbox 2644 3175 2749 3235; x_wconf 88' lang='lat' dir='ltr'>sed</span> 
     </span>
     <span class='ocr_line' id='line_1_29' title="bbox 509 3276 2752 3357; baseline 0 -20"><span class='ocrx_word' id='word_1_218' title='bbox 509 3280 711 3338; x_wconf 82' lang='lat' dir='ltr'>hastas</span> <span class='ocrx_word' id='word_1_219' title='bbox 758 3298 941 3355; x_wconf 85' lang='lat' dir='ltr'>puras</span> <span class='ocrx_word' id='word_1_220' title='bbox 988 3286 1049 3338; x_wconf 90' lang='lat' dir='ltr'>et</span> <span class='ocrx_word' id='word_1_221' title='bbox 1096 3281 1313 3339; x_wconf 76' lang='lat' dir='ltr'>vexilla</span> <span class='ocrx_word' id='word_1_222' title='bbox 1363 3299 1793 3357; x_wconf 81' lang='lat' dir='ltr'>nonnunquam</span> <span class='ocrx_word' id='word_1_223' title='bbox 1843 3280 1937 3341; x_wconf 85' lang='lat' dir='ltr'>vel</span> <span class='ocrx_word' id='word_1_224' title='bbox 1984 3276 2292 3352; x_wconf 59' lang='lat' dir='ltr'>militesw)</span> <span class='ocrx_word' id='word_1_225' title='bbox 2349 3284 2408 3338; x_wconf 84' lang='lat' dir='ltr'>et.</span> <span class='ocrx_word' id='word_1_226' title='bbox 2452 3279 2752 3338; x_wconf 86' lang='lat' dir='ltr'>centurio·</span> 
     </span>
     <span class='ocr_line' id='line_1_30' title="bbox 511 3379 2752 3458; baseline -0.001 -18"><span class='ocrx_word' id='word_1_227' title='bbox 511 3379 711 3453; x_wconf 62' lang='lat' dir='ltr'>nes&#39;ffl)</span> <span class='ocrx_word' id='word_1_228' title='bbox 773 3388 1160 3457; x_wconf 89' lang='lat' dir='ltr'>acceperunt,</span> <span class='ocrx_word' id='word_1_229' title='bbox 1222 3382 1457 3442; x_wconf 88' lang='lat' dir='ltr'>duobus</span> <span class='ocrx_word' id='word_1_230' title='bbox 1518 3388 1714 3442; x_wconf 85' lang='lat' dir='ltr'>autem</span> <span class='ocrx_word' id='word_1_231' title='bbox 1790 3382 1906 3441; x_wconf 90' lang='lat' dir='ltr'>illis</span> <span class='ocrx_word' id='word_1_232' title='bbox 1963 3382 2313 3441; x_wconf 85' lang='lat' dir='ltr'>sacerdotiis</span> <span class='ocrx_word' id='word_1_233' title='bbox 2371 3381 2752 3458; x_wconf 88' lang='lat' dir='ltr'>equestribus</span> 
     </span>
     <span class='ocr_line' id='line_1_31' title="bbox 509 3483 2753 3545; baseline -0 -3"><span class='ocrx_word' id='word_1_234' title='bbox 509 3503 627 3543; x_wconf 86' lang='lat' dir='ltr'>non</span> <span class='ocrx_word' id='word_1_235' title='bbox 676 3487 901 3542; x_wconf 86' lang='lat' dir='ltr'>tantum</span> <span class='ocrx_word' id='word_1_236' title='bbox 962 3484 1344 3544; x_wconf 87' lang='lat' dir='ltr'>tribuendum</span> <span class='ocrx_word' id='word_1_237' title='bbox 1410 3486 1503 3544; x_wconf 88' lang='lat' dir='ltr'>vel</span> <span class='ocrx_word' id='word_1_238' title='bbox 1570 3490 1735 3545; x_wconf 88' lang='lat' dir='ltr'>certe</span> <span class='ocrx_word' id='word_1_239' title='bbox 1795 3485 1870 3543; x_wconf 91' lang='lat' dir='ltr'>de</span> <span class='ocrx_word' id='word_1_240' title='bbox 1933 3488 2058 3545; x_wconf 82' lang='lat' dir='ltr'>toto</span> <span class='ocrx_word' id='word_1_241' title='bbox 2115 3483 2322 3544; x_wconf 90' lang='lat' dir='ltr'>ordine</span> <span class='ocrx_word' id='word_1_242' title='bbox 2369 3483 2515 3543; x_wconf 89' lang='lat' dir='ltr'>nihil</span> <span class='ocrx_word' id='word_1_243' title='bbox 2561 3502 2635 3543; x_wconf 82' lang='lat' dir='ltr'>ex</span> <span class='ocrx_word' id='word_1_244' title='bbox 2681 3483 2753 3541; x_wconf 91' lang='lat' dir='ltr'>iis</span> 
     </span>
     <span class='ocr_line' id='line_1_32' title="bbox 508 3585 2756 3665; baseline -0 -20"><span class='ocrx_word' id='word_1_245' title='bbox 508 3585 1052 3663; x_wconf 85' lang='lat' dir='ltr'>argumentandum</span> <span class='ocrx_word' id='word_1_246' title='bbox 1088 3591 1237 3665; x_wconf 85' lang='lat' dir='ltr'>erat,</span> <span class='ocrx_word' id='word_1_247' title='bbox 1280 3606 1431 3659; x_wconf 90' lang='lat' dir='ltr'>cum,</span> <span class='ocrx_word' id='word_1_248' title='bbox 1467 3592 1531 3647; x_wconf 91' lang='lat' dir='ltr'>ut</span> <span class='ocrx_word' id='word_1_249' title='bbox 1562 3606 1639 3646; x_wconf 80' lang='lat' dir='ltr'>ex</span> <span class='ocrx_word' id='word_1_250' title='bbox 1671 3588 2127 3665; x_wconf 88' lang='lat' dir='ltr'>primipilarium</span> <span class='ocrx_word' id='word_1_251' title='bbox 2163 3586 2435 3663; x_wconf 86' lang='lat' dir='ltr'>exemplo</span> <span class='ocrx_word' id='word_1_252' title='bbox 2466 3586 2756 3663; x_wconf 79' lang='lat' dir='ltr'>videmus,</span> 
     </span>
    </p>
   </div>
   <div class='ocr_carea' id='block_1_6' title="bbox 507 3815 2756 4313">
    <p class='ocr_par' dir='ltr' id='par_1_7' title="bbox 507 3815 2756 3969">
     <span class='ocr_line' id='line_1_33' title="bbox 678 3815 2756 3888; baseline 0 -18"><span class='ocrx_word' id='word_1_253' title='bbox 678 3821 750 3885; x_wconf 81' lang='lat'>2⁸)</span> <span class='ocrx_word' id='word_1_254' title='bbox 784 3815 967 3871; x_wconf 85' lang='lat' dir='ltr'>Rufus</span> <span class='ocrx_word' id='word_1_255' title='bbox 1005 3818 1240 3872; x_wconf 84' lang='lat' dir='ltr'>Helvius</span> <span class='ocrx_word' id='word_1_256' title='bbox 1276 3819 1570 3888; x_wconf 81' lang='lat' dir='ltr'>gregarius</span> <span class='ocrx_word' id='word_1_257' title='bbox 1609 3817 1771 3873; x_wconf 88' lang='lat' dir='ltr'>miles</span> <span class='ocrx_word' id='word_1_258' title='bbox 1806 3818 2047 3872; x_wconf 88' lang='lat' dir='ltr'>donatus</span> <span class='ocrx_word' id='word_1_259' title='bbox 2083 3822 2173 3872; x_wconf 86' lang='lat' dir='ltr'>est</span> <span class='ocrx_word' id='word_1_260' title='bbox 2199 3815 2490 3886; x_wconf 84' lang='lat' dir='ltr'>torquibus</span> <span class='ocrx_word' id='word_1_261' title='bbox 2514 3822 2573 3870; x_wconf 86' lang='lat' dir='ltr'>et</span> <span class='ocrx_word' id='word_1_262' title='bbox 2595 3815 2756 3870; x_wconf 81' lang='lat' dir='ltr'>hasta</span> 
     </span>
     <span class='ocr_line' id='line_1_34' title="bbox 507 3903 1103 3969; baseline 0 -13"><span class='ocrx_word' id='word_1_263' title='bbox 507 3904 661 3968; x_wconf 82' lang='lat' dir='ltr'>(Tac.</span> <span class='ocrx_word' id='word_1_264' title='bbox 699 3919 825 3956; x_wconf 83' lang='lat' dir='ltr'>ann.</span> <span class='ocrx_word' id='word_1_265' title='bbox 865 3903 961 3957; x_wconf 88' lang='lat'>111.</span> <span class='ocrx_word' id='word_1_266' title='bbox 998 3906 1103 3969; x_wconf 79' lang='lat'>21).</span> 
     </span>
    </p>

    <p class='ocr_par' dir='ltr' id='par_1_8' title="bbox 510 3987 2755 4313">
     <span class='ocr_line' id='line_1_35' title="bbox 680 3987 2755 4057; baseline -0.002 -14"><span class='ocrx_word' id='word_1_267' title='bbox 680 3992 747 4051; x_wconf 74' lang='lat'>2⁹)</span> <span class='ocrx_word' id='word_1_268' title='bbox 796 3992 827 4043; x_wconf 92' lang='grc'><strong>7</strong></span> <span class='ocrx_word' id='word_1_269' title='bbox 865 3990 969 4057; x_wconf 85' lang='lat' dir='ltr'>leg.</span> <span class='ocrx_word' id='word_1_270' title='bbox 1007 3989 1113 4043; x_wconf 86' lang='lat' dir='ltr'>XX</span> <span class='ocrx_word' id='word_1_271' title='bbox 1140 4030 1152 4043; x_wconf 92' lang='lat'>.</span> <span class='ocrx_word' id='word_1_272' title='bbox 1179 4030 1190 4042; x_wconf 95' lang='lat'>.</span> <span class='ocrx_word' id='word_1_273' title='bbox 1218 4029 1231 4043; x_wconf 95' lang='lat'>.</span> <span class='ocrx_word' id='word_1_274' title='bbox 1259 4005 1325 4042; x_wconf 85' lang='lat' dir='ltr'>ex</span> <span class='ocrx_word' id='word_1_275' title='bbox 1378 3989 1517 4043; x_wconf 88' lang='lat' dir='ltr'>CCC</span> <span class='ocrx_word' id='word_1_276' title='bbox 1565 3988 1962 4056; x_wconf 84' lang='lat' dir='ltr'>(trecenario).</span> <span class='ocrx_word' id='word_1_277' title='bbox 1990 4030 2000 4042; x_wconf 90' lang='lat'>.</span> <span class='ocrx_word' id='word_1_278' title='bbox 2029 3987 2268 4057; x_wconf 90' lang='lat' dir='ltr'>principi</span> <span class='ocrx_word' id='word_1_279' title='bbox 2315 3993 2622 4041; x_wconf 83' lang='lat' dir='ltr'>castrorum</span> <span class='ocrx_word' id='word_1_280' title='bbox 2668 4001 2755 4054; x_wconf 89' lang='lat' dir='ltr'>eq.</span> 
     </span>
     <span class='ocr_line' id='line_1_36' title="bbox 510 4068 2638 4142; baseline -0.002 -14"><span class='ocrx_word' id='word_1_281' title='bbox 510 4092 562 4142; x_wconf 91' lang='lat' dir='ltr'>p.</span> <span class='ocrx_word' id='word_1_282' title='bbox 590 4090 778 4128; x_wconf 84' lang='lat' dir='ltr'>exorn.</span> <span class='ocrx_word' id='word_1_283' title='bbox 804 4080 863 4129; x_wconf 84' lang='lat' dir='ltr'>ct</span> <span class='ocrx_word' id='word_1_284' title='bbox 886 4074 1047 4128; x_wconf 85' lang='lat' dir='ltr'>donis</span> <span class='ocrx_word' id='word_1_285' title='bbox 1072 4075 1280 4129; x_wconf 85' lang='lat' dir='ltr'>donato</span> <span class='ocrx_word' id='word_1_286' title='bbox 1300 4075 1368 4127; x_wconf 84' lang='lat' dir='ltr'>ab</span> <span class='ocrx_word' id='word_1_287' title='bbox 1395 4075 1670 4142; x_wconf 85' lang='lat' dir='ltr'>imperatt.</span> <span class='ocrx_word' id='word_1_288' title='bbox 1743 4075 1950 4129; x_wconf 88' lang='lat' dir='ltr'>Severo</span> <span class='ocrx_word' id='word_1_289' title='bbox 1988 4080 2046 4127; x_wconf 84' lang='lat' dir='ltr'>ct</span> <span class='ocrx_word' id='word_1_290' title='bbox 2084 4068 2370 4126; x_wconf 83' lang='lat' dir='ltr'>Antonino</span> <span class='ocrx_word' id='word_1_291' title='bbox 2409 4071 2599 4139; x_wconf 76' lang='lat' dir='ltr'>Augg.</span> <span class='ocrx_word' id='word_1_292' title='bbox 2627 4113 2638 4125; x_wconf 92' lang='lat'>.</span> 
     </span>
     <span class='ocr_line' id='line_1_37' title="bbox 510 4152 2755 4228; baseline 0 -18"><span class='ocrx_word' id='word_1_293' title='bbox 510 4159 671 4211; x_wconf 73' lang='lat' dir='ltr'>hasta</span> <span class='ocrx_word' id='word_1_294' title='bbox 698 4175 838 4228; x_wconf 85' lang='lat' dir='ltr'>pura</span> <span class='ocrx_word' id='word_1_295' title='bbox 861 4176 1064 4213; x_wconf 83' lang='lat' dir='ltr'>corona</span> <span class='ocrx_word' id='word_1_296' title='bbox 1091 4176 1257 4213; x_wconf 79' lang='lat' dir='ltr'>aurea</span> <span class='ocrx_word' id='word_1_297' title='bbox 1278 4160 1535 4225; x_wconf 85' lang='lat' dir='ltr'>(chzeu</span> <span class='ocrx_word' id='word_1_298' title='bbox 1562 4164 1693 4213; x_wconf 74' lang='lat'>3457</span> <span class='ocrx_word' id='word_1_299' title='bbox 1720 4184 1788 4206; x_wconf 86' lang='lat'><strong><em>=</em></strong></span> <span class='ocrx_word' id='word_1_300' title='bbox 1813 4160 1853 4214; x_wconf 93' lang='lat' dir='ltr'>I.</span> <span class='ocrx_word' id='word_1_301' title='bbox 1882 4160 1946 4213; x_wconf 81' lang='lat' dir='ltr'>R.</span> <span class='ocrx_word' id='word_1_302' title='bbox 1971 4158 2036 4212; x_wconf 86' lang='lat' dir='ltr'>N.</span> <span class='ocrx_word' id='word_1_303' title='bbox 2063 4162 2222 4225; x_wconf 82' lang='lat'>4551)</span> <span class='ocrx_word' id='word_1_304' title='bbox 2253 4155 2322 4212; x_wconf 84' lang='lat' dir='ltr'>cf.</span> <span class='ocrx_word' id='word_1_305' title='bbox 2350 4152 2573 4212; x_wconf 76' lang='lat' dir='ltr'>Henzeu</span> <span class='ocrx_word' id='word_1_306' title='bbox 2603 4160 2755 4211; x_wconf 79' lang='lat'>6771.</span> 
     </span>
     <span class='ocr_line' id='line_1_38' title="bbox 511 4244 2241 4313; baseline -0.001 -15"><span class='ocrx_word' id='word_1_307' title='bbox 511 4246 883 4309; x_wconf 83' lang='lat' dir='ltr'>„trecenarius</span> <span class='ocrx_word' id='word_1_308' title='bbox 910 4288 920 4298; x_wconf 95' lang='lat'>.</span> <span class='ocrx_word' id='word_1_309' title='bbox 950 4287 960 4298; x_wconf 96' lang='lat'>.</span> <span class='ocrx_word' id='word_1_310' title='bbox 989 4244 1147 4299; x_wconf 86' lang='lat' dir='ltr'>hasta</span> <span class='ocrx_word' id='word_1_311' title='bbox 1184 4262 1321 4313; x_wconf 86' lang='lat' dir='ltr'>pura</span> <span class='ocrx_word' id='word_1_312' title='bbox 1348 4287 1359 4299; x_wconf 92' lang='lat'>.</span> <span class='ocrx_word' id='word_1_313' title='bbox 1386 4285 1398 4299; x_wconf 92' lang='lat'>.</span> <span class='ocrx_word' id='word_1_314' title='bbox 1427 4287 1439 4299; x_wconf 86' lang='lat'>.</span> <span class='ocrx_word' id='word_1_315' title='bbox 1467 4245 1809 4313; x_wconf 85' lang='lat' dir='ltr'>primipilari.</span> <span class='ocrx_word' id='word_1_316' title='bbox 1883 4245 2053 4299; x_wconf 84' lang='lat' dir='ltr'>Henz.</span> <span class='ocrx_word' id='word_1_317' title='bbox 2091 4248 2241 4298; x_wconf 78' lang='lat'>3488.</span> 
     </span>
    </p>
   </div>
  </div>
 </body>
</html>
