3166 4871
2508 285 2634 348 319

390 467 481 522 est
525 462 662 538 alia,
707 481 828 540 qua
872 466 931 520 ct
975 461 1218 535 quidem
1263 460 1431 520 nulla
1476 461 1688 520 vocula
1725 461 2076 537 interposita
2105 465 2430 537 ponuntur,
2477 480 2632 537 quae

390 566 470 624 ibi
520 565 713 625 locum
762 564 973 635 habet,
1035 563 1132 623 nbi
1176 563 1251 623 ad
1299 563 1558 641 aliquam
1606 582 1732 622 rem
1781 561 2103 639 descriptio
2148 563 2488 623 accuratior
2530 563 2631 622 ad·

389 666 568 742 ditur,
612 672 681 725 ut
725 685 774 725 c.
804 670 888 727 40
932 669 1054 737 (44,
1089 668 1155 725 6;
1201 681 1372 739 aper,
1402 670 1459 725 ct
1489 665 1724 739 quidem
1744 666 2064 739 pilleatus)
2112 670 2171 724 et
2212 684 2261 723 c.
2293 668 2372 725 59
2405 658 2536 741 (71,
2568 670 2632 725 2:

388 769 646 840 vitalem,
713 772 772 826 et
831 768 1065 841 quidem
1121 766 1442 841 yaleatus).
1544 785 1733 844 quare
1792 767 1964 826 etiam
2029 785 2078 826 c.
2111 770 2189 827 27
2239 764 2364 844 (29,
2394 764 2458 839 8)
2504 765 2632 826 sine

389 870 568 931 dubio
614 889 747 931 cum
778 869 1151 930 Buechelero
1184 869 1557 929 scribendum
1592 876 1712 929 est:
1757 876 1815 928 cl
1845 870 2086 943 quidem
2115 870 2234 929 iam
2255 870 2632 943 principium

388 989 577 1033 cenae
619 972 852 1032 videtis.

562 1073 791 1135 Deinde
836 1076 1010 1136 etiam
1057 1076 1116 1135 in
1164 1074 1733 1150 interrogationibus
1762 1080 1822 1133 et
1851 1075 2388 1134 exclamationibus
2420 1074 2632 1133 miran-

390 1178 547 1237 tibus
607 1178 705 1237 vel
748 1176 1202 1255 indignantibus
1248 1184 1305 1235 ct
1349 1195 1532 1255 saepe
1578 1181 1922 1254 usurpatur.
2011 1176 2088 1236 cf.
2131 1196 2182 1236 c.
2228 1181 2306 1238 37
2354 1174 2479 1249 (39,
2513 1173 2636 1251 18),

389 1283 470 1341 43
517 1278 643 1356 (48,
674 1276 753 1350 3),
799 1282 874 1341 81
927 1278 1052 1356 (96,
1082 1278 1166 1356 8),
1213 1283 1290 1341 96
1339 1277 1507 1355 (116,
1542 1277 1664 1354 13),
1710 1283 1789 1340 66
1835 1278 1959 1350 (79,
1993 1276 2083 1351 6);
2139 1283 2220 1340 38
2265 1277 2391 1353 (42,
2421 1275 2504 1355 8),
2548 1283 2628 1339 42

390 1385 681 1459 (46‚10)‚
733 1385 816 1443 44
862 1380 1153 1459 (48,11),
1209 1386 1292 1443 44
1338 1379 1461 1454 (49,
1493 1381 1590 1454 8),
1636 1386 1716 1443 56
1763 1380 1886 1459 (65,
1921 1379 2017 1459 7),
2065 1386 2143 1443 74
2190 1381 2314 1457 (88,
2348 1379 2469 1454 15).
2557 1381 2632 1441 cf.

389 1484 584 1545 [land.
630 1485 689 1544 11
735 1488 878 1562 492,
912 1489 988 1546 13
1036 1491 1095 1544 et
1135 1488 1280 1561 493,
1313 1488 1408 1546 15.
1498 1486 1782 1562 Draeger.
1827 1484 1864 1555 ἓ
1897 1489 2038 1555 311,
2075 1489 2170 1545 11.
2238 1484 2544 1545 Kueliner.
2574 1485 2632 1544 11

388 1586 425 1657 ἓ
459 1590 596 1657 151,
628 1590 685 1649 8.
727 1618 811 1627 -
855 1605 1285 1664 nonnunquam
1331 1587 1722 1664 parentheses
1767 1606 2012 1664 quoque
2057 1588 2132 1647 ab
2178 1589 2290 1648 hac
2335 1588 2632 1665 particula

388 1690 698 1766 incipiunt.
765 1689 840 1748 cf.
887 1708 934 1748 c.
968 1693 1047 1751 76
1093 1682 1224 1767 (90,
1258 1686 1340 1767 9),
1385 1694 1467 1752 64
1497 1688 1623 1762 (76,
1655 1694 1727 1768 5,
1784 1691 1881 1750 ubi
1927 1688 2269 1749 Schefferus
2316 1707 2627 1766 perperam

388 1796 453 1850 at
496 1810 560 1853 se
605 1791 909 1869 praeferre
955 1791 1112 1851 dicit.
1176 1797 1340 1852 recte
1382 1792 1497 1851 iam
1543 1792 1871 1870 explicavit
1899 1791 2298 1852 Hadrianidcs
2328 1811 2437 1869 per
2471 1807 2632 1864 nam,

388 1895 549 1967 quia.
636 1893 710 1953 cf.
754 1893 845 1953 ed.
890 1895 1087 1953 Burm.
1133 1913 1193 1971 p.
1221 1890 1391 1971 420),
1436 1897 1518 1955 50
1562 1895 1685 1967 (57,
1722 1891 1842 1966 14).
1931 1894 2002 1953 cf.
2042 1893 2501 1965 Hand.11492‚
2536 1897 2631 1955 12.

387 1996 677 2071 Draeger.
719 1996 754 2066 ἓ
785 1994 927 2067 311,
958 2000 1013 2057 8.

559 2114 834 2174 Handius
879 2113 1136 2188 (11493,
1186 2120 1287 2185 16)
1334 2116 1510 2176 docet
1554 2117 1923 2192 antiquiores
1968 2097 2049 2175 et>
2082 2116 2444 2175 recentiores
2489 2115 2631 2175 scri·

388 2224 629 2295 ptores,
686 2217 841 2277 sicut
883 2217 1239 2296 Apuleium,
1296 2218 1493 2278 dicere
1554 2218 1760 2277 solitos
1823 2236 1956 2278 esse
2017 2223 2073 2277 et
2141 2234 2295 2277 cccc.
2401 2217 2633 2277 dubitat

386 2326 619 2397 tamen,
679 2337 819 2378 num
877 2320 1054 2379 etiam
1101 2319 1375 2380 meliores
1419 2321 1748 2397 scriptores
1793 2319 2022 2379 mediae
2067 2320 2279 2380 aetatis
2322 2319 2405 2379 ita
2449 2319 2631 2379 locuti

388 2423 522 2482 sint.
595 2421 755 2500 apud
787 2422 1134 2483 Petronium
1183 2424 1331 2483 haec
1378 2421 1632 2483 formula
1676 2427 1890 2500 quater
1921 2423 2159 2502 legitur,
2204 2443 2252 2482 c.
2281 2426 2366 2484 40
2395 2421 2520 2500 (44,
2551 2421 2631 2496 3),

388 2530 469 2586 45
518 2524 641 2599 (50,
677 2523 810 2602 13),
856 2530 934 2588 66
983 2524 1106 2599 (79,
1143 2523 1219 2598 1),
1268 2530 1346 2587 76
1394 2525 1518 2600 (90,
1552 2529 1642 2605 6),
1685 2527 1793 2587 sed
1840 2532 2094 2604 excepto
2141 2546 2212 2587 co
2259 2528 2410 2604 loco,
2452 2545 2628 2604 quem

389 2629 642 2705 primum
691 2629 1173 2706 commemoravi,
1218 2647 1423 2689 omnes
1466 2629 1524 2688 in
1573 2629 1986 2690 libertinorum
2035 2630 2288 2706 dialogis
2333 2630 2632 2706 leguntur.

389 2731 694 2791 invenitur
738 2736 931 2792 autem
980 2732 1128 2792 haec
1170 2731 1431 2791 formula
1476 2734 1654 2792 etiam
1701 2733 1860 2809 apud
1905 2732 2253 2793 Varronem.

560 2834 860 2912 Denique,
920 2840 987 2894 ut
1031 2836 1144 2894 hoc
1190 2853 1311 2895 uno
1356 2835 1541 2896 verbo
1587 2839 1861 2913 tangam,
1922 2836 2242 2895 Petronius
2285 2836 2629 2913 saepissime

388 2937 576 2995 verba
632 2934 884 2996 alicuius
939 2935 1202 2996 adnectit
1245 2936 1321 2995 ad
1367 2937 1627 3014 priorem
1674 2937 2028 2996 sententiam
2076 2955 2185 3015 per
2230 2942 2288 2995 ct
2335 2979 2391 2995 ..
2435 2937 2629 3010 inquit

389 3039 508 3097 alia
553 3039 901 3099 huiusmodi.
966 3040 1049 3099 ita
1093 3043 1174 3100 83
1220 3039 1367 3099 locis
1411 3039 1617 3101 notavi
1660 3043 1719 3098 ct
1764 3083 1815 3096 ..
1865 3040 2075 3117 inquit,
2119 3044 2157 3100 3
2203 3043 2260 3098 ct
2304 3083 2356 3097 ..
2401 3040 2493 3097 ait
2536 3039 2632 3099 vel

388 3141 606 3214 aicbat,
647 3143 687 3201 4
734 3147 795 3201 et
838 3185 851 3198 .
880 3186 893 3200 .
942 3140 1360 3202 conclamabat
1403 3142 1499 3202 vel
1536 3140 1979 3217 proclamabat.
2000 3137 2074 3214 Π)

566 3408 629 3472 ¹⁷)
681 3405 833 3470 Quae
868 3421 990 3459 cum
1028 3405 1106 3459 ita
1141 3404 1273 3473 sint,
1308 3405 1532 3460 minime
1569 3405 1796 3474 dubito,
1851 3405 1984 3476 quin
2021 3406 2188 3459 etiam
2226 3421 2275 3459 c.
2309 3411 2341 3458 9
2394 3409 2504 3474 (12,
2547 3410 2631 3473 10)

387 3489 776 3559 corrigendum
826 3490 924 3545 sit:
1001 3490 1258 3545 clamavit
1292 3497 1377 3546 et:
1449 3508 1593 3554 „non
1631 3496 1815 3546 taces-‘⁶
1853 3491 2052 3562 inquit,
2102 3497 2160 3545 et
2192 3506 2237 3545 c.
2275 3496 2331 3544 41
2393 3495 2500 3558 (45,
2543 3497 2628 3545 12:

394 3575 730 3630 Trimalchio
766 3592 974 3630 rursus
1010 3575 1215 3631 adiecit
1249 3583 1329 3631 ct:
1391 3593 1537 3637 ..non
1573 3577 1848 3648 ueqabitis
1884 3585 2000 3632 me“
2049 3577 2229 3648 inquit
2263 3576 2504 3636 ..habere
2540 3578 2628 3632 Le·-

386 3660 576 3715 berum
610 3664 919 3731 patrcm“)‚
973 3658 1045 3714 cf.
1081 3677 1127 3715 c.
1155 3664 1218 3715 68
1265 3663 1375 3729 (81,
1420 3666 1504 3715 1οε
1560 3662 1756 3717 lassus
1802 3666 1984 3717 tamen
2031 3677 2155 3716 cum
2189 3661 2499 3732 aliquando
2536 3662 2628 3716 dc·

388 3743 560 3799 sisset
572 3786 587 3810 ,
632 3744 837 3800 adiecit
870 3744 1167 3801 Habinnas
1203 3751 1284 3801 ct:
1342 3753 1693 3816 „nunquam“
1730 3747 1926 3818 inquit,
1963 3746 2264 3814 ‚,didicit“).
2330 3762 2456 3800 nam
2492 3746 2632 3816 quin

387 3845 513 3884 cum
548 3829 889 3886 Buechelero
933 3847 1220 3902 nunquam
1272 3832 1454 3902 inquit
1488 3848 1593 3901 pro
1641 3833 1911 3903 numquid
1953 3833 2310 3887 scribendum
2358 3832 2463 3896 sit,
2516 3848 2626 3886 non

387 3915 604 3984 dubito,
641 3931 787 3984 quae
822 3923 1004 3971 autem
1042 3923 1331 3986 praeterea
1366 3916 1747 3972 Buechelerus
1783 3923 1843 3972 et
1876 3917 2191 3972 Strelitzius
2225 3920 2306 3986 (p.
2343 3921 2469 3984 631)
2514 3933 2628 3971 mu-

387 4006 667 4067 taverunt,
703 4017 1126 4070 supervacanea
1161 4009 1308 4057 sunt.
1377 4003 1557 4073 inquit
1593 4003 1732 4057 enim
1760 4002 1988 4072 saepius
2011 4003 2363 4057 abundanter
2385 4002 2630 4069 additur,

387 4084 459 4139 cf.
495 4102 543 4140 c.
587 4090 680 4140 116
715 4090 855 4156 (148,
889 4092 986 4155 17).
1041 4094 1284 4143 ceterum
1323 4086 1485 4142 etiam
1523 4087 1735 4143 Seneca
1769 4087 1909 4141 hanc
1944 4088 2236 4143 formulam
2271 4104 2440 4157 saepe
2476 4088 2631 4142 vide-

386 4177 481 4224 tur
515 4186 834 4240 usurpasse,
870 4172 928 4225 in
953 4172 1234 4241 apocoloc.
1260 4172 1407 4226 enim
1444 4179 1476 4226 6
1500 4172 1639 4227 locis
1673 4173 1862 4227 notavi
1899 4177 1955 4227 ct
1987 4173 2066 4228 ait
2101 4173 2191 4227 vel
2220 4172 2422 4239 aiebat,
2459 4173 2630 4228 semel

388 4263 442 4310 ct
477 4296 490 4310 .
529 4297 541 4310 .
577 4257 771 4327 iuquit.
809 4258 910 4312 sed
944 4257 1161 4312 Seneca
1194 4259 1276 4314 ait
1308 4259 1400 4313 vel
1434 4257 1623 4314 aiebat
1660 4273 1878 4328 semper
1912 4265 2042 4313 aute
2076 4258 2296 4313 initium
2333 4258 2630 4313 verborum
