3166 4871
540 305 664 367 430

708 476 774 552 8)
820 522 1062 542 ......
1104 478 1294 556 praef.
1337 478 1649 553 ve(hicnl.)
1695 498 1858 557 proc.
1903 480 2007 540 lud
2055 499 2166 541 ma.
2209 498 2373 557 proc.
2412 480 2604 541 Lusit.
2648 479 2785 540 trib.

538 625 552 641 .
585 625 598 640 .
630 627 646 642 .
676 627 690 643 .
732 602 792 661 p.
836 602 896 661 p.
939 582 1075 642 duci
1119 582 1232 659 leg.
1279 579 1485 656 Dac.⁸)
1548 583 1769 643 cornic.
1824 583 2016 661 praes.
2074 583 2340 657 (Romae.
2384 582 2580 643 deser.
2625 584 2785 643 Hen-

431 655 443 666 ”
540 704 668 746 zen.
744 685 973 747 c.1.1,.
1019 687 1119 746 VL
1179 682 1386 758 1645).

710 785 776 862 9)
820 790 893 849 D.
924 789 1002 849 M.
1040 788 1110 849 L.
1156 788 1384 849 Comini
1431 788 1672 850 Maximi
1720 807 1778 866 p.
1810 807 1866 865 p.
1912 789 2002 849 bis
2033 791 2339 865 procurat.
2389 789 2467 850 M.
2497 787 2782 848 Antonini

539 889 698 968 Aug.
741 889 933 969 praef.
966 891 1082 967 leg.
1112 890 1170 949 11
1203 932 1218 948 .
1249 936 1263 950 .
1296 890 1341 952 C
1374 890 1419 951 O
1452 890 1590 950 trib.
1631 921 1720 930 -
1764 894 2012 951 evocato
2056 921 2142 933 —
2185 889 2565 952 beneficiario
2601 888 2785 967 praef.

539 996 730 1071 praet.
787 990 1057 1066 (Tibure.
1100 992 1345 1053 Henzen
1397 989 1605 1064 3444.)

715 1093 819 1168 10)
863 1097 942 1155 Μ.
999 1093 1210 1172 Apicio
1254 1139 1270 1154 .
1300 1138 1316 1155 .
1358 1095 1566 1155 Trioni
1625 1113 1681 1172 p.
1727 1114 1787 1173 p.
1845 1124 1932 1135 —
1993 1094 2182 1172 praef.
2251 1095 2367 1172 leg.
2422 1095 2565 1154 XIII
2625 1094 2789 1155 Gem.

541 1190 582 1256 7
629 1198 748 1275 leg.
790 1198 900 1258 XV
945 1227 1029 1238 —
1075 1215 1240 1258 evoc.
1285 1195 1371 1271 (in
1419 1215 1564 1273 agro
1611 1198 1962 1257 Ravennati.
2027 1198 2272 1257 Henzen
2320 1199 2530 1268 3464).

716 1297 822 1374 11)
885 1297 1199 1376 O.·Snlgio
1245 1299 1583 1361 Caeciliano
1647 1300 1834 1377 praef.
1881 1301 1996 1377 leg.
2042 1300 2134 1360 111
2179 1300 2396 1379 Cyren.
2440 1292 2481 1358 7
2525 1300 2639 1377 leg.
2685 1300 2790 1359 111.

544 1403 776 1481 optioni
834 1404 1287 1481 peregrinorum
1354 1407 1414 1463 et
1472 1403 1857 1462 exercitatori
1927 1402 2169 1462 militum
2246 1402 2786 1463 frumentariorum.

546 1505 663 1579 (Ex
708 1504 916 1565 Africa
964 1504 1326 1565 Florentiam
1375 1504 1682 1565 advectus.
1773 1506 2019 1566 Henzen
2070 1508 2253 1566 6871.
2299 1505 2492 1565 Wilm.
2542 1502 2747 1576 1689.)

720 1604 825 1680 12)
884 1609 961 1666 M.
1006 1608 1206 1668 Vettio
1254 1651 1269 1667 .
1299 1648 1313 1664 .
1344 1652 1359 1668 .
1404 1608 1638 1667 Valenti
1698 1608 1815 1667 mil.
1861 1609 1991 1668 coh.
2035 1609 2176 1667 VIII
2220 1608 2318 1667 Pr.
2365 1607 2560 1667 benef.
2605 1605 2793 1684 praef.

544 1729 635 1789 pr.
678 1752 694 1769 .
724 1754 741 1770 .
788 1715 1037 1771 evocato
1083 1710 1238 1788 Aug.
1283 1753 1298 1769 .
1328 1754 1343 1770 .
1387 1702 1428 1768 7
1476 1708 1742 1786 (quater)
1787 1710 2165 1771 exercitatori
2211 1702 2252 1768 7
2295 1711 2408 1787 leg.
2453 1710 2595 1770 XIII
2627 1709 2789 1770 Gem.

546 1832 622 1874 ex
684 1817 830 1873 trec.
890 1813 1006 1890 leg.
1053 1814 1133 1874 VI
1180 1856 1240 1873 ..
1287 1812 1461 1872 donis
1520 1812 1744 1872 donato
1791 1858 1848 1873 ..
1894 1812 2028 1873 trib.
2087 1812 2219 1873 coh.
2273 1814 2387 1889 vig.
2433 1812 2559 1872 nrb.
2604 1814 2791 1889 praet.

550 1911 854 1993 leg(ionis)
899 1934 1061 1993 proc.
1107 1934 1275 1993 prov.
1321 1915 1596 1975 Lusitan.
1642 1912 1935 1987 (Arimini.
1981 1916 2230 1976 Henzen
2279 1912 2489 1988 6767).

720 2105 887 2165 Haec
936 2107 1076 2164 sunt
1133 2103 1405 2181 exempla
1464 2121 1687 2174 eorum,
1747 2103 1849 2181 qui
1910 2121 1947 2162 a
1993 2103 2189 2178 caliga
2245 2102 2321 2162 ad
2367 2102 2787 2181 primipilatum

551 2208 649 2268 vel
696 2207 874 2267 altius
918 2187 1358 2284 pervenerunt3
1421 2206 1784 2267 concludere
1845 2206 1987 2266 licet
2031 2225 2104 2266 ex
2150 2206 2252 2284 iis,
2307 2205 2543 2266 duobus
2588 2205 2792 2282 primis

553 2314 691 2388 post
764 2309 1064 2370 Christum
1150 2308 1403 2368 saeculis
1486 2308 1701 2369 milites
1784 2310 2056 2385 gregales
2134 2308 2261 2368 fere
2334 2326 2640 2385 nunquam
2713 2307 2790 2366 ad

551 2416 861 2502 equestres
922 2411 1245 2490 dignitates
1304 2416 1545 2472 evectos
1590 2428 1752 2488 esse,
1796 2412 1971 2472 immo
2032 2429 2176 2471 vero
2233 2428 2334 2473 eos
2379 2429 2639 2490 quoque,
2687 2409 2788 2488 qui

547 2517 802 2576 maxime
834 2516 1057 2574 virtute
1087 2515 1387 2591 florerent,
1426 2514 1878 2591 primipilarium
1913 2514 2204 2590 dignitate
2236 2517 2549 2574 contentos
2578 2513 2791 2583 suisse;

548 2637 683 2679 nam
731 2636 807 2677 ex
851 2617 1123 2676 omnibus
1167 2617 1356 2677 titulis
1403 2635 1450 2676 s.
1494 2634 1542 2675 s.
1588 2618 1856 2693 quinque
1902 2616 2162 2690 (8-12)
2211 2635 2452 2676 cursum
2497 2616 2790 2676 honorum

545 2738 730 2796 supra
772 2720 1196 2796 primipilatum
1245 2719 1671 2779 ascendentem
1718 2719 2020 2795 exhibent,
2065 2737 2318 2796 quorum
2364 2721 2485 2779 tres
2529 2714 2791 2791 (9—11)

545 2825 794 2900 propter
840 2821 1209 2898 praefectum
1255 2822 1513 2898 legionis
1560 2822 1738 2882 tertio
1785 2822 2029 2882 saeculo
2073 2820 2373 2881 tribuendi
2418 2825 2586 2895 sunt,
2630 2819 2705 2879 ad
2752 2823 2791 2880 8

548 2943 694 2986 vero
727 2923 936 2984 dubito
966 2943 1042 2983 an
1098 2924 1570 2995 „cornicularius
1601 2924 2039 3001 praefectorum
2066 2923 2410 3001 praetorio“
2458 2926 2524 2982 ut
2552 2924 2793 2999 saepius

547 3027 934 3087 centuriones
980 3045 1053 3086 ex
1100 3027 1298 3104 equite
1343 3027 1618 3087 Romano
1663 3026 1864 3087 factus
1917 3027 2022 3103 sit,
2081 3031 2148 3087 ut
2208 3044 2363 3086 unus
2422 3025 2796 3103 relinquatur

544 3130 780 3189 Vettius
847 3129 1103 3205 Valens,
1168 3129 1270 3205 qui
1335 3147 1367 3188 e
1433 3129 1637 3189 labore
1698 3129 1985 3190 castrensi
2048 3128 2125 3188 ad
2184 3129 2425 3188 militias
2482 3132 2793 3204 equestres

544 3235 936 3310 provenerat3
1008 3232 1195 3308 isque,
1245 3234 1307 3291 ut
1352 3249 1537 3309 supra
1580 3230 1865 3303 vidimus,
1930 3232 2169 3290 omnino
2215 3230 2503 3307 singulari
2551 3248 2794 3307 progre-

547 3333 748 3394 diendi
793 3334 1029 3394 ratione
1074 3350 1222 3392 usus
1271 3337 1375 3393 est.

719 3452 889 3526 Quae
947 3470 1078 3511 cum
1126 3452 1207 3512 ita
1269 3453 1417 3523 sint,
1489 3452 1801 3512 evidenter
1846 3451 2300 3528 comprobatum
2345 3450 2586 3511 videtur
2630 3449 2795 3528 illud,

547 3553 710 3633 quod
757 3572 941 3630 supra
982 3555 1431 3632 proposuimus:
1474 3556 1696 3615 Eorum
1745 3556 2180 3629 centurionum,
2225 3555 2326 3631 qui
2371 3572 2560 3632 supra
2587 3554 2796 3631 primi-

549 3657 800 3734 pilatum
849 3655 1266 3727 ascenderent,
1321 3657 1504 3716 multo
1549 3657 1842 3733 plurimos
1888 3657 2151 3733 equestri
2195 3656 2328 3716 loco
2375 3661 2547 3716 natos
2592 3655 2796 3715 fuisse.

546 3759 763 3836 Neque
808 3763 1007 3818 tamen
1041 3775 1270 3835 vereor,
1301 3777 1378 3818 ne
1410 3758 1544 3834 quis
1577 3776 1652 3817 ex
1686 3758 1775 3817 his
1819 3758 2075 3834 colligat,
2120 3774 2324 3817 omnes
2372 3758 2795 3828 „centuriones

547 3878 621 3920 ex
681 3860 883 3937 equite
939 3858 1247 3919 Romano“
1318 3860 1659 3920 necessario
1707 3861 1961 3937 amplius
2007 3864 2310 3936 promotos
2356 3877 2505 3919 esse.
2592 3856 2795 3919 Solum

546 3961 604 4022 id
650 3966 815 4022 recte
858 3979 932 4021 ex
987 3961 1106 4021 illis
1155 3959 1568 4039 concluditur,
1626 3961 1983 4038 hominibus,
2028 3963 2133 4039 qui
2195 3960 2271 4020 ad
2318 3959 2615 4038 stipendia
2659 3978 2797 4020 cen-

719 4195 762 4258 ³)
801 4192 958 4246 ducis
996 4191 1236 4260 legionis
1274 4206 1497 4255 munus,
1533 4198 1664 4246 ante
1700 4191 2097 4260 primipilatum
2135 4191 2592 4259 administratum,
2630 4192 2796 4258 quale

547 4276 733 4343 fuerit,
769 4276 917 4330 baud
955 4276 1249 4345 perspicio.
