3166 4871
1056 304 1140 368 De
1174 312 1378 367 nomin.
1411 310 1472 365 in
1505 326 1669 375 -αιος,
1740 313 1774 377 s
1814 315 1858 364 l.
2539 300 2578 375 3⁸

344 513 429 571 sq.
514 494 705 553 Multo
753 491 947 569 major
989 492 1047 551 in
1093 491 1283 563 titulis
1313 490 1679 551 Thessalicis
1723 494 1818 549 est
1861 505 2145 549 numerus
2187 506 2393 549 eorum
2423 507 2580 565 quae

344 599 403 655 in
463 611 606 665 αιος
665 595 984 670 desinunt,
1061 594 1313 653 maxime
1373 589 1922 668 patronymicorum
1986 595 2054 651 nt
2109 588 2582 666 Παυσανιαῖος,

344 691 785 775 Πυρριὸαῑος,
829 679 1286 767 Εὐκλειδαῖος,
1321 682 1626 773 Ἑρμαῖος
1683 694 1760 752 al.
1815 711 1911 769 ap.
1956 693 2103 752 Ahr.
2146 694 2293 753 Dor.
2336 713 2395 770 p.
2441 692 2584 775 535,

347 804 408 859 et
458 817 789 877 permagna
843 796 1162 858 multitudo
1224 791 1286 856 fn
1348 797 1527 856 inscr.
1572 795 1888 857 Pharsalia
1945 795 2169 872 publici
2218 796 2378 873 juris
2421 796 2584 859 facta

346 902 422 962 ab
466 902 748 978 Heuzey,
805 919 943 959 ann.
987 899 1063 960 de
1107 900 1342 959 l’assoc.
1399 916 1554 975 pour
1614 898 2158 973 l'encouragement
2209 897 2316 958 des
2375 901 2585 961 etudes

347 1004 657 1079 Grecqnes
708 998 871 1060 1869
916 1021 974 1079 p.
1023 997 1375 1059 114-123,
1462 1001 1554 1060 Ac
1599 1000 1698 1060 vel
1739 1000 2035 1060 vocabula
2078 1000 2153 1060 ab
2199 1000 2293 1060 his
2336 1003 2584 1063 nomini·

348 1106 459 1166 bus
502 1105 797 1181 derivata,
860 1103 922 1163 in
989 1103 1206 1181 quibus
1274 1103 1454 1162 ceteri
1515 1101 1643 1161 fere
1689 1101 1905 1162 Graeci
1966 1103 2168 1162 solent
2224 1101 2585 1183 diphthongi
2629 1146 2632 1149 -

347 1225 417 1266 αι
476 1207 697 1267 elidere
748 1208 868 1266 iota
925 1210 1064 1265 ante
1120 1206 1596 1265 terminationem
1642 1203 2067 1280 derivativam,
2127 1205 2188 1263 in
2233 1206 2587 1267 Thessalica

345 1311 546 1371 solent
588 1309 852 1369 retinere
912 1326 965 1386 ι,
1026 1306 1100 1366 cf.
1164 1307 1226 1366 in
1286 1308 1461 1367 inser.
1516 1306 1726 1366 Phars.
1788 1300 2173 1376 Γενναίειος
2231 1327 2286 1367 V.
2333 1304 2432 1368 32.
2489 1306 2588 1371 33.

348 1406 681 1481 Δικαίειος
725 1429 782 1470 v.
807 1405 907 1468 28.
939 1396 1311 1478 Ἶστιαίειος
1357 1406 1455 1467 45.
1500 1402 1893 1486 Περραὶειος
1938 1404 2037 1467 48.
2081 1405 2180 1468 49.
2269 1409 2359 1471 cf.
2403 1431 2459 1470 v.
2502 1409 2585 1469 46

352 1498 716 1586 Εὕβοὶειος.
761 1543 845 1552 -
889 1511 1076 1572 Nulla
1120 1511 1385 1571 elisionis
1428 1510 1706 1588 exempla
1748 1510 1952 1569 inveni
1996 1511 2056 1569 in
2103 1510 2373 1572 dialectis
2403 1513 2587 1573 Pho·

350 1617 539 1693 cica,
581 1615 921 1691 Locrica,
964 1611 1345 1689 Arcadica,
1391 1612 1793 1689 Cypriam,
1853 1612 2032 1671 Elea
2096 1614 2232 1677 (nisi
2278 1618 2588 1691 exceperis

337 1705 719 1795 ‘praotocg
757 1719 820 1776 iu
868 1716 1026 1776 foed.
1068 1716 1350 1776 Eleorum
1395 1712 1457 1775 et'
1485 1714 1881 1775 Heraensium
1910 1714 2005 1775 01.
2056 1712 2125 1772 11
2163 1739 2246 1761 --
2266 1702 2590 1795 Ἡραεῑοις

350 1844 436 1866 =
479 1824 584 1879 att.
615 1806 989 1896 Ἡραιεῦσι).
1077 1819 1493 1878 Dorienses
1538 1833 1596 1875 ει
1656 1819 1886 1876 tantum
1931 1820 1991 1876 et
2035 1833 2101 1875 οι
2133 1817 2414 1879 videntur
2462 1839 2589 1881 cor·

352 1922 609 1997 ripuisse
666 1921 729 1979 in
774 1937 804 1977 ε
851 1924 913 1979 et
955 1935 1022 1997 o,
1087 1919 1148 1978 in
1212 1936 1280 1976 αι
1340 1918 1656 1979 retinuisse
1714 1920 1852 1977 iota.
1956 1918 2287 1980 Ahrensius
2353 1922 2589 1997 quidem

353 2043 413 2101 p.
468 2018 586 2079 188
633 2040 814 2083 unum
862 2021 1197 2098 exemplum
1254 2023 1379 2081 iota
1441 2021 1641 2080 omissi
1698 2021 1874 2078 affert
1933 2003 2086 2077 dei«
2141 2021 2261 2081 Sed
2319 2022 2392 2081 cf.
2432 2012 2593 2100 χαός

354 2132 419 2187 ct
464 2121 664 2195 λᾶον,
732 2122 806 2183 de
859 2123 1079 2199 quibus
1144 2121 1301 2182 infra
1360 2121 1700 2181 accuratius
1764 2124 1993 2196 agetur.
2038 2151 2121 2161 —
2177 2123 2453 2201 Denique
2499 2126 2593 2185 vel

352 2230 500 2304 Ias,
558 2243 712 2302 quae
766 2244 880 2303 pro
940 2241 1074 2295 ειος
1138 2232 1199 2285 et
1258 2242 1359 2284 εια
1417 2224 1611 2284 atticis
1668 2224 2008 2283 sexcenties
2063 2224 2305 2285 exhibet
2366 2243 2474 2297 εος
2519 2244 2595 2286 εα

356 2330 639 2393 (Brsdow
682 2327 818 2387 dial.
862 2327 1086 2387 Herod.
1131 2346 1187 2403 p.
1240 2324 1357 2383 154
1402 2323 1594 2403 sqq.),
1638 2344 1712 2385 ex
1757 2343 1824 2384 αι
1870 2326 2243 2403 diphthongo
2290 2346 2594 2405 nunqnam

360 2452 385 2490 ι
431 2431 698 2509 expellit,
742 2449 821 2491 ne
865 2434 1005 2491 ante
1050 2430 1227 2490 aliam
1275 2429 1515 2507 quidem
1560 2429 2054 2508 terminationem,
2097 2429 2242 2490 dicit
2284 2432 2442 2491 enim
2473 2450 2594 2492 non

361 2523 686 2602 Φωκαεύς
730 2534 838 2594 scd
886 2521 1273 2604 Φωκαιεύς,
1339 2551 1460 2593 non
1491 2515 1702 2610 ᾍχαΐη
1748 2531 1855 2591 sed
1891 2515 2132 2611 Ἀχαιΐη
2179 2533 2254 2592 al.
2300 2532 2597 2606 (Bredow.

358 2657 418 2713 p.
471 2634 590 2693 140
635 2637 763 2714 sq.).

533 2732 599 2798 2.
670 2736 790 2799 Sed
836 2736 1125 2798 Atthidi
1179 2737 1345 2796 illam
1390 2736 1747 2813 diphthongi
1792 2754 1862 2794 αι
1928 2739 2318 2798 mutationem
2360 2740 2422 2798 in
2469 2741 2597 2817 qui-

360 2840 615 2900 busdam
658 2839 907 2901 vocibus
951 2856 1082 2899 esse
1130 2840 1437 2915 usitatam,
1481 2842 1689 2899 notum
1748 2843 1856 2899 est.
1943 2838 2078 2913 Qua
2137 2840 2211 2899 de
2271 2859 2337 2900 re
2391 2859 2596 2902 recen-

360 2945 519 3004 tiore
576 2947 842 3018 tempore
887 2942 1091 3017 plures
1133 2940 1247 3000 viri
1305 2941 1467 3001 docti
1510 2945 1794 3018 egerunt,
1857 2940 2169 3002 Wecklein
2216 2941 2356 3002 Gur.
2397 2944 2603 3020 Epigr.

364 3065 421 3122 p.
452 3041 526 3102 12
546 3062 677 3121 sqq.
735 3043 941 3120 Gerth,
984 3043 1060 3103 dc
1091 3061 1180 3119 gr.
1213 3047 1362 3118 trag.
1393 3043 1524 3102 dial.
1552 3043 1617 3101 in
1649 3043 1808 3103 Ourt.
1836 3044 2007 3103 Stud.
2036 3045 2083 3118 1,
2119 3040 2158 3099 2
2204 3063 2261 3120 p.
2295 3042 2416 3100 203
2449 3063 2604 3123 sqq.,

364 3147 602 3224 Hal-tel,
615 3148 787 3206 Hom.
800 3144 968 3205 Stud.
980 3145 1086 3223 III,
1101 3141 1248 3223 p.20
1266 3157 1416 3224 sq‘q„
1432 3147 1627 3206 Gauer
1643 3144 1718 3204 de
1738 3145 1878 3204 dial.
1889 3147 2011 3204 Att.
2028 3150 2247 3205 vetust.
2264 3145 2428 3206 Stud.
2443 3146 2607 3224 VIII,

365 3245 492 3306 267
515 3265 645 3324 sqq.
729 3250 942 3323 Itaque
974 3251 1039 3308 ut
1066 3266 1179 3325 pro
1209 3241 1385 3306 καίω
1414 3241 1634 3305 κλαίω
1652 3240 1868 3304 κναίω
1900 3235 2140 3320 αἰετός,
2167 3240 2293 3305 αἰεί
2325 3246 2607 3308 dixerunt
2661 3317 2666 3322 ,

366 3340 525 3410 κείω
576 3340 766 3408 κλάω
807 3338 999 3408 κνάω
1060 3333 1252 3418 ἀετός
1297 3333 1432 3420 ἀεί,
1494 3350 1581 3408 sic
1629 3350 1838 3421 etiam,
1901 3367 2034 3408 cum
2092 3350 2260 3425 prius
2318 3349 2609 3411 dixissent

369 3439 693 3532 Ἀθηναία
736 3450 1055 3529 (persaepe
1083 3453 1160 3511 ·in
1203 3453 1383 3511 inscr.
1429 3451 1677 3512 Euclide
1720 3451 2182 3531 vetustioribus,
2248 3456 2314 3512 ut
2359 3452 2509 3513 OIA.
2558 3449 2609 3529 1,

371 3552 476 3613 27.
550 3550 630 3612 32
675 3556 747 3632 Α,
809 3551 865 3613 3.
931 3552 1051 3612 15..
1098 3549 1189 3612 18.
1247 3549 1345 3611 28.
1412 3551 1520 3630 48,
1567 3552 1623 3613 5.
1670 3551 1769 3631 55,
1814 3572 1848 3613 e
1892 3549 1931 3609 2
1976 3560 2036 3614 et
2078 3555 2345 3631 saepius:
2433 3555 2609 3614 etiam

368 3656 711 3733 Aeschylus
754 3656 870 3716 hac
915 3655 1106 3716 forma
1152 3672 1296 3714 usus
1353 3661 1447 3714 cst
1490 3655 1659 3714 Eum.
1704 3650 1847 3713 288.
1892 3651 2034 3714 299.
2078 3653 2237 3732 614,
2295 3656 2422 3717 aliis
2463 3657 2611 3715 locis

370 3759 557 3819 habet
580 3744 863 3830 Ἀθάνα,
927 3775 1085 3834 quae
1126 3756 1319 3816 forma
1376 3756 1538 3832 apud
1582 3757 1763 3834 Soph.
1807 3761 1867 3816 et
1911 3758 2053 3816 Eur.
2098 3758 2230 3817 sola
2274 3757 2614 3836 reperitur),

372 3863 592 3937 postea
628 3845 969 3938 Άθηνάα
1013 3858 1161 3919 CIA.
1206 3854 1348 3935 351,
1393 3855 1448 3917 2.
1522 3857 1613 3918 ΟΙ.
1667 3856 1819 3935 150,
1863 3855 1934 3937 2,
1979 3859 2193 3918 dehinc
2237 3863 2612 3920 contractum

374 3948 643 4041 Ἀθηνᾶ,
688 3965 749 4020 et
793 3978 903 4038 pro
950 3961 1272 4021 vetustiore
1320 3952 1506 4017 ἐλαία
1550 3958 1731 4037 (quac
1774 3960 1967 4020 forma
2010 3978 2247 4037 semper
2290 3962 2454 4039 apud
2496 3966 2613 4020 tra-

368 4065 564 4142 gicos,
608 4081 666 4121 v.
708 4062 896 4123 Gerth
954 4082 1011 4140 p.
1055 4058 1197 4120 204.
1241 4057 1392 4139 208,
1459 4067 1518 4121 et
1577 4063 1645 4121 in
1712 4062 1926 4122 ceteris
1985 4062 2257 4122 dialectis
2316 4059 2615 4148 omnihus)

369 4160 399 4225 ἑ
420 4153 598 4224 ada.
690 4166 890 4239 Atqhe
955 4164 1016 4222 in
1082 4164 1292 4224 ceteris
1355 4163 1596 4240 quidem
1655 4164 1904 4223 vocibus
1964 4181 2118 4239 quae
2164 4180 2187 4219 ι
2243 4164 2444 4223 suffixi
2506 4175 2613 4218 αιο

368 4268 733 4342 omiserunt,
777 4283 818 4322 α
861 4264 1040 4324 breve
1085 4269 1176 4325 est
1235 4264 1337 4336 (cf.
1379 4265 1536 4323 infra
1580 4283 1627 4324 s.
1671 4284 1727 4324 v.
1770 4272 1959 4341 γαῖα,
2002 4269 2065 4324 et
2108 4264 2303 4323 Osuer
2349 4283 2405 4339 p.
2451 4257 2624 4339 269),
2728 4247 2736 4254 ’

2219 4384 2283 4442 ,.
