3166 4871
2551 330 2649 392 ,97

1467 497 1601 561 194.

585 614 856 695 Μοῖραν
896 611 1021 695 μὲν
1060 616 1420 697 θνητοῖσιν
1465 604 1805 698 ἀμήχανον
1851 611 2250 694 ἐξαλέασθαι
2311 586 2320 593 ,

580 706 668 800 ἣν
711 712 822 778 ἐπὶ
866 714 1306 798 γεινομένοισι
1351 711 1571 802 πατὴρ
1615 712 1777 793 Ζεὺς
1820 708 2223 801 ἐγγυάλιξεν.

1464 906 1488 965 1
1500 904 1600 969 95.

581 1009 805 1084 Ἐννέα
847 1015 974 1105 γὰρ
1021 1015 1173 1102 ζώει
1217 1016 1447 1104 γενεὰς
1489 1020 1820 1106 λακέρυζα
1864 1018 2135 1109 κορώνη

584 1110 855 1206 ἀνδρῶν
898 1118 1297 1207 γηρώντων·
1346 1121 1596 1203 ἔλαφος
1642 1123 1716 1189 δέ
1755 1148 1827 1188 τε
1875 1120 2396 1210 τετρακόρωνος.

1464 1312 1602 1375 196.

582 1417 791 1492 Αύδῶ
832 1418 1345 1512 Ἐρεχθείδαισιν
1388 1418 1533 1494 ὅσοι
1580 1429 1959 1505 Πανδίονος
2004 1423 2173 1495 ἄστυ

583 1527 801 1594 ναίετε
846 1531 959 1593 καὶ
1001 1530 1344 1612 πατρίοισι
1388 1522 1622 1614 νόμοις
1667 1521 1938 1595 ἰθύνεθ’
1984 1526 2241 1615 ἑορτάς,

576 1633 951 1717 μεμνῆσθαι
996 1626 1311 1715 Βάκχοιο,
1360 1632 1473 1696 καὶ
1516 1622 1919 1718 εὐρυχόρους
1962 1623 2109 1697 κατ’
2152 1623 2383 1718 ἀγυιὰς

581 1728 843 1799 ἱστάναι
887 1727 1159 1818 ὡραίων
1205 1734 1521 1819 Βρομίων
1559 1729 1759 1820 χάριν
1805 1729 2046 1819 ἄμμιγα
2090 1730 2366 1813 πάντας,

453 1840 489 1897 5
579 1836 689 1900 καὶ
736 1839 976 1901 κνισᾶν
1017 1839 1302 1919 βωμοῖσι
1346 1831 1520 1923 κάρη
1567 1831 1929 1917 στεφάνοις
1970 1832 2420 1914 πυκάσαντας.

1464 2024 1600 2088 197.

498 2122 507 2131 ’
577 2130 794 2225 Ἀνδρὶ
837 2140 1196 2225 Γεφυραίῳ
1237 2135 1426 2217 οἶκος
1468 2141 1669 2221 φίλος
1713 2135 1900 2217 οἰκος
1946 2136 2229 2225 ἄριστος.

1462 2329 1598 2393 198.

586 2448 780 2513 Τίπτε
825 2452 1106 2511 ποθεῖτε
1150 2452 1400 2531 μαθεῖν
1441 2442 1700 2513 νούσου
1745 2449 1937 2526 τέλος
1979 2438 2097 2534 ἠδὲ
2141 2449 2254 2513 καὶ
2299 2439 2547 2538 ἀρχήν,-

582 2544 999 2635 ἀμφοτέρους
1041 2550 1159 2634 μία
1202 2551 1449 2626 νοῦσος
1494 2547 1643 2634 ἔχει,
1690 2545 1876 2627 λύσις
1920 2546 2123 2615 ἔνθεν
2167 2543 2430 2636 ἀνέστη.

583 2825 728 2901 194)
773 2828 1049 2890 Eustath.
1090 2829 1152 2889 in
1197 2830 1262 2889 Il.
1305 2848 1364 2940 p.
1392 2823 1554 2888 657:
1613 2823 1976 2910 σημείωσαι
2031 2823 2104 2889 δὲ
2162 2816 2268 2888 ὅτι
2319 2821 2648 2889 ἐντεῦθεν

403 2925 801 3011 παρέξεσται
863 2919 902 2990 ὃ
958 2921 1253 3011 χρησμὸς
1324 2912 1360 2988 ὃ
1425 2916 1612 3008 παρὰ
1672 2928 1770 3009 τῷ
1830 2923 2132 3010 Αίλιανῷ
2196 2924 2271 2990 ἐν
2330 2927 2429 3011 τῷ
2491 2925 2647 3011 περὶ

406 3028 749 3113 Προνοίας
794 3028 1013 3111 λέγων
1047 3018 1306 3104 ούτως·
1354 3030 1623 3111 Μοῖραν
1669 3031 1809 3092 κτλ.

574 3135 707 3196 Ael.
752 3135 822 3195 fr.
854 3131 926 3192 21
982 3134 1139 3212 apud
1186 3135 1579 3195 Hel-cherum.

584 3251 727 3328 195)
773 3254 1033 3333 Etymol.
1078 3255 1155 3313 M.
1185 3253 1331 3314 XIII
1362 3251 1474 3314 35:
1522 3237 1887 3332 ἀγροτέρας
1918 3242 2260 3329 ἐλάφους.
2373 3239 2538 3313 ,διὰ
2565 3243 2646 3313 τό

407 3346 835 3435 πολύχρονον
876 3352 1004 3416 τοῦ
1051 3341 1255 3434 ςώου,
1303 3339 1396 3428 ὡς
1442 3337 1479 3415 ὃ
1521 3345 1815 3434 χρησμὸς
1861 3351 2084 3436 δηλοῖ·
2129 3339 2355 3415 Εννέα
2397 3353 2588 3420 κτλ.

578 3460 1007 3538 Fragmentum
1052 3479 1128 3520 ex
1173 3459 1420 3519 Hesiodi
1463 3459 1701 3535 scriptis
1744 3462 1836 3518 est
1876 3457 2039 3535 apud
2084 3458 2367 3535 thtling.
2405 3445 2564 3518 163.

584 3558 729 3635 196)
773 3561 1078 3630 Demosth.
1108 3561 1247 3620 Mid.
1276 3561 1408 3621 LX:
1521 3553 1657 3618 ,ἐν
1685 3566 1832 3629 ταῖς
1859 3553 2198 3636 μαντείαις
2229 3542 2648 3640 ἀνῃρημένον

407 3651 713 3742 ευρήσετε
767 3659 851 3739 τῇ
905 3651 1130 3734 πόλει,
1203 3650 1450 3740 ὁμοίως
1511 3654 1586 3721 ἐκ
1654 3656 1931 3737 Δελφῶν
1989 3655 2103 3721 καὶ
2161 3653 2237 3720 ἐκ
2295 3650 2647 3741 Δωδώνης,

402 3750 648 3846 χοροὺς
715 3755 974 3824 ἱστάναι
1043 3750 1213 3824 κατὰ
1282 3753 1367 3824 τά
1434 3753 1683 3844 πάτρια
1755 3758 1866 3822 καὶ
1927 3758 2180 3846 κνισᾶν
2240 3748 2474 3842 ἀγυιάς
2533 3757 2644 3822 καὶ

409 3874 966 3948 στεφανηφορεῖν.
1015 3912 1028 3925 .
1079 3912 1091 3924 .
1141 3912 1154 3925 .
1200 3860 1510 3945 μαντεία·
1560 3851 1771 3925 Αύόῶ
1813 3864 1959 3926 κτλ.

372 3951 385 3964 ’
582 3965 727 4042 197)
785 3970 952 4031 Eust-
1010 3968 1087 4029 ad
1146 3969 1215 4030 11.
1275 3987 1332 4045 p.
1377 3963 1518 4029 408.
1572 3969 1647 4028 cf.
1704 3968 1866 4029 Suid.
1919 3969 2144 4030 Zenob-
2181 3968 2271 4027 111
2300 3963 2401 4028 26.
2485 3967 2645 4045 Apo·

405 4073 540 4133 stol.
568 4072 653 4132 VI
684 4067 783 4133 33.

580 4169 726 4247 198)
788 4174 1062 4251 Xenoph.
1121 4172 1344 4251 Ephee.
1390 4173 1504 4232 Vl:
1570 4167 1701 4254 χρᾷ
1771 4158 1809 4230 ὁ
1873 4162 2037 4243 θεὸς
2102 4156 2504 4250 ἀμφοτέροις
2562 4159 2651 4228 τὰ

405 4265 832 4356 μαντεύματα
874 4268 1222 4355 ἐμμέτρως.
1265 4260 1353 4334 τὰ
1393 4260 1452 4333 δ’
1497 4263 1623 4355 ἕπη
1667 4263 1857 4334 τάδε·
1913 4268 2112 4333 Τίπτε
2154 4273 2294 4333 κτλ.

2205 4390 2231 4438 7
