3166 4871
1060 313 1146 368 De
1183 315 1385 369 nomin.
1421 316 1478 369 in
1500 334 1679 381 ,-αιος.
1749 318 1782 387 5
1818 323 1899 371 70.
2480 322 2602 386 189

353 486 509 547 ratio
553 491 652 547 est
695 506 909 550 vocum
958 489 1015 549 in
1065 507 1276 568 ·ιμος
1319 496 1381 551 et
1423 506 1681 571 -σιμος
1725 512 1909 573 saepe
1952 496 2134 572 plane
2178 495 2384 556 eadem
2429 496 2605 572 signi·

354 586 639 650 fleatione
684 596 1110 670 usurpatarum
1158 611 1280 670 qua
1323 596 1621 657 voeabula
1650 598 1711 656 in
1744 613 1890 668 αιος
1918 597 1995 658 ab
2033 598 2238 659 eodem
2283 601 2605 676 prototypo

352 688 654 769 derivata,
705 698 774 753 ut
818 682 1063 773 νόμιμα
1107 684 1382 774 νόμαια;
1449 717 1571 775 qua
1615 698 1691 759 de
1735 717 1803 760 re
1844 699 2003 760 infra
2046 700 2387 761 accuratius
2429 719 2604 778 agam

351 792 389 862 ξ
419 788 522 853 78.
594 794 872 857 Omnium
909 798 1163 859 maxime
1206 804 1407 861 autem
1451 819 1586 861 eum
1626 801 1963 863 nominibus
1991 802 2338 864 verbalibus
2368 804 2429 863 in
2461 820 2605 874 αιος

353 902 704 972 eongruunt
747 899 1042 961 voeabula
1079 900 1140 961 in
1186 918 1313 973 ·ας
1357 910 1418 964 et
1445 903 1733 966 adverbia
1762 905 1821 965 in
1868 921 1947 964 -α
1963 900 2132 985 δην,
2178 899 2404 979 αδον,
2449 923 2605 983 quae

353 1003 416 1058 et
457 997 817 1061 formatione
861 1006 924 1063 et
965 1002 1400 1080 significatione
1443 1005 1683 1067 illorum
1728 1008 1899 1084 quasi
1947 1008 2259 1068 couterina
2301 1015 2468 1085 sunt;
2528 1006 2605 1067 ef.

351 1084 705 1177 ἀμοιβαῖος
748 1088 1027 1182 ἀμοιβάς
1070 1090 1466 1183 ἀμοιβαδόν,
1533 1102 1852 1188 δρομαῖος
1924 1099 2174 1189 δρομάς
2244 1098 2605 1190 δρομάδην,

351 1200 661 1276 κοιλαῑος
701 1195 965 1279 κοιλάς,
1025 1205 1297 1286 λογαῑος
1339 1199 1544 1287 λογάς
1590 1200 1912 1291 λογάδην,
1968 1199 2239 1281 ὁλκαῑος
2281 1199 2489 1283 baxeis·
2529 1213 2606 1272 ai.

356 1306 448 1365 De
490 1306 704 1368 horum
751 1308 1106 1371 formatione
1151 1310 1226 1372 ef.
1258 1312 1426 1373 Ourt.
1458 1310 1580 1373 Εἰς*
1610 1310 1737 1371 612
1760 1333 1851 1392 sq.
1881 1310 2024 1374 625.
2055 1311 2198 1375 633.
2240 1345 2326 1356 -—
2370 1316 2420 1374 Ε
2466 1333 2602 1375 eon·

353 1409 540 1469 trario
567 1409 731 1470 aliud
756 1412 1185 1473 vocabulorum
1215 1431 1412 1493 genus
1431 1415 1558 1492 jam
1590 1433 1777 1494 supra
1805 1416 2060 1478 vidimus
2089 1418 2348 1495 speeiem
2380 1416 2605 1477 habere

354 1512 707 1591 verbalium,
751 1532 966 1577 revera
1009 1532 1138 1576 esse
1183 1515 1643 1585 denominativa.
1717 1520 1865 1580 Dieo
1897 1520 2275 1580 substantiva
2308 1520 2367 1580 in
2414 1536 2606 1598 -ωμα,

353 1630 551 1691 -ημα,
608 1631 816 1693 -ευμα
861 1621 973 1678 ete.
1017 1621 1079 1678 et
1121 1618 1421 1697 adjectiva
1463 1620 1525 1679 in
1570 1637 1812 1694 -ωτος,
1858 1638 2091 1692 -ευτος
2132 1626 2276 1699 ete„
2330 1641 2368 1682 a
2411 1622 2605 1700 poetis

353 1733 650 1795 persaepe
713 1718 789 1776 ad
852 1737 1184 1782 sermonem
1245 1721 1731 1799 amplificandum
1794 1723 2076 1803 formata,
2137 1742 2294 1802 qnae
2350 1723 2603 1784 formam

355 1817 581 1879 habent
610 1818 1020 1882 derivatorum
1050 1842 1088 1883 a
1117 1824 1318 1885 verbis
1357 1824 1418 1884 in
1465 1842 1587 1897 οω,
1633 1842 1768 1884 ευω
1798 1830 1932 1905 ete„
1974 1826 2079 1886 sed
2111 1825 2602 1903 significationem

355 1938 474 1981 non
528 1922 710 1982 aliam
767 1942 947 2001 quam
1003 1925 1382 1988 substantiva
1423 1945 1522 2004 ea,
1575 1928 1652 1989 ab
1698 1928 1917 2006 quibus
1962 1929 2060 1989 illa
2102 1930 2235 2007 ipsa
2278 1927 2463 1988 verba
2506 1928 2605 1988 de-

357 2024 752 2102 soendomnt,
817 2031 879 2089 et
921 2046 1104 2106 saepe
1147 2036 1354 2092 carent
1414 2031 1655 2092 omnino
1717 2031 1916 2092 verbis
1979 2031 2055 2091 ad
2116 2050 2272 2109 quae
2333 2033 2603 2092 revoeari

353 2128 604 2205 possint,
638 2146 823 2205 quum
853 2148 906 2190 e.
936 2149 1027 2208 gr.
1057 2116 1296 2206 ἀετόω,
1327 2126 1614 2211 δρομέω,
1644 2122 1972 2211 κεγχρόω,
2000 2126 2267 2207 woden,
2295 2122 2604 2207 πεπλόω,

355 2218 681 2309 πλευρόω
724 2250 1033 2310 nunquam
1079 2234 1435 2297 exstiterint.
1523 2235 1612 2298 Of.
1656 2254 1844 2313 supra
1887 2255 1945 2314 p.
1996 2232 2115 2293 106
2149 2253 2237 2314 sq.

523 2334 650 2393 lam
695 2353 857 2411 vero,
901 2337 1247 2414 priusquam
1291 2340 1421 2416 ipsa
1465 2340 1709 2399 nomina
1748 2340 1811 2399 in
1858 2355 2002 2409 αιος
2033 2357 2069 2398 a
2098 2338 2299 2400 verbis
2329 2338 2601 2401 derivata

353 2451 785 2514 enumeremus,
831 2438 907 2499 do
950 2440 1068 2502 alia
1112 2441 1370 2518 quadam
1417 2460 1484 2502 re
1530 2441 1894 2504 monendum
1940 2447 2047 2503 est.
2120 2443 2418 2520 Pleraque
2448 2442 2603 2503 enim

352 2538 412 2598 id
457 2557 655 2615 genus
699 2541 988 2603 voeabula
1033 2551 1392 2621 repetuntur
1436 2565 1474 2605 a
1515 2545 1716 2606 verbis
1761 2546 2097 2622 primitivis,
2142 2551 2208 2606 ut
2235 2529 2604 2622 ἀμοιβαῖος,

352 2638 658 2716 βολαῖος,
701 2642 1062 2718 κλοπαϊος,
1108 2653 1495 2732 στροφατος.
1587 2647 1707 2708 Sed
1767 2666 1913 2709 eave
1972 2649 2175 2709 omnia
2233 2661 2391 2726 quae
2449 2647 2605 2707 hane

355 2745 606 2806 formam
639 2746 900 2824 habent,
952 2767 1167 2809 revera
1210 2769 1247 2809 a
1288 2751 1610 2827 primitivis
1652 2751 1771 2811 inis
1815 2752 1999 2812 dueta
2039 2756 2233 2828 putes.
2320 2749 2600 2810 Etenim

353 2849 571 2909 etiam
618 2868 656 2908 a
696 2851 940 2912 verbis
998 2851 1361 2913 derivatis
1431 2853 1799 2914 ducuntur
1858 2853 2168 2931 nomina,
2235 2870 2315 2914 ea
2368 2857 2603 2913 tamen

352 2945 611 3029 forma,
679 2955 889 3030 quasi
948 2973 985 3014 a
1045 2955 1447 3032 primitivis
1519 2956 1986 3017 descendant.
2088 2956 2169 3016 Ut
2225 2944 2308 3014 τὰ
2361 2943 2604 3032 νόμαια

355 3073 477 3114 non
521 3073 560 3114 a
603 3048 786 3133 νέμω
829 3057 1106 3134 pullulat,
1150 3058 1258 3120 sed
1290 3077 1327 3118 a
1357 3053 1631 3136 νομίζω,
1679 3055 1946 3136 λοχαῑος
1975 3076 2011 3117 a
2039 3045 2314 3134 λοχεύω.
2404 3057 2604 3132 Atque

358 3156 571 3217 eadem
618 3175 752 3218 sors
795 3165 887 3219 est
929 3160 1105 3220 etiam
1152 3161 1450 3222 nominum
1498 3161 1559 3220 in
1606 3155 1747 3234 -ἅς,
1792 3177 1961 3233 -ιος,
2006 3175 2217 3236 -ιμος,
2276 3157 2369 3231 (ut
2409 3146 2607 3234 μαιάς

352 3278 391 3319 a
415 3249 798 3337 μαιεύομαι,
842 3251 1115 3335 βούλιος
1161 3282 1193 3322 a
1238 3253 1568 3337 βουλεύω,
1614 3251 1840 3332 λάλιος
1884 3282 1921 3322 a
1964 3255 2207 3335 λαλέω,
2253 3249 2526 3338 δόκιμος
2569 3278 2607 3319 a

354 3356 596 3435 δοκέω,
643 3351 921 3441 νόμιμος
966 3384 1004 3425 a
1043 3360 1299 3444 νομίζω
1344 3363 1448 3439 al.)
1495 3372 1556 3426 et
1601 3367 2060 3443 compositorum
2107 3365 2365 3442 partium
2409 3365 2603 3441 poste·

354 3463 578 3525 riorum
625 3465 687 3526 in
733 3483 809 3536 ος
852 3472 915 3528 et
955 3485 1036 3547 ης
1081 3468 1497 3529 desinentium.
1587 3467 1762 3542 Quod
1822 3469 2022 3528 adhue
2065 3486 2182 3529 non
2227 3467 2605 3545 perspexisse
2642 3543 2650 3548 ἢ

353 3565 639 3629 videntur
681 3570 794 3629 viri
837 3570 993 3631 docti
1039 3572 1141 3648 qui
1188 3571 1264 3631 de
1309 3571 1655 3648 compositis
1700 3577 1970 3649 egerunt.
2046 3571 2200 3631 Nam
2229 3570 2278 3630 si
2325 3568 2429 3647 qui
2472 3586 2603 3629 eam

353 3689 476 3762 rem
521 3672 857 3749 attigerunt
897 3669 1198 3751 (plerique
1245 3675 1400 3733 euim
1446 3674 1621 3750 plane
1665 3671 1915 3753 tacent),
1958 3673 2107 3734 haee
2139 3672 2603 3749 compositorum

355 3774 622 3835 membra
653 3774 990 3851 posteriora
1017 3795 1138 3837 non
1171 3794 1207 3835 a
1235 3776 1439 3837 verbis
1469 3776 1777 3853 derivatis,
1820 3775 1926 3836 sed
1973 3775 2049 3836 ab
2093 3775 2241 3854 ipsis
2277 3775 2606 3854 primitivis,

353 3876 514 3937 unde
574 3876 852 3937 derivata
905 3878 1011 3938 illa
1068 3879 1379 3957 fluxerint,
1438 3878 1713 3956 profecta
1772 3895 1913 3939 esse*
1950 3883 2212 3939 censent.
2298 3879 2393 3937 lta
2434 3896 2486 3938 e.
2514 3897 2605 3954 gr.

353 3979 726 4040 Doderlinus
781 3980 842 4040 in
904 3980 1097 4042 Gloss.
1156 3981 1330 4042 Hom.
1391 4000 1450 4041 u.
1508 3977 1633 4039 638
1698 3980 1773 4041 de
1834 3980 2179 4058 compositis
2235 3980 2294 4040 in
2356 3995 2603 4059 -πορος

353 4100 574 4160 agens:
633 4084 733 4152 „iu
782 4082 897 4144 deu
945 4084 1321 4162 compositis,
1373 4083 1592 4161 inquit,
1647 4084 1726 4143 ist
1767 4072 1981 4163 πόρος
2026 4083 2199 4143 meist
2240 4083 2298 4143 in
2344 4077 2605 4161 πείρων

353 4185 729 4246 aufzulosen.
785 4215 874 4226 —
933 4185 1039 4247 oft
1095 4182 1262 4265 νηῦς
1321 4175 1759 4264 ποντοπόρος
1822 4186 1969 4246 oder
2029 4169 2418 4262 ὥκυπόρος,
2485 4183 2604 4242 und

356 4286 467 4356 Οὐ.
510 4289 592 4370 V,
638 4284 759 4345 277
820 4281 1517 4372 ποντοπορευέμεναι,
1581 4289 1692 4358 wie
1746 4277 2007 4366 κύματα
2065 4281 2338 4370 κείρειν.
2399 4314 2482 4326 --
2537 4285 2606 4356 ΙΙ,
