3166 4871
2546 333 2622 395 13

555 505 648 564 De
691 504 939 565 Socrate
985 509 1181 566 exstat
1224 507 1529 567 oraculum

747 591 1018 683 ἀνδρῶν
1064 595 1393 667 ἁπάντων
1438 596 1813 687 Σωκράτης
1859 596 2276 681 σοφώτατος,

390 708 591 784 [Diog.
622 709 821 769 Laert.
852 711 909 769 11
956 707 1032 767 37
1081 712 1441 788 saepiusque
1485 710 1808 787 invenitur,
1851 709 1926 769 cf.
1957 710 2146 770 Wolff
2173 711 2393 788 Porpli.
2423 730 2481 787 p.
2514 708 2620 781 76]

386 814 719 889 posteaque
765 813 905 873 huic
949 814 1149 873 versui
1192 814 1348 873 alter
1392 813 1632 873 videtur
1673 812 1976 891 praefixus
2021 831 2152 873 esse
2198 817 2263 872 ut
2305 818 2491 873 totum
2538 814 2634 895 sic⁸

386 913 741 990 procederet
784 915 1120 976 oraculum:

693 1007 904 1092 σοφὸς
949 1014 1330 1097 Σοφοκλῆς,
1375 1007 1764 1095 σοφώτερος
1809 1003 1870 1075 ‹5'
1915 1004 2301 1098 Εὐριπίδης,

696 1104 971 1197 ἀνδρῶν
1015 1114 1084 1179 δὲ
1133 1108 1417 1179 πάντων
1463 1110 1841 1201 Σωκράτης
1885 1110 2319 1195 σοφώτατος..

393 1220 606 1293 [schol.
650 1223 958 1300 Aristoph.
1004 1224 1141 1284 nub.
1191 1222 1310 1280 144
1365 1222 1677 1300 aliasque]
1783 1224 1902 1284 Sed
1957 1229 2232 1284 neutrum
2297 1243 2500 1285 eorum
2560 1243 2625 1284 re

390 1342 534 1383 vera
576 1343 613 1384 a
657 1325 874 1401 Pythia
918 1325 1121 1386 datum
1170 1344 1303 1386 esse
1331 1332 1585 1404 apparet
1614 1346 1690 1387 ex
1719 1328 1816 1386 Ps.
1847 1327 2120 1404 Xenoph.
2152 1327 2430 1404 apologia
2459 1327 2626 1386 xlv:

392 1411 657 1486 ἀνεῖλεν
712 1414 750 1486 ὁ
780 1412 1121 1489 Ἀπόλλων
1173 1424 1426 1509 μηδένα
1486 1419 1654 1487 εἶναι
1701 1422 1865 1507 ἐμοῦ
1908 1418 2098 1508 μήτε
2144 1419 2625 1509 ἐλευθεριώ-

392 1545 631 1604 τερον
699 1520 882 1610 μήτε
959 1521 1467 1609 δικαιότερον
1531 1523 1716 1612 μήτε
1788 1527 2466 1613 σωφρονέστεροι».
2567 1534 2628 1592 Is

394 1631 577 1707 igitur
621 1634 722 1709 qui
766 1633 919 1693 hanc
963 1636 1297 1711 apologiam
1343 1637 1582 1712 scripsit
1630 1637 1877 1696 oracula
1921 1635 2026 1695 illa
2064 1636 2328 1695 nondum
2361 1639 2628 1695 noverat.

393 1733 547 1807 Quid
598 1736 814 1813 Pythia
867 1739 1269 1816 responderit,
1332 1738 1405 1797 ad
1468 1738 1716 1799 verbum
1770 1739 2000 1798 restitui
2064 1758 2182 1798 non
2241 1742 2465 1816 potest,
2521 1756 2629 1798 nec

390 1838 703 1917 perspicio,
760 1859 868 1900 cur
923 1839 1201 1900 Wolffius
1257 1840 1418 1902 dicat
1474 1843 1675 1902 soluta
1734 1843 1996 1902 oratione
2058 1841 2366 1901 oraculum
2427 1842 2628 1901 datum

391 1942 604 2002 videri:
669 1943 813 2002 nihil
874 1944 1026 2003 enim
1089 1943 1249 2020 quod
1311 1946 1493 2004 sciam
1555 1946 1757 2004 obstat
1814 1954 1910 2004 ne·
1947 1945 2308 2004 hexametris
2369 1944 2627 2003 locutam

395 2062 524 2103 esse
571 2046 845 2121 Pythiam
912 2064 1279 2121 censeamus.
1373 2047 1649 2107 Wolffius
1706 2047 1958 2107 fortasse
2018 2066 2166 2107 voce
2213 2048 2320 2106 illa
2365 2058 2628 2121 σωᾳρο-

393 2139 747 2223 νέστερον,
811 2149 1037 2226 quippe
1099 2149 1257 2225 quod
1318 2150 1375 2208 in
1438 2152 1691 2209 metrum
1753 2149 2116 2225 dactylicum
2192 2168 2310 2208 non
2375 2148 2631 2225 quadret

395 2254 590 2310 motus
649 2255 741 2311 est
799 2255 866 2310 ut
924 2252 1285 2312 hexametris
1346 2253 1461 2312 hoc
1519 2253 1826 2312 oraculum
1889 2252 2108 2312 editum
2170 2270 2301 2341 esse
2363 2254 2633 2327 negaret.

395 2345 511 2412 Sed
557 2371 669 2430 pro
714 2344 1581 2433 σωφρονέστεροςῬγιὴίαιῐι
1629 2355 1822 2432 aliter,
1880 2355 2064 2415 veluti
2113 2343 2632 2430 σωφροσύνῃσιν

397 2440 663 2534 ἀρείων,
706 2451 906 2518 dicere
951 2459 1235 2536 potuisse,
1279 2477 1434 2535 quae
1478 2459 1663 2518 verba
1708 2477 1838 2517 cum
1885 2478 1921 2517 a
1965 2476 2164 2535 prosa·
2193 2459 2464 2517 oratione
2494 2457 2632 2517 scri·

395 2560 585 2635 ptoris
614 2559 777 2618 attici
810 2560 1007 2620 aliena
1039 2565 1239 2620 essent
1284 2562 1343 2620 in
1389 2561 1641 2637 simplex
1685 2553 1835 2620 illud
1880 2554 2240 2621 adiectivum
2285 2559 2361 2619 ab
2405 2579 2476 2620 eo
2510 2579 2630 2619 mu-

396 2666 695 2738 tarentur,
750 2664 885 2739 quis
940 2667 1033 2722 est
1076 2665 1221 2740 quin
1265 2657 1509 2723 videat?
1582 2665 1833 2724 Constat
1876 2664 2186 2723 oraculum
2230 2663 2431 2723 fictum
2478 2681 2633 2722 esse:

395 2758 499 2824 sed
545 2784 701 2842 quae
745 2765 874 2825 eius
916 2767 1179 2842 genuina
1223 2766 1416 2825 forma
1459 2766 1642 2826 suerit
1685 2784 1818 2827 non·
1850 2770 2050 2843 potest
2091 2760 2503 2825 demonstrari.

570 2867 837 2928 Posteris
882 2868 1251 2945 temporibus
1294 2869 1497 2929 Zenon
1559 2888 1692 2929 cum
1747 2870 2144 2946 quaesivisset
2199 2862 2264 2925 τί
2306 2857 2632 2943 πράττων

399 2953 635 3045 ἄριστα
685 2959 996 3043 βιώσεται
1043 2988 1394 3049 responsum
1442 2972 1518 3031 ab
1549 2971 1829 3049 Apolline
1873 2971 2148 3031 retulisse
2192 2970 2385 3030 fertur
2432 2959 2633 3049 [Diog.

397 3071 596 3132 Laert.
639 3073 747 3132 Vll
791 3070 856 3145 2]
906 3067 963 3131 εἰ.
1008 3062 1459 3152 συγχρώζοιτο
1522 3079 1664 3143 τοῖς
1710 3078 1985 3150 νεκροῖς.
2076 3073 2359 3132 Eiusdem
2405 3071 2633 3132 oraculi

398 3175 649 3234 iambica
692 3175 883 3235 forma
925 3179 1079 3235 teste
1108 3176 1532 3253 Aristophanis
1576 3175 1899 3235 scholiasta
1946 3175 2110 3246 [nub.
2145 3164 2293 3254 144]
2339 3174 2497 3251 apud
2537 3192 2632 3233 co-

400 3277 609 3337 micum
672 3277 968 3354 quendam
1033 3267 1338 3358 [Meineke
1382 3278 1467 3337 IV
1512 3273 1664 3350 686]
1713 3278 1966 3337 exstitit:
2027 3270 2083 3334 εἷ
2129 3271 2634 3354 συγκεχρῶσθαι

398 3385 539 3448 τοῖς
592 3385 856 3455 νεκροῖς
910 3370 1285 3458 δυνήσεται.
1375 3380 1646 3458 Apparet
1697 3398 1813 3440 non
1867 3381 2045 3439 licere
2099 3379 2272 3440 nobis
2328 3379 2632 3439 oraculum

400 3481 711 3543 iambicum
757 3486 1003 3560 propter
1049 3483 1207 3543 hunc
1254 3487 1559 3543 auctorem
1592 3484 1916 3561 genuinum
1949 3483 2197 3543 ducere:
2243 3483 2357 3541 imo
2390 3499 2635 3557 prorsus

400 3584 856 3644 adsentiendum
916 3591 1009 3645 est
1051 3585 1320 3664 Wolffio,
1377 3586 1477 3664 qui
1539 3587 1735 3646 soluta
1792 3586 2062 3645 oratione
2124 3585 2182 3645 id
2242 3585 2449 3645 datum
2505 3602 2635 3643 esse

401 3690 622 3765 censet,
668 3687 993 3748 iamborum
1037 3689 1297 3749 vinculis
1328 3707 1365 3749 a
1395 3693 1574 3765 poeta
1605 3688 1832 3747 comico
1864 3690 2272 3748 constrmtum:
2316 3687 2364 3746 si
2395 3687 2635 3746 omnino

402 3788 604 3850 datum
652 3793 759 3868 est,
804 3788 861 3850 id
911 3789 1075 3866 quod
1119 3791 1299 3851 valde
1345 3790 1589 3850 dubium
1636 3790 1894 3851 videtur.

568 3891 821 3970 Versus,
900 3893 1001 3970 qui
1071 3893 1199 3970 ipse
1281 3911 1523 3970 quoque
1593 3895 1788 3953 exstat
1851 3891 2014 3970 apud
2082 3892 2383 3969 Aristoph.
2450 3892 2635 3952 schol.

401 3995 539 4054 nub.
591 3992 709 4052 144

793 4089 933 4175 ἐμοὶ
982 4087 1249 4176 μελήσει
1300 4094 1513 4156 ταῦτα
1557 4093 1666 4157 καὶ
1718 4096 1984 4166 λευκαῖς
2029 4087 2259 4175 κόραις

407 4199 711 4259 oraculum
758 4199 942 4260 fnisse
988 4201 1206 4260 dicitur
1235 4200 1486 4278 Delphis
1532 4220 1569 4259 a
1601 4202 1839 4260 Brenno
1884 4202 2107 4264 invasis
2151 4200 2373 4260 datum.
2461 4201 2636 4259 Prov.

407 4318 542 4376 app.
605 4303 661 4361 11
724 4301 829 4361 55:
905 4292 1268 4380 βαρβάρων
1322 4298 1531 4360 τινῶν
1592 4297 2148 4380 στρατευομένων
2210 4295 2276 4371 ἐς
2337 4293 2636 4376 Δελφοὺς
