3166 4871
2386 354 2394 362 ,
2504 284 2616 343 211

385 443 517 534 μὴν
576 448 844 535 διέφηνε
907 446 1033 532 τήν
1092 445 1401 534 σπουδὴν
1458 444 1799 533 πρότερον
1856 442 1900 534 ἢ
1958 463 2104 525 ταῖς
2162 441 2413 535 ψήφοις
2472 442 2629 515 ἀνα-

386 552 800 635 γορευθῆναι
832 553 1130 616 νικῶντα
1174 542 1299 617 τὸν
1323 546 1815 636 Αθηνόδωρον.
1916 547 2071 617 Τότε
2121 550 2212 630 δὲ,
2257 546 2347 628 ὡς
2392 549 2629 629 ἔοικεν,

388 642 613 716 ἀπιών
658 648 782 739 ἔφη
826 649 986 729 τούς
1028 653 1150 737 μὲν
1195 650 1425 737 κριτὰς
1481 653 1588 738 (de
1638 661 1731 720 Al.
1781 660 1915 720 fort.
1966 661 2037 730 11,
2084 664 2146 720 2:
2206 650 2426 738 ἔκριι
2430 677 2511 719 ον
2557 655 2629 720 δὲ

390 777 452 818 οι
514 751 966 839 δοκιμώτατοι
1023 758 1167 824 τῶν
1220 758 1619 842 στρατηγῶν
1634 757 1692 834 “)
1750 755 2086 834 ἐπαινεῖν,
2149 747 2350 832 αὐτὸς
2398 757 2631 841 μέντοι

385 849 640 941 μέρος’
617 850 702 921 ἀν
743 850 955 941 ἡδέως
983 858 1316 942 προέσθαι
1364 860 1477 944 τῆς
1521 859 1857 937 βασιλείας
1897 857 2008 924 ἐπὶ
2035 861 2137 943 τῷ
2165 849 2254 946 μὴ
2288 855 2631 925 Θεσσαλὸν

398 957 570 1024 ἰδεῖν
613 962 1081 1046 νενικημένον*
1125 965 1253 1040 (vit.
1287 967 1455 1028 Alex.
1501 970 1625 1037 29).
1711 967 1937 1028 Eodem
1981 969 2114 1028 loco
2157 968 2424 1045 legimns,
2466 968 2627 1045 quod

382 1067 513 1142 jam
547 1086 733 1146 supra
763 1076 1168 1147 memoratum,
1211 1069 1663 1131 Athenodorum
1706 1071 1781 1129 ab
1816 1069 2276 1131 Atheniensibus
2304 1070 2634 1141 multatum,

388 1170 550 1244 quod
598 1170 750 1230 diem
799 1171 1070 1232 ludorum
1119 1173 1511 1249 neglexisset,
1569 1191 1606 1231 a
1649 1190 1793 1250 rege
1840 1172 2125 1250 petivisse
2182 1176 2248 1232 nt
2289 1191 2400 1249 pro
2445 1191 2508 1233 se
2553 1172 2629 1232 ad

388 1271 786 1334 Athenienses
860 1275 1087 1335 litteras
1161 1276 1444 1351 mitteret3
1528 1273 1693 1352 quod
1759 1293 1963 1353 regem
2031 1295 2148 1336 non
2213 1275 2453 1352 fecisse,
2525 1275 2629 1335 sed

388 1374 642 1437 solvisse
690 1377 953 1437 multam.

563 1477 642 1537 Ut
709 1478 1138 1556 Neoptolemus
1206 1480 1470 1556 Philippi
1547 1480 1629 1539 ita
1688 1480 2015 1540 Thessalus
2082 1484 2143 1539 et
2201 1478 2632 1540 Athenodorus
2742 1515 2755 1522 -

387 1577 713 1639 Alexandri
772 1582 1016 1641 comites
1073 1582 1355 1642 videntur
1416 1581 1601 1641 fuisse
1662 1599 1856 1659 usque
1923 1582 1996 1642 ad
2046 1582 2220 1642 finem
2270 1583 2402 1659 ejus
2446 1583 2631 1643 vitae:

388 1683 652 1742 Auctore
727 1682 982 1743 Charete
1059 1684 1421 1761 Mytilenaeo
1485 1685 1831 1745 Athenaeus
1876 1685 2021 1759 XII,
2087 1703 2142 1760 p.
2175 1689 2299 1747 538
2346 1684 2384 1742 f.
2447 1685 2631 1745 refert

389 1785 728 1861 nuptiarum
785 1785 1165 1847 sollemnibus
1217 1787 1292 1847 ab
1353 1787 1698 1847 Alexandro
1761 1805 1836 1846 ex
1893 1787 2063 1846 India
2119 1787 2406 1847 redeunte
2466 1784 2631 1845 Susis

388 1904 440 1944 a.
471 1889 595 1947 324
625 1886 911 1947 institutis
938 1888 1310 1961 Thessalum,
1339 1888 1811 1959 Athenodorum,
1858 1889 2272 1948 Aristocritum
2306 1887 2631 1965 tragoedos

390 1986 620 2047 fabulas
649 1989 872 2065 egisse;
918 1995 1056 2066 post
1094 1990 1405 2050 sollemnia
1451 1990 1552 2048 illa
1597 1989 1922 2049 histriones
1968 1995 2144 2049 antea
2195 1978 2631 2060 ,Διονυσοκό-

389 2086 637 2160 λακας“
696 2091 1029 2167 appellatos
1089 2091 1424 2151 nominatos
1488 2109 1620 2150 esse
1699 2074 2455 2169 ,,Άλεξανίἳροκόλακας“ι
2522 2076 2632 2150 διὰ

388 2180 506 2261 τὰς
532 2189 673 2251 τῶν
703 2181 944 2270 δώρων
973 2176 1372 2270 ὑπερβολὰς,
1418 2180 1522 2267 ἐφ’
1547 2179 1649 2262 οἷς
1693 2186 1806 2250 καὶ
1850 2177 2029 2272 ἥσθη
2074 2176 2112 2251 ὃ
2141 2177 2624 2271 Ἀλέξανδρος*

559 2296 650 2356 De
681 2296 1037 2356 Aristocrito
1081 2295 1387 2372 tragoedo,
1433 2313 1610 2372 quem
1653 2293 1882 2356 Chares
1926 2296 2218 2357 Thessalo
2263 2300 2324 2356 et
2366 2296 2631 2357 Atheno-

390 2395 539 2458 doro
588 2400 882 2477 aequavit,
928 2398 1073 2459 nihil
1110 2397 1368 2477 amplius
1410 2398 1691 2459 traditum
1736 2400 2004 2477 repperi3
2051 2417 2191 2460 num
2224 2399 2631 2470 Aristocritus,

390 2519 564 2577 quem
596 2505 749 2562 teste
779 2503 939 2562 Plut.
960 2503 1132 2563 Alex.
1154 2503 1207 2562 X
1237 2502 1575 2563 Pixodarus
1618 2502 1720 2563 ille
1773 2503 1948 2564 modo
1980 2508 2338 2564 memoratus
2368 2504 2629 2579 legatum

391 2603 546 2663 misit
602 2604 680 2664 ad
725 2606 1098 2685 Philippum,
1159 2606 1332 2683 cujus
1392 2625 1525 2665 cum
1581 2605 1703 2666 filio
1775 2624 1943 2666 suam
2017 2605 2193 2665 filiam
2258 2605 2632 2666 matrimonio

377 2705 644 2784 jungere
715 2707 1016 2785 cupiebat,
1077 2708 1233 2768 idem
1295 2709 1372 2768 sit
1431 2727 1567 2769 cum
1638 2709 1957 2780 histrione,
2033 2727 2217 2786 quum
2271 2707 2633 2768 Plutarchus

392 2807 554 2867 nudo
602 2811 837 2870 nomine
884 2816 1104 2881 utatur,
1150 2812 1210 2868 in
1258 2809 1437 2870 dubio
1483 2816 1774 2870 remanet.

561 2911 964 2971 Enumerasse
1010 2911 1150 2971 mihi
1195 2910 1407 2970 videor
1452 2912 1720 2987 tragicos
1767 2928 1962 2988 usque
2007 2910 2084 2969 ad
2131 2909 2463 2970 Alexandri
2510 2911 2631 2969 Ma·

394 3011 639 3071 cedonis
684 3010 906 3071 obitum
953 3018 1217 3089 actores,
1262 3031 1515 3089 quornm
1565 3012 1806 3072 nomina
1850 3012 2167 3072 memoriae
2214 3015 2355 3070 sunt
2398 3011 2635 3088 prodita

393 3122 454 3173 et
512 3130 908 3190 quaecunque
969 3113 1045 3173 de
1105 3131 1474 3190 unoquoque
1534 3113 1754 3173 tradita
1798 3117 1939 3173 sunt
1984 3114 2359 3191 exposuisse3
2434 3116 2635 3187 restat,

393 3222 461 3275 nt
546 3215 764 3276 addam
852 3214 1149 3294 quidquid
1225 3216 1299 3275 de
1371 3217 1611 3275 comicis
1688 3216 1889 3292 quarti
1970 3216 2337 3293 potissimum
2413 3214 2634 3274 saeculi

393 3319 774 3380 histrionibus
817 3337 850 3379 e
896 3318 1289 3395 scriptoribus
1333 3322 1394 3377 et
1438 3319 1626 3378 titulis
1670 3319 1942 3396 repetivi.

561 3423 652 3482 Ac
695 3422 884 3499 primo
929 3420 1168 3498 quidem
1217 3420 1348 3480 loco
1406 3420 1805 3481 nominandus
1848 3426 1941 3481 est
1984 3420 2257 3480 Philemo
2305 3419 2635 3482 comoedia·

393 3544 523 3586 rum
571 3531 758 3603 actor,
801 3543 978 3601 quem
1025 3524 1085 3583 in
1135 3523 1366 3583 duabus
1412 3522 1879 3584 Anaxandridae
1927 3522 2145 3583 fabulis
2190 3530 2395 3600 partes
2440 3524 2635 3600 egisse

391 3627 742 3688 Aristoteles
801 3626 984 3686 tradit
1041 3629 1192 3686 rhet.
1246 3627 1348 3695 111,
1398 3631 1503 3687 12:
1578 3610 1875 3705 „dvdyxn
1936 3620 2007 3684 δὲ
2063 3616 2501 3704 μεταβάλλειν
2553 3615 2634 3684 τὸ

393 3715 561 3789 αι’τὸ
621 3723 973 3807 λέγοντας,
1032 3713 1201 3808 ὅπερ
1263 3715 1488 3806 ὥσπερ
1560 3715 1871 3788 ὁδοποιεῖ
1929 3725 2029 3807 τῷ
2091 3715 2633 3806 ὑποκρίνεσθαι·

397 3814 636 3926 ᾖιᾳιῦτός
689 3823 876 3890 ἐστιν
928 3849 966 3891 ο
1013 3826 1280 3906 κλέψας
1327 3819 1549 3909 υμῶν,
1611 3813 1817 3900 οὗτός
1877 3823 2057 3890 ἐστιν
2114 3818 2152 3889 ὃ
2207 3819 2637 3910 ἐξαπατησας,

391 3928 590 4005 οὗτος
670 3921 707 3992 ὁ
784 3923 864 3993 τὸ
935 3924 1216 4012 ἔσχατον
1288 3928 1671 4012 προδοῦναι
1742 3923 2195 4013 ἐπιχειρησας“
2227 3947 2238 3958 ·
2308 3920 2458 3992 οἶοι
2524 3925 2636 3990 καὶ

398 4027 721 4115 Φιλήμων
744 4054 781 4095 ο
807 4018 1174 4116 υποκριτὴς
1198 4027 1465 4095 ἐποίει”
1435 4052 1509 4095 εν
1529 4053 1603 4095 τε
1628 4033 1708 4112 τῇ
1724 4020 1828 4095 Άν
1814 4029 2236 4115 αξανδρὶδου
2264 4032 2635 4113 Γεροντο-

390 4132 662 4220 μανίᾳ,
720 4122 830 4197 ὅτε
876 4132 1049 4217 λέγει
1104 4123 1587 4216 ,Ῥαδάμανθυς
1621 4131 1733 4196 καὶ
1766 4126 2200 4216 ΙΙαλαμήδης“
2203 4182 2217 4209 ,
2264 4131 2374 4195 καὶ
2421 4129 2496 4194 ἐν
2537 4132 2635 4214 τῷ

391 4231 712 4323 προλόγῳ
755 4236 899 4299 τῶν
943 4225 1319 4313 Εὗοεβῶν
1363 4231 1444 4299 τὸ
1491 4230 1719 4319 ,,ἐγώ“.
1770 4272 1849 4279 —-
1895 4240 2064 4313 Quae
2111 4260 2142 4299 e
2176 4239 2637 4301 Gerontomania
