3166 4871
2515 272 2649 359 Ι31113

565 450 694 511 Iam
738 467 887 510 vero
948 467 1084 535 cum
1130 446 1479 526 Euripidem
1538 447 1647 509 tall
1702 447 2051 526 tragoediae
2093 445 2288 509 forma
2326 446 2648 524 plurimum

392 570 567 614 usum
612 570 745 613 esse
789 554 1057 629 constet,
1110 550 1467 612 Aristoteles
1511 549 1657 629 quin
1702 554 2014 629 poetarum
2058 550 2313 610 maxime
2356 532 2646 627 tragicum

393 672 528 716 eum
573 653 874 717 iudicaret
916 653 1119 716 facere
1163 672 1285 715 non
1330 654 1543 731 potnit.
1633 653 1852 732 Neque
1908 652 2081 714 aliter
2134 650 2262 737 fieri
2305 655 2542 731 posset,
2599 652 2649 711 si

392 756 569 843 aliam
590 756 951 819 Aristoteles
980 761 1163 839 atque
1195 773 1375 836 quam
1406 773 1517 819 nos
1546 755 1971 834 proposuimus
1992 738 2315 817 affectuum
2344 754 2648 835 purgatio·

395 877 533 922 nem
577 860 935 939 cogitasset:
988 858 1148 920 effici
1193 858 1353 921 enim
1395 876 1527 920 eam
1570 858 1982 921 misericordia
2016 860 2321 937 metuque,
2362 857 2475 917 hos
2504 874 2649 918 vero

393 962 644 1034 affectus
670 964 839 1045 gigni
873 963 1200 1042 Euripidea
1228 962 1347 1040 illa,
1389 963 1573 1024 atita
1616 962 1832 1041 dicam,
1874 960 2082 1023 fabula
2121 962 2266 1022 satis
2310 960 2651 1021 luculenter

395 1064 591 1126 docet.
675 1067 941 1129 Necesse
1000 1069 1198 1127 antem
1255 1068 1350 1126 est
1393 1064 1455 1126 in
1499 1064 1814 1126 adversam
1861 1063 2160 1125 fortunam
2206 1062 2372 1124 exire
2414 1065 2649 1139 tragoe-

396 1166 572 1229 diam.
672 1169 1027 1249 Saepissime
1096 1170 1252 1231 enim
1314 1168 1677 1233 Aristoteles
1738 1170 1808 1230 ut
1868 1165 2277 1231 misericordia
2335 1168 2397 1226 et
2454 1169 2654 1227 metus

395 1269 643 1361 fabulae
700 1272 1133 1350 compositione
1190 1266 1297 1349 (τῇ
1355 1258 1669 1331 συστάσει
1726 1266 1868 1331 τῶν
1924 1257 2368 1350 πραγμάτων)
2413 1267 2650 1346 potissi-

396 1392 559 1435 mum
602 1377 979 1438 comitentur
1022 1377 1245 1453 monet,
1285 1392 1487 1452 neque
1528 1374 1678 1435 satis
1708 1378 1808 1435 cst
1831 1373 2051 1435 multas
2087 1372 2150 1433 in
2182 1389 2256 1433 sa
2283 1388 2383 1432 res
2412 1374 2651 1432 atroces

399 1481 462 1538 et
505 1479 877 1540 miserabiles
919 1480 1150 1557 inesse,
1209 1477 1317 1538 sed
1360 1477 1495 1556 ipsa
1535 1477 1696 1538 actio
1741 1476 2035 1538 eiusmodi
2081 1492 2212 1537 esse
2259 1475 2456 1536 debet.
2541 1473 2653 1534 Est

400 1574 621 1652 autem,
646 1600 737 1662 ea,
778 1583 829 1643 si
873 1581 1190 1644 conversio
1236 1565 1594 1661 (μεταβολή
1625 1580 1770 1663 ιιῡίτνεε
1812 1568 2188 1659 μετάβασις)
2234 1577 2318 1639 ita
2361 1575 2459 1638 fit:
2513 1588 2651 1637 nam

400 1687 468 1744 ut
510 1685 857 1763 tragoediae
901 1703 1133 1747 summa
1177 1688 1240 1746 et
1284 1688 1470 1763 caput
1514 1682 1720 1745 fabula
1742 1679 1849 1760 ¹³),
1910 1683 1999 1744 sic
2044 1682 2289 1743 fabulae
2334 1680 2650 1742 conversio

399 1793 495 1850 est
536 1792 597 1849 et
639 1768 743 1867 qui
786 1789 992 1850 evadit
1036 1807 1112 1849 ex
1155 1788 1259 1849 illa
1301 1789 1517 1849 exitus.
1604 1786 1723 1861 Qui
1767 1787 1816 1847 si
1862 1790 1956 1849 est
1997 1786 2213 1865 laetus,
2257 1788 2388 1847 tota
2425 1783 2653 1864 fabula,

400 1894 701 1970 quotquot
741 1891 949 1953 insunt
991 1890 1165 1969 mala,
1204 1890 1366 1952 laeta
1408 1893 1532 1969 est3
1575 1891 1630 1950 si
1672 1889 1896 1968 tristis,
1955 1890 2134 1961 etiam
2180 1886 2421 1967 fabula,
2461 1905 2650 1965 qnan-

299 2051 305 2057 .
399 1998 769 2073 tsmcunque
830 1996 1012 2054 antea
1069 1993 1389 2071 proposuit
1441 1992 1793 2054 felicitatem
1850 1994 1911 2054 et
1955 1989 2461 2070 magnitudinem:
2504 1990 2650 2068 quin

401 2098 578 2159 etism
625 2100 685 2158 et
726 2096 954 2158 laetitia
997 2100 1061 2157 et
1100 2096 1356 2176 tristitia,
1400 2094 1453 2156 si
1497 2095 1934 2159 antecesserint
1977 2093 2296 2167 contraria,
2344 2110 2416 2155 eo
2461 2094 2652 2172 magis

398 2201 835 2280 percipiuntur.
921 2199 992 2260 Id
1036 2202 1156 2263 tam
1200 2217 1411 2260 verum
1455 2202 1547 2259 est
1587 2200 1650 2259 et
1675 2197 2083 2277 perspicuum,
2126 2201 2195 2258 ut
2223 2195 2428 2259 mirari
2457 2195 2654 2277 liceat,

402 2303 707 2383 quomodo
748 2305 812 2365 in
856 2302 1171 2381 tragoedia
1214 2301 1491 2364 nonnulli
1541 2299 1814 2365 oblivisci
1858 2301 2184 2379 potuerint.
2265 2298 2652 2365 Aristotelem
2691 2280 2694 2287 ’

400 2425 551 2470 vero
593 2408 679 2468 ita
721 2406 1019 2486 cogitasse
1061 2408 1123 2467 et
1165 2424 1243 2469 ex
1286 2404 1385 2466 his
1426 2409 1489 2466 et
1533 2422 1610 2467 ex
1655 2405 1741 2467 eis
1785 2421 1944 2483 quae
1990 2420 2178 2482 supra
2217 2401 2655 2481 disputavimus

400 2513 671 2589 apparet.
756 2508 914 2570 Nam
961 2525 1093 2570 cum
1141 2508 1358 2570 laetam
1414 2508 1871 2570 couversionem
1915 2507 1976 2568 in
2027 2508 2158 2568 viro
2211 2506 2370 2567 malo
2415 2505 2654 2567 minime

402 2614 697 2693 tragicam
761 2595 1379 2693 (ἅτραγῳδότατον)
1442 2610 1635 2691 dicat,
1692 2612 1751 2671 in
1814 2609 1970 2671 bono
2040 2614 2241 2672 antem
2300 2628 2377 2672 ne
2437 2607 2655 2670 afferre

405 2715 645 2796 quidem
692 2714 993 2795 dignetur,
1051 2715 1281 2777 tristem
1342 2714 1566 2776 exitum
1616 2713 1795 2776 huius
1838 2712 2081 2792 quidem
2125 2713 2301 2776 nimis
2343 2713 2657 2793 tragicum,

401 2818 563 2884 illins
603 2837 821 2897 parum
861 2835 996 2880 eme
1040 2817 1282 2882 indicat.
1367 2818 1561 2880 Laeta
1615 2818 1800 2896 igitur
1854 2817 2172 2880 conversio
2216 2815 2369 2878 nihil
2410 2814 2654 2878 omnino

401 2921 617 2999 tragici
673 2920 883 2999 huben
938 2921 1128 2982 tastis
1184 2925 1349 2982 recte
1408 2938 1475 2982 se
1534 2918 1812 2997 habebit,
1867 2919 1920 2979 si
1973 2919 2081 2979 fiat
2133 2919 2200 2979 iu
2243 2919 2378 2979 viro
2435 2916 2656 2979 medio·

406 3024 590 3085 criter
643 3023 1191 3101 morato.1taque
1258 3026 1424 3083 recte
1494 3021 1848 3083 Aristoteles
1909 3022 1998 3082 sic
2061 3022 2292 3100 pergit.
2355 3003 2653 3104 ἀνάγκη
2775 3080 2792 3096 ,

404 3114 552 3207 ἄρα
619 3111 748 3186 τὸν
805 3117 1031 3197 καλῶς
1089 3116 1331 3205 ἔχοντα
1386 3119 1616 3238 μῦθον
1680 3167 1695 3183 .
1759 3169 1774 3182 .
1837 3113 2284 3204 μεταβάλλειν
2359 3107 2489 3183 οὐκ
2562 3115 2654 3196 εἰς

402 3214 715 3310 εὐτυχίαν
775 3221 850 3290 ἐκ
914 3221 1262 3307 ‹ivs-toxius
1335 3201 1506 3288 ἄλλά
1575 3207 1985 3290 τούναντίον
2043 3217 2113 3304 ἐξ
2186 3203 2526 3305 εὐτυχίας
2561 3216 2656 3297 εἷς

406 3327 763 3412 δυστυχίαν
804 3350 867 3392 κ.
897 3348 958 3391 τ
991 3329 1050 3393 λ.

575 3436 689 3498 Oui
730 3435 1045 3497 doctrinae
1086 3451 1430 3513 repugnare
1459 3432 1703 3495 videtur
1739 3431 2085 3494 notissimus
2129 3431 2231 3492 ille
2273 3431 2487 3509 capitis
2515 3430 2655 3491 XIV

405 3538 593 3619 locus,
636 3553 763 3616 quo
804 3537 1175 3618 Aristoteles,
1232 3536 1527 3615 siquidem
1571 3533 1760 3597 verba
1801 3539 1969 3596 recte
2014 3537 2160 3594 sunt
2198 3532 2438 3610 tradita,
2483 3549 2655 3611 prae-

404 3641 827 3702 stantissimum
889 3659 1026 3702 esse
1071 3644 1279 3701 censet
1321 3638 1798 3717 consanguineos
1843 3639 2086 3715 ignaros
2130 3636 2347 3698 caedes
2388 3636 2547 3697 inter
2587 3653 2655 3697 se

402 3747 687 3824 perantes
749 3743 1057 3823 agnitione
1113 3742 1391 3823 impediri
1444 3762 1482 3805 a
1539 3741 1825 3808 facinore.
1925 3739 2098 3801 Multi
2153 3739 2337 3818 igitur
2390 3743 2453 3801 et
2494 3738 2657 3800 docti

403 3846 520 3908 viri
575 3847 791 3926 eapitis
848 3847 997 3908 xm
1039 3850 1101 3908 et
1140 3847 1282 3907 xlv
1343 3849 1668 3924 praecepta
1711 3843 2035 3907 conciliare
2076 3841 2464 3917 studuerunt,
2518 3857 2657 3904 cum

407 3949 583 4010 sliam
628 3949 979 4028 tragoediae
1022 3952 1255 4027 partem
1286 3948 1414 4034 'hoc
1458 3947 1677 4026 eapite,
1718 3947 1897 4008 aliam
1928 3945 2032 4007 illc
2061 3945 2309 4006 tractari
2354 3944 2659 4005 docerent.

405 4049 505 4112 Sic
562 4052 819 4131 Lessing
878 4070 930 4113 c.
971 4051 1118 4112 XIII
1174 4044 1625 4129 περιπετείας,
1686 4068 1737 4110 c.
1788 4047 1931 4109 xlv
1990 4036 2268 4120 πάθους
2324 4046 2657 4107 doctrinam

410 4153 635 4233 exponi
682 4137 1001 4232 censebat3
1060 4153 1158 4214 cui
1204 4152 1528 4213 assentitur
1572 4131 1832 4232 Vahlen,
1876 4147 1990 4211 nisi
2032 4149 2197 4227 qnod
2239 4141 2692 4228 περιπετείας,

407 4254 542 4318 loco
566 4261 753 4320 recte
796 4246 1175 4338 μεταβολήν
1216 4256 1477 4335 reponit.
1559 4255 1741 4317 Hunc
1791 4254 2064 4333 sequitur
2106 4254 2453 4330 Baumgart.
2535 4251 2657 4312 Alii

2178 4366 2238 4418 21
