3166 4871
627 374 746 434 152
1666 366 1924 422 zacher

621 562 766 624 ριος
809 546 992 605 telum
1038 545 1201 622 quod
1247 534 1420 604 κατά
1463 545 1560 605 vel
1606 537 1699 614 εἰς
1740 539 2008 622 καίριον
2048 534 2271 604 τόπον
2312 547 2608 623 penetrat,
2650 563 2868 605 κατω-

618 637 855 725 μάδιος
921 648 1123 709 discus
1190 648 1294 725 qui
1362 648 1438 708 ab
1504 647 1757 709 humero
1820 647 2113 708 vibratur.
2216 648 2294 707 Et
2354 666 2532 726 quam
2596 647 2870 726 ridicule,

625 768 824 811 aerem
870 750 975 828 qui
1014 751 1173 811 inter
1215 749 1415 811 focum
1460 754 1521 810 et
1563 750 1709 811 tecti
1738 754 2081 827 aperturam
2112 753 2245 810 erat
2271 749 2490 810 dictum
2535 767 2669 810 esse
2710 749 2869 829 „der

621 854 776 912 nach
821 851 930 913 der
974 852 1152 914 lucke
1195 853 1415 914 hinanf
1451 853 1729 931 liegende
1774 845 2007 931 raum“,
2058 856 2121 913 et
2162 871 2307 929 pro:
2364 871 2475 930 per
2516 856 2868 931 aperturam

621 955 902 1033 evolavit,
943 955 978 1015 i.
1008 974 1059 1015 e.
1103 955 1235 1033 „sie
1280 956 1403 1032 flog
1446 957 1603 1016 nach
1649 955 1759 1015 der
1803 953 1982 1015 lucke
2027 947 2298 1033 hinauf“‚
2340 956 2440 1015 vel
2483 954 2720 1033 „durch
2767 955 2867 1016 die

619 1046 801 1118 lncke
846 1051 1112 1135 hinaus“,
1155 1062 1394 1136 poetam
1441 1059 1665 1119 dixisse
1708 1059 1831 1135 „sie
1862 1056 2178 1134 durchflog
2207 1056 2328 1118 den
2359 1058 2514 1118 nach
2544 1057 2654 1118 der
2682 1058 2867 1119 lncke

619 1159 1159 1236 hinaufliegenden
1203 1153 1426 1221 raum“.
1516 1145 1830 1220 Ἀνόπαια
1873 1164 2073 1220 autem
2118 1160 2233 1222 hoc
2276 1160 2410 1220 loco
2438 1178 2663 1221 verum-
2688 1179 2867 1220 accu-

621 1263 874 1321 sativum
935 1265 995 1322 et
1050 1262 1346 1339 objectum
1390 1263 1560 1323 verbi
1619 1256 1939 1321 διέπτατο
1995 1279 2127 1323 esse
2169 1263 2352 1338 plane
2397 1280 2578 1339 nego,
2635 1280 2865 1323 merum

553 1388 558 1391 ’
619 1364 968 1425 adverbium
1013 1383 1144 1426 esse
1189 1362 1521 1445 contendo,
1574 1365 1637 1425 id
1693 1365 1855 1443 quod
1909 1367 2208 1427 sententia
2249 1365 2365 1425 loci
2406 1367 2622 1443 arguit.
2706 1366 2866 1425 Nam

620 1486 964 1545 quanquam
1010 1487 1131 1528 non
1178 1487 1350 1545 nego,
1393 1469 1580 1529 multa
1625 1468 1911 1529 adverbia
1951 1469 2014 1527 in
2059 1485 2131 1526 -a
2174 1469 2418 1545 proprie
2462 1485 2594 1528 esse
2621 1468 2867 1528 nomina

620 1572 966 1631 accusativo
1012 1588 1155 1631 casu
1201 1571 1423 1648 posita,
1490 1589 1648 1649 quae
1704 1570 1876 1649 prius
1932 1570 2167 1648 objecta
2227 1572 2549 1631 verborum
2602 1569 2871 1645 suerunt,

619 1676 830 1749 postea
894 1673 1181 1749 paulatim
1247 1674 1732 1751 obtorpescentia
1806 1674 2175 1734 transierunt
2241 1673 2304 1733 in
2365 1672 2865 1749 significationem

619 1775 973 1852 simplicium
1019 1775 1465 1853 adverbiorum,
1521 1779 1719 1836 tamen
1769 1775 2016 1837 concedi
2062 1794 2185 1835 non
2227 1778 2451 1853 potest,
2508 1776 2572 1836 in
2616 1775 2867 1835 Homeri

619 1878 983 1938 carminibus
1026 1877 1397 1938 nullumdum
1443 1879 1683 1937 illorum
1727 1876 2147 1938 adverbiorum
2191 1877 2267 1937 ab
2311 1877 2414 1937 illa
2451 1878 2652 1955 prisca
2680 1877 2868 1954 signi-

618 1978 898 2041 ficatione
956 1980 1250 2041 deflexum
1310 1998 1467 2055 esse,
1529 1980 1825 2059 casualem
1888 1979 2147 2040 omnium
2212 1959 2514 2039 notionem
2556 1979 2864 2039 etiamtum

620 2084 812 2143 vivam
879 2082 1083 2143 fuisse.
1187 2081 1370 2143 Cuius
1438 2071 1735 2160 opinionis
1805 2087 2220 2159 argumentum
2268 2066 2382 2142 ‘est
2448 2082 2645 2159 ipsum
2712 2081 2863 2141 illud

617 2171 991 2243 ὑπασπίδια
1047 2182 1384 2264 προβιβᾶν
1444 2185 1543 2245 vel
1602 2178 2076 2263 προποδίζων,
2144 2183 2304 2262 qnod
2366 2188 2651 2261 tanquam
2711 2201 2865 2243 suae

620 2288 952 2348 sententiae
997 2286 1419 2347 adminiculum
1467 2288 1802 2347 Wornerus
1844 2285 2092 2363 profert.
2177 2286 2334 2347 Nam
2376 2286 2513 2363 quis
2557 2287 2867 2363 putaverit

618 2393 857 2450 veteres
901 2388 1035 2450 illos
1080 2407 1262 2467 quum
1308 2390 1455 2450 haec
1500 2390 1598 2451 vel
1643 2394 1933 2450 canerent
1974 2389 2074 2450 vel
2132 2388 2438 2467 audirent,
2493 2388 2863 2450 intellexisse

619 2492 768 2571 „das
811 2511 946 2554 vom
992 2492 1220 2553 achilde
1262 2491 1558 2569 gedeckte
1603 2492 1847 2553 bereich
1892 2483 2257 2554 betreten“?
2359 2492 2522 2553 Nihil
2563 2491 2864 2568 significat

617 2595 762 2655 nisi:
810 2594 1024 2671 clupeo
1069 2598 1293 2655 tectum
1339 2594 1690 2672 procedere,
1732 2613 1904 2673 „vom
1948 2593 2179 2656 echilde
2222 2593 2486 2672 gedcckt
2526 2594 2862 2655 vorschrei-

616 2689 773 2756 ten“.
847 2697 1073 2756 Eodem
1117 2698 1292 2756 modo
1337 2698 1513 2757 etiam
1559 2714 1602 2755 κ
1640 2694 1757 2755 168
1802 2694 1930 2775 βῆν
1976 2691 2047 2757 δὲ
2091 2686 2589 2772 καταλοφάδεια
2629 2689 2865 2774 φέρων

618 2817 738 2858 non
784 2788 1288 2875 καταλοφάδεια
1332 2799 1631 2877 obJectum
1678 2804 1771 2860 est
1811 2799 1979 2861 verbi
2028 2793 2288 2878 φέρων,
2345 2800 2450 2859 sed
2502 2798 2666 2878 quod
2718 2815 2863 2876 sup·

618 2902 901 2979 plendum
932 2906 1024 2962 est
1052 2886 1241 2975 αὐτό,
1286 2920 1368 2963 sc.
1399 2891 1478 2961 τό
1511 2892 1739 2962 δεινὸν
1767 2895 2087 2981 πέλωρον
2116 2920 2171 2961 v.
2200 2897 2337 2980 167,
2364 2889 2864 2977 καταλοφάδεια

617 3008 816 3065 autem
863 3023 1088 3065 merum
1136 3003 1487 3065 adverbium
1533 3009 1626 3066 est
1668 3004 1768 3079 (de
1808 3004 2161 3065 formatione
2207 3003 2387 3065 huius
2415 3005 2580 3064 vocis
2608 3002 2683 3064 cf.
2710 3003 2864 3063 Lob.

617 3107 806 3185 paral.
843 3106 981 3188 154,
1034 3108 1327 3186 Thgnost-
1352 3109 1415 3169 in
1447 3107 1641 3169 Cram,
1669 3127 1765 3168 an.
1793 3125 1889 3167 ox.
1919 3108 1996 3184 11,
2045 3102 2182 3183 164,
2211 3102 2312 3186 25,
2355 3106 2519 3168 Gurt-
2547 3103 2687 3184 Ets’»,
2716 3101 2863 3165 593.

618 3209 694 3269 cf.
757 3199 1164 3289 κατωμαδόν
1229 3211 1296 3270 11.
1349 3208 1428 3289 Ο,
1487 3206 1612 3269 352
1680 3198 2087 3287 κατωμαδὸν
2152 3195 2400 3288 ἤλασεν
2463 3201 2713 3279 ἵππους
2773 3230 2863 3254 =
2926 3277 2935 3285 ,

616 3296 763 3369 κατ’
808 3299 1075 3391 ὤμους).
1159 3314 1371 3390 Itaque
1432 3314 1611 3374 etiam
1668 3315 1877 3373 nostro
1937 3313 2067 3372 loco
2120 3330 2238 3372 non
2287 3295 2583 3370 ἀνόπαια
2624 3315 2716 3371 est
2756 3309 2863 3370 ob—

608 3413 837 3491 jectum
881 3416 1052 3476 verbi
1106 3408 1448 3492 διέπτατο,
1507 3415 1614 3476 sed
1659 3415 1823 3492 quod
1869 3434 1944 3475 ex
1988 3415 2095 3474 illo
2135 3414 2494 3491 intelligitur
2537 3399 2732 3491 ὀπήν.
2774 3443 2865 3453 -

616 3516 709 3575 Ab
755 3515 967 3578 eodem
1013 3503 1149 3597 όπή
1196 3518 1529 3579 derivatum
1574 3522 1668 3579 est
1712 3518 1968 3596 simplex

786 3613 900 3681 56.
964 3605 1248 3691 όπαῐος
1288 3620 1450 3698 quod
1481 3605 1655 3692 όπάς
1682 3620 1878 3698 habet,
1919 3619 2281 3698 perforatus,
2323 3613 2593 3697 κεραμίς
2633 3618 2864 3696 Diphil.

614 3740 709 3798 ap.
753 3723 926 3784 Phot.
969 3724 1118 3784 Poll.
1165 3725 1351 3784 Moer.
1409 3717 1615 3802 θυρίς
1673 3722 1935 3800 Hesych.
1978 3751 2063 3762 —
2107 3707 2398 3782 ὀπαῖον
2455 3726 2657 3782 autem
2713 3720 2866 3780 nihil

616 3823 857 3885 videtur
909 3825 1021 3886 nisi
1079 3825 1280 3886 ionica
1322 3825 1703 3904 amplificatio
1745 3825 1914 3886 vocis
1957 3809 2131 3905 όπή;
2195 3823 2357 3902 apud
2401 3823 2559 3884 Plut.
2600 3816 2860 3883 Pon-13

616 3916 721 4000 (τὸ
753 3921 827 3985 δὲ
858 3912 1107 3988 ὀπαῖον
1138 3920 1249 3987 ἐπὶ
1287 3924 1415 4012 τοῦ
1460 3912 1848 4005 ἀνακτόρου
1895 3926 2224 4005 [Eleusine,
2268 3945 2403 3987 cum
2433 3915 2517 3985 τὸ
2562 3913 2862 4001 διάζωμα

615 4033 676 4089 et
719 4021 784 4088 οἱ
828 4017 973 4089 ἄνω
1019 4024 1242 4101 κίονες
1276 4031 1403 4109 jam
1450 4027 1975 4109 perfectaeseent]
2023 4024 2363 4109 Ξενοκλῆς
2392 4015 2430 4088 ὁ
2466 4016 2861 4106 Χολαργεὺς

614 4122 1036 4212 ἐκορύφωσε)
1080 4137 1186 4194 aut
1230 4133 1484 4194 lacunar
1518 4133 1835 4211 significat,
1877 4137 1983 4192 ant
2011 4136 2353 4209 aperturam
2382 4132 2444 4191 in
2476 4134 2636 4191 tecto
2663 4128 2861 4207 („eine

613 4253 824 4312 grosse
855 4235 1261 4313 lichtoffnung
1290 4235 1519 4296 welche
1547 4234 1860 4297 Xenokles
1889 4234 2147 4313 wolbte,⁴
2167 4233 2371 4294 indem
2411 4232 2609 4294 dieser
2638 4230 2864 4309 tempel

613 4336 754 4398 kein
802 4339 1171 4415 hypaethroe
1218 4339 1347 4399 sein
1394 4331 1634 4399 durfte“
1677 4338 1839 4399 Mun.
1884 4336 2122 4397 Handb.
2152 4336 2210 4397 d.
2243 4335 2425 4396 Arch.
2476 4331 2611 4413 109,
2655 4331 2752 4412 5);
2795 4334 2861 4393 in
