3166 4871
2507 311 2627 373 159

556 486 869 561 Sophoclis
932 487 1370 562 tragoediarum
1421 491 1657 545 actores
1722 486 1904 545 fuisse
1947 486 2131 560 vulgo
2192 486 2398 544 dicunt
2439 484 2627 544 Clide-

391 587 602 646 midem
651 592 710 647 et
739 588 1148 664 Tlepolemum
1195 589 1270 647 ab
1301 587 1702 663 Aristophane
1744 588 1805 646 iu
1854 606 1980 647 rau.
2024 607 2079 647 v.
2112 590 2229 649 791
2280 591 2340 646 et
2384 587 2442 644 iu
2489 588 2625 644 nub.

387 710 440 749 v.
475 694 637 751 1266
670 695 1057 762 memoratos3
1104 690 1212 749 sed
1244 690 1420 749 nimia
1452 689 1649 749 adhuc
1695 688 1845 749 fides
1884 688 2027 748 data
2069 688 2311 749 scholiis
2355 687 2627 748 versibus

385 792 500 851 illis
560 791 914 868 adscriptis,
974 792 1192 868 quibus
1254 792 1374 852 duo
1437 793 1524 851 illi
1573 792 1894 851 histriones
1938 790 2223 868 Sophocli
2265 791 2627 851 tribuuntur.

383 896 592 954 Priore
666 895 799 955 loco
875 895 931 954 in
1002 894 1182 954 dubio
1247 900 1544 972 remanet,
1618 913 1755 955 num
1825 895 1899 954 de
1964 894 2276 972 Sophoclis
2340 893 2625 953 histrione

388 996 771 1073 cogitandum
837 997 941 1068 sit,
999 998 1189 1057 altero
1250 998 1494 1057 dubium
1557 1015 1688 1057 esse
1743 997 1979 1074 nequit,
2031 998 2173 1074 quin
2235 997 2625 1073 Tlepolemus

385 1118 502 1160 non
565 1100 747 1159 fuerit
808 1099 1142 1159 fabularum
1193 1104 1375 1159 actor.
1420 1101 1564 1160 Rau.
1611 1118 1669 1159 v.
1717 1102 1843 1160 758
1890 1098 2142 1175 Aeacus,
2194 1100 2424 1177 janitor
2467 1099 2627 1174 Orci,

383 1202 682 1261 Xanthiae
729 1202 947 1262 Bacchi
1018 1220 1195 1262 servo
1257 1202 1688 1279 interroganti,
1748 1202 1987 1278 quinam
2046 1199 2204 1279 apud
2263 1200 2489 1262 inferos
2549 1202 2628 1260 sit

385 1305 683 1366 homiuum
735 1305 1027 1365 tumultus
1074 1309 1134 1365 et
1179 1305 1419 1380 clamor,
1463 1304 1771 1382 Euripidis
1800 1304 2059 1363 adventu
2092 1303 2437 1364 seditionem
2470 1304 2625 1363 inter

385 1412 648 1468 mortuos
704 1413 970 1468 exortam
1017 1425 1149 1467 esse
1194 1405 1546 1484 respondet,
1602 1425 1724 1484 qus
1770 1406 1830 1465 id
1876 1412 2091 1483 agatur
2136 1410 2202 1467 ut
2245 1406 2625 1484 dijudicetur,

383 1517 582 1571 utrum
628 1511 803 1570 sedes
850 1510 1092 1570 honoris
1137 1528 1325 1587 prope
1373 1510 1644 1570 Plutonis
1691 1511 1903 1570 solium
1948 1509 2144 1588 posita
2174 1508 2474 1585 Aeschylo
2520 1510 2622 1586 qui

382 1614 703 1674 obtinuerit
761 1632 887 1672 eam
944 1618 1248 1689 servetur,
1302 1631 1379 1672 an
1429 1613 1700 1690 Euripidi
1765 1614 1865 1691 qui
1916 1612 2293 1688 impudenter
2337 1630 2465 1671 eam
2512 1610 2619 1671 sibi

378 1715 776 1776 vindicaverit
851 1716 1256 1792 concedatur3
1327 1716 1581 1776 subinde
1644 1716 1939 1775 Xanthiae
2011 1716 2323 1791 quaerenti
2383 1732 2437 1773 v.
2499 1716 2619 1774 786

378 1804 665 1877 κᾶπειτα
716 1815 862 1889 πῶς
919 1805 1002 1877 ού
1059 1812 1170 1876 καὶ
1217 1812 1613 1897 Σοφοκλέης
1678 1803 2079 1890 α’ντελὰβετο
2136 1811 2262 1874 τοῦ
2318 1800 2622 1895 &privem

377 1921 615 1981 Aeacus
661 1920 987 1996 respondet
1029 1939 1085 1979 v.
1133 1925 1286 1982 788:

465 2013 592 2098 „poi
636 2008 732 2081 Δί’
762 2006 887 2080 οὐκ
933 2014 1205 2093 ἐκεῖνος,
1251 2006 1396 2080 ἀλλ’
1429 2014 1622 2080 ἔκυσε
1665 2014 1787 2100 μὲν
1833 2006 2192 2100 Αἰσχύλον,

463 2108 616 2197 „315
664 2113 744 2203 δὴ
790 2120 1114 2201 κατῆλθε,
1157 2107 1484 2197 κάνέβαλε
1530 2113 1653 2204 τὴν
1700 2112 1945 2199 δεξιάν,

462 2210 812 2298 ,,κᾶκεϊνος
857 2212 1288 2306 ὑπεχώρησεν
1332 2210 1520 2304 αὐτῷ
1563 2223 1691 2285 τοῦ
1738 2212 2020 2304 θρόνου.

462 2323 658 2401 υνυνὶ
704 2314 763 2388 δ’
787 2318 1082 2407 ἔμελλεν,
1127 2317 1217 2400 ὡς
1263 2320 1388 2410 ἔφη
1435 2323 1890 2409 Κλειδημίδης,

464 2422 782 2512 ,ἔφεδρος
826 2426 1261 2492 καθεδεῖσθαι
1297 2447 1309 2459 ·
1343 2419 1475 2493 κᾶν
1516 2427 1641 2512 μὲν
1686 2421 2018 2511 Αἰσχύλος
2060 2429 2290 2511 κρατῇ,

462 2524 673 2611 ,ἕξειν
713 2525 889 2595 κατὰ
928 2524 1157 2621 χώραν
1190 2548 1203 2561 ·
1236 2528 1294 2593 εἰ
1339 2528 1410 2594 δὲ
1451 2524 1559 2616 μὴ,
1602 2530 1759 2613 περὶ
1802 2532 1918 2615 τῆς
1963 2529 2196 2616 τέχνης

456 2622 1199 2718 ,,διαγωνιεῐσθ’ἔφασκε
1241 2627 1415 2717 πρός
1461 2622 1962 2718 γἘὗριπίδηνί(

545 2741 641 2801 Ad
711 2760 917 2802 vocem
984 2734 1502 2821 ,,Κλειδημὶδης“
1564 2743 1750 2803 schol.
1810 2743 1982 2803 haec:
2056 2735 2617 2819 „Kamowaz-og,

373 2828 477 2903 ὅτι
532 2837 690 2914 ἴσως
742 2837 1179 2919 Σοφοκλέους
1237 2835 1381 2913 υἱὸς
1438 2827 1668 2921 οὗτος,
1727 2829 2173 2915 Ἀπολλώνιος
2218 2837 2289 2903 δὲ
2332 2830 2438 2903 ὅτι
2483 2842 2616 2902 Σο-

372 2939 699 3020 φοκλέους
752 2932 1138 3024 ὑποκριτής.
1228 2943 1434 3005 τοῦτο
1496 2941 1566 3004 δὲ
1621 2936 1867 3017 πόθεν,
1932 2940 2275 3023 σκέψασθε
2312 2991 2325 3004 .
2353 2934 2614 3017 διαβάλ-

373 3046 470 3106 λει
526 3040 597 3106 δὲ
650 3042 765 3105 καὶ
809 3042 1258 3127 Κλειδημίδην
1323 3035 1412 3118 ὡς
1469 3038 1844 3124 κακόξενον
1908 3041 2107 3122 (τινὲς
2163 3041 2233 3106 δὲ
2290 3037 2371 3107 τὸ
2427 3040 2616 3118 ,,νυνὶ

373 3133 743 3227 δ’ἔμελλενιι
800 3146 926 3208 τοῦ
995 3144 1446 3229 Κλειδημίδου
1513 3144 1722 3226 φασὶν
1793 3139 2005 3223 εἶναι).
2119 3150 2477 3227 Priusquam
2539 3148 2614 3209 de

373 3251 702 3334 Clidemide
762 3252 1052 3330 disputari
1109 3254 1327 3331 possit,
1387 3271 1692 3330 exponere
1738 3253 2033 3331 cogimur,
2085 3252 2385 3329 quomodo
2430 3252 2615 3311 verba

369 3349 560 3433 »νυνὶ
604 3338 663 3413 δ’
677 3344 946 3433 ἔμελλεν
990 3342 1083 3425 ὡς
1129 3346 1255 3435 ἔφη
1303 3349 1747 3435 Κλειδημίδης
1803 3345 2081 3435 ἔφεδρος
2138 3347 2613 3415 καθεδεῖσθαι“

366 3457 759 3534 intelligenda
804 3460 921 3518 sint
962 3462 1143 3535 atque
1182 3457 1679 3536 interpungenda.
1767 3458 2023 3519 Multum
2066 3459 2219 3519 euim
2262 3458 2339 3518 ad
2371 3475 2609 3519 sensum

374 3561 696 3620 verborum
758 3560 940 3631 valet,
1002 3566 1226 3637 utrum,
1285 3560 1343 3620 id
1399 3560 1560 3639 quod
1619 3561 1806 3621 solum
1868 3565 2094 3621 rectum
2153 3560 2294 3621 mihi
2358 3560 2613 3638 videtur,

368 3662 553 3723 verba
613 3645 740 3739 „obe
785 3652 908 3741 ἔφη
954 3656 1437 3743 Κλειδημίδης“
1500 3668 1844 3723 vertantur:
1906 3668 2009 3740 „ut
2052 3662 2408 3725 Clidemides
2452 3662 2609 3724 affir-

369 3757 602 3840 mavit“,
646 3771 747 3842 „ut
791 3783 823 3825 e
865 3765 1190 3827 Clidemide
1235 3759 1476 3826 audivi“
1521 3765 1621 3839 (ef.
1668 3765 2008 3826 Fritzscbe:
2055 3766 2473 3827 commentati
2506 3768 2608 3826 Ar.

367 3887 492 3928 rau.
537 3886 593 3943 p.
640 3870 800 3944 2813
871 3870 1183 3945 Droysen:
1251 3869 1704 3945 Uebersetzung
1749 3869 1804 3927 d.
1848 3868 1952 3928 Ar.
1996 3887 2054 3946 p.
2100 3872 2221 3932 307
2270 3870 2413 3948 „wie
2460 3869 2609 3931 Clid.

365 3967 629 4048 gesagt“,
674 3989 722 4029 e.
768 3970 932 4047 adn„
1004 3969 1235 4031 Scholl:
1299 3971 1539 4042 „Leben
1602 3971 1709 4031 des
1751 3965 2120 4049 Sophocles“
2173 3991 2228 4048 p.
2261 3976 2383 4034 395
2431 3972 2607 4042 „Hor'

365 4073 455 4133 ich
505 4091 621 4133 von
663 4071 839 4149 Kl.“),
898 4092 973 4132 au
1023 4091 1153 4133 cum
1201 4073 1434 4135 Koekio
1481 4073 1597 4147 (ed.
1643 4074 1746 4134 Ar.
1790 4093 1919 4134 ran.
1977 4075 2115 4145 „Ich
2159 4075 2410 4152 glaube,
2469 4074 2607 4135 dass

364 4173 735 4235 Klidemides
784 4177 887 4235 mit
929 4174 1266 4252 Sophokles
1313 4177 1371 4236 in
1418 4194 1529 4251 gar
1574 4175 1788 4236 keiner
1833 4176 2227 4254 Verbindung
2271 4176 2601 4253 gestsuden

365 4276 485 4336 hat.
590 4278 804 4353 Irgend
861 4279 951 4337 ein
1002 4277 1373 4339 Klidemides
1431 4279 1571 4338 wird
1632 4278 1727 4339 die
1778 4279 1985 4339 Worte
2041 4268 2356 4355 ,ἔφεδρος
2400 4277 2603 4337 καθε-
