3166 4871
1026 307 1114 363 De
1150 306 1346 362 nomin.
1380 306 1443 361 in
1476 322 1642 371 -αιος,
1711 307 1745 372 3
1781 298 1864 360 17.
2482 310 2562 371 57

1390 546 1498 612 VI.

825 667 929 734 De
973 666 1343 735 vocabulis
1387 666 1756 734 Boeoticis
1803 666 1882 733 in
1925 666 2060 751 ὴος.

490 784 597 854 17.
675 792 1053 872 Diphthongi
1086 809 1155 851 αι
1184 810 1397 855 sonum
1426 793 1591 871 apud
1622 793 1888 854 Graecos
1916 792 2227 869 paullatim
2261 790 2567 851 transiisse

313 894 373 955 in
416 911 451 955 e
491 899 703 956 notum
737 898 846 956 est.
930 895 1047 958 Sed
1094 913 1243 957 sono
1273 899 1502 956 mutato
1547 894 1906 973 diphthongi
1934 895 2168 971 signum
2212 895 2566 971 plerumque

316 997 678 1076 servabant,
740 1003 807 1058 ut
849 1000 1056 1059 nostro
1101 1001 1372 1076 tempore
1417 998 1795 1074 Francogalli
1839 996 2112 1057 scribunt
2153 997 2245 1075 ai,
2301 1015 2565 1074 pronun·

316 1102 468 1161 tiant
512 1116 573 1161 e:
631 1118 829 1178 neque
869 1101 987 1161 alia
1031 1102 1263 1163 ratione
1307 1101 1857 1177 pronuntiationem
1903 1103 2186 1160 mutatam
2231 1100 2567 1176 intelligere

317 1219 673 1280 possumus,
731 1221 909 1280 quam
968 1203 1297 1264 scribarum
1359 1202 1591 1264 mendis
1648 1202 1950 1264 interdum
2005 1220 2036 1261 ε
2089 1221 2198 1280 pro
2241 1219 2310 1261 αι
2353 1203 2453 1261 vel
2499 1219 2566 1259 αι

316 1325 429 1384 pro
475 1323 506 1363 ε
554 1304 979 1384 scribentium,
1037 1324 1160 1383 qua
1216 1305 1294 1365 de
1348 1324 1414 1366 re
1467 1324 1654 1383 supra
1705 1306 1768 1365 in
1823 1324 1956 1384 cap.
2004 1306 2086 1366 IV
2131 1305 2405 1366 diximus.
2491 1305 2571 1364 Et

325 1426 514 1486 quum
562 1407 667 1469 ille
709 1425 840 1468 mos
880 1407 1233 1469 retinendae
1274 1408 1616 1486 scripturae
1660 1409 1944 1486 antiquae
1986 1426 2062 1470 ex
2104 1410 2193 1470 rei
2239 1413 2455 1469 natura
2497 1409 2570 1468 iis

318 1511 574 1572 maxime
619 1509 888 1572 dialectis
933 1511 1214 1589 proprius
1258 1516 1448 1588 esset,
1504 1528 1660 1588 quae
1718 1529 1757 1570 a
1811 1512 2202 1589 scriptoribus
2259 1518 2322 1572 et
2372 1512 2569 1590 poetis

316 1613 575 1674 maxime
618 1613 1078 1692 excolebantur,
1120 1613 1377 1690 ionicae,
1423 1614 1674 1691 atticae,
1718 1613 1935 1674 deinde
1981 1614 2216 1691 vulgari
2262 1633 2418 1692 quae
2460 1633 2569 1674 vo-

316 1715 603 1795 cabatur,
660 1720 859 1777 tamen
919 1734 995 1777 ne
1055 1720 1390 1778 ceterarum
1452 1716 1694 1793 quidem
1739 1716 2126 1778 dialectorum
2173 1717 2570 1779 monumentis

316 1817 523 1896 lapide
582 1819 683 1879 vel
734 1837 878 1879 aere
935 1818 1139 1880 incisis
1195 1818 1388 1879 defuit
1454 1825 1623 1880 certa
1688 1820 1981 1897 quaedam
2051 1820 2203 1880 ratio
2269 1819 2568 1880 scribendi

315 1922 660 1998 antiquitus
703 1920 956 1997 tradita,
1017 1926 1087 1982 ut
1137 1940 1215 1982 ne
1276 1921 1427 1981 hacc
1484 1921 1727 1998 quidem
1784 1939 2068 1983 sonorum
2125 1940 2272 1983 suae
2331 1923 2572 1983 dialecti

318 2025 424 2085 illo
469 2026 741 2101 tempore
784 2024 1309 2102 pronuntiaturum
1352 2022 1529 2084 fidam
1587 2024 1905 2101 imaginem
1961 2024 2307 2101 praebeant,
2392 2026 2572 2085 Nova

315 2131 520 2188 umen
581 2126 922 2188 litteratura
981 2128 1228 2204 recepta
1294 2127 1629 2187 nonnullae
1689 2126 1965 2187 nationes
2024 2127 2199 2186 etiam
2262 2126 2571 2203 orthogra-

316 2230 518 2308 phiam
564 2229 649 2289 ita
693 2232 1109 2306 mutaverunt,
1164 2234 1231 2290 ut
1274 2230 1436 2290 sonis
1493 2247 1605 2290 usu
1652 2228 1890 2289 dicendi
1935 2229 2176 2289 mutatis
2220 2228 2570 2290 accomoda·

317 2334 454 2395 rent
498 2349 693 2392 novae
736 2331 1112 2393 litteraturae
1151 2332 1345 2411 signa,
1389 2332 1554 2409 quod
1600 2350 1785 2409 quum
1828 2331 1903 2392 ab
1934 2331 2150 2392 Atticis
2193 2330 2420 2394 factum
2463 2335 2573 2410 est,

316 2441 465 2514 tum,
506 2435 667 2512 quod
710 2453 871 2496 nunc
911 2439 1119 2496 nostra
1160 2434 1299 2512 plus
1341 2433 1608 2513 interest,
1651 2454 1689 2495 a
1731 2434 1987 2496 Boeotis.

488 2537 702 2598 Boeoti
746 2538 931 2614 enim,
991 2556 1176 2615 quum
1236 2538 1406 2598 initio
1460 2538 1761 2621 quarti-a.
1806 2538 1946 2599 Chr.
1992 2557 2048 2598 n.
2092 2538 2318 2599 saeculi
2361 2539 2573 2599 relicta

314 2659 391 2702 ea
450 2657 573 2718 qua
632 2656 828 2718 usque
894 2638 973 2700 ad
1031 2638 1092 2700 id
1152 2643 1389 2718 tempus
1448 2641 1540 2699 usi
1602 2642 1777 2700 erant
1835 2639 2177 2701 litteratura
2237 2641 2575 2718 reciperent

322 2743 727 2804 litteraturam
771 2742 1034 2803 Ionicam
1053 2786 1070 2818 ,
1131 2742 1308 2802 etiam
1369 2740 1669 2802 scribendi
1715 2743 2008 2803 rationem
2051 2748 2435 2804 mutaverunt
2473 2743 2575 2821 ita,

316 2849 387 2906 ut
454 2845 617 2906 sonis
703 2846 1107 2921 pronuntiatis
1189 2846 1363 2924 signa
1432 2848 1719 2905 accurate
1791 2845 2242 2924 responderent,
2279 2911 2288 2916 ,
2356 2848 2571 2922 Itaque

322 2965 509 3026 quum
554 2949 736 3009 Iones
777 2951 924 3009 tunc
965 2966 1078 3024 pro
1131 2952 1337 3008 vetere
1394 2963 1437 3008 u
1479 2948 1947 3026 pronuntiarent
1999 2953 2070 3026 il,
2124 2949 2455 3009 scriberent
2502 2945 2573 3025 Y,

321 3067 440 3128 pro
484 3053 693 3112 vetere
735 3065 814 3109 ou
857 3049 1323 3128 pronuntiarent
1364 3066 1439 3129 u,
1481 3049 1820 3110 scriberent
1868 3048 2000 3128 ΟΥ,
2039 3050 2281 3127 Boeoti,
2324 3050 2429 3125 qui
2472 3066 2573 3109 ve-

313 3156 505 3213 terem
564 3151 800 3213 voealis
841 3168 884 3212 u
936 3153 1484 3230 pronuntiationem
1530 3153 1940 3230 retinuerant,
1996 3152 2152 3211 hanc
2198 3152 2411 3211 litteris
2459 3148 2583 3210 ΟΥ

315 3254 675 3333 signabant,
737 3251 801 3315 Y
841 3259 1036 3316 autem
1098 3253 1466 3315 adhibebant
1523 3253 1598 3314 ad
1663 3272 1881 3315 novam
1942 3253 2240 3331 quandam
2299 3254 2570 3313 vocalem

322 3356 759 3435 designandam
801 3375 880 3418 ex
921 3357 1251 3417 vetustiore
1296 3374 1359 3417 οι
1406 3360 1625 3434 natam,
1670 3375 1826 3434 quae
1869 3357 1982 3417 nisi
2026 3355 2203 3417 fallor
2241 3355 2493 3418 sonabat
2519 3357 2572 3415 ὂ.

316 3458 396 3522 Et
436 3477 645 3538 quum,
690 3475 845 3538 quac
887 3460 1166 3537 primitus
1209 3465 1536 3521 sonuerant
1579 3460 1646 3518 αἱ
1689 3464 1751 3519 et
1794 3461 1866 3538 ei,
1907 3460 2374 3537 pronuntiarent
2408 3453 2442 3519 ὲ
2482 3457 2577 3532 (ut

321 3578 489 3623 more
532 3560 969 3638 francogallico
1012 3557 1294 3634 scribam)
1338 3566 1401 3623 et
1440 3564 1481 3639 i,
1522 3580 1636 3640 pro
1681 3558 1790 3622 ΑΙ
1839 3565 1902 3622 et
1944 3558 2050 3621 ΕΙ
2086 3562 2304 3639 prioris
2349 3562 2574 3622 littera-

258 3701 269 3708 ·
312 3681 491 3739 turae
532 3663 598 3724 in
641 3681 803 3724 nova
845 3662 1290 3725 substituebant
1332 3662 1405 3723 H
1438 3668 1502 3724 et
1546 3663 1618 3739 I,
1669 3664 1731 3725 id
1789 3662 1954 3742 quod
1998 3663 2309 3725 luculento
2355 3668 2447 3724 est
2488 3669 2573 3724 te-

317 3766 595 3827 stimonio
617 3809 637 3844 ,
691 3766 871 3826 Iones
922 3765 1025 3826 illo
1070 3770 1340 3844 tempore
1386 3765 1651 3828 nondum
1695 3784 1737 3846 η
1783 3769 1843 3826 et
1888 3781 1948 3824 ει
1989 3767 2218 3849 pariter
2261 3770 2330 3826 ut
2373 3767 2395 3825 i
2438 3784 2574 3843 pro·

318 3869 653 3930 nuntiasse.
765 3867 1045 3945 Denique
1107 3886 1221 3946 pro
1280 3870 1478 3945 priore
1524 3867 1588 3928 Ε
1635 3869 1873 3947 longam
1926 3869 2197 3929 vocalem
2249 3868 2577 3929 denotante

312 3973 650 4048 posuerunt
716 3967 851 4046 EI,
912 3970 1075 4030 unde
1136 3977 1425 4048 apparet,
1483 3972 1662 4032 huius
1722 3971 1948 4031 vocalis
2008 3988 2221 4032 sonum
2281 3969 2472 4031 fuisse
2529 3967 2578 4050 ὁ,

329 4089 510 4149 quem
554 4089 772 4132 sonum
814 4073 999 4131 attico
1031 4070 1135 4131 ΕΙ
1174 4072 1276 4133 illo
1323 4079 1591 4150 tempore
1634 4073 1820 4133 fuisse
1851 4076 2086 4133 constat
2115 4072 2265 4151 (qua
2294 4073 2370 4133 de
2400 4091 2467 4133 re
2501 4073 2577 4134 cf.
2693 4143 2700 4150 ,

320 4173 780 4252 Beermannum,
824 4172 900 4234 de
946 4173 1085 4234 dial.
1133 4176 1338 4235 Boeot.
1382 4174 1549 4236 Stud.
1579 4175 1683 4254 IX,
1714 4179 1791 4236 27
1825 4172 1961 4253 sq.).

493 4276 713 4353 Neque
756 4279 955 4336 tamen
994 4276 1144 4337 hacc
1175 4294 1333 4340 nova
1361 4276 1664 4338 scribendi
1696 4279 1851 4338 ratio
1881 4277 2204 4337 admodum
2235 4278 2580 4336 constanter

2091 4386 2165 4440 ⁴0
