3166 4871
27 393 34 406 -
7 239 34 368 ...Ἡ-ἶ*-

612 277 731 338 112
1607 270 1872 325 Zacher

606 468 753 511 esse.
856 449 1006 510 Inde
1065 450 1337 527 sequitur
1394 450 1553 508 hanc
1614 449 1863 508 formam
1924 466 2035 527 per
2092 448 2276 508 breve
2334 452 2563 508 tantum
2620 451 2855 525 tempus

606 554 880 613 usitatam
950 551 1152 613 fuisse.
1255 552 1474 629 Neque
1537 550 1597 610 id
1663 550 1982 627 absonum,
2054 549 2263 610 eadem
2334 551 2489 611 enim
2549 568 2681 611 sors
2741 550 2855 610 fuit

605 654 830 715 formae
873 639 1184 734 Ἀθηνάα,
1228 672 1407 732 qnam
1453 654 1683 713 nullius
1729 652 2040 731 scriptoris
2084 654 2247 714 attici
2292 654 2631 714 testimonio
2661 652 2853 714 firma-

604 763 720 816 tam
769 777 951 834 quum
998 763 1197 818 tamen
1243 756 1443 832 aliquo
1490 759 1761 833 tempore
1808 757 2083 817 usitatam
2129 755 2313 815 fuisse
2343 759 2638 832 oporteat,
2680 761 2748 816 ut
2777 775 2853 816 ex

602 843 921 939 Ἀθηναία
963 860 1138 920 fieret
1181 843 1452 937 Ἀθηνᾶ,
1512 877 1724 919 revera
1781 860 2048 919 extitisse
2105 860 2304 936 arguit
2359 859 2572 919 titulus
2632 859 2853 918 atticus

604 963 734 1023 CIA
766 959 908 1039 351,
939 959 995 1039 2,
1039 962 1331 1023 exhibens
1376 945 1687 1041 Άθηνάα.
1781 961 2067 1022 Similiter
2111 961 2450 1022 terminatio
2482 959 2668 1050 dativi
2696 961 2853 1039 plur.

602 1066 660 1124 in
708 1077 890 1142 -αισι,
935 1083 1112 1141 quam
1160 1065 1570 1125 intercessisse
1604 1068 1842 1142 oportet
1871 1065 2029 1124 inter
2059 1065 2449 1124 vetustiorem
2494 1075 2650 1144 -ησι,
2695 1077 2851 1140 -ῃσι,

602 1167 742 1226 -ἇσι
787 1172 846 1227 et
888 1168 1280 1228 recentiorem
1329 1184 1457 1243 αις,
1516 1185 1625 1243 per
1684 1168 1961 1243 exiguum
2024 1172 2263 1244 tempus
2319 1167 2562 1227 videtur
2614 1168 2674 1225 in
2738 1185 2848 1227 usu

603 1271 809 1348 fuisse,
868 1271 930 1328 in
997 1271 1184 1330 titulis
1244 1271 1441 1330 atticis
1499 1271 1656 1330 enim
1716 1290 1834 1329 non
1894 1275 2135 1330 servata
2193 1276 2282 1331 est
2325 1271 2438 1331 nisi
2482 1270 2718 1330 circiter
2761 1268 2853 1332 01.

514 1414 524 1420 -
601 1369 681 1430 90
728 1373 932 1433 incisis
978 1371 1078 1445 (cf.
1113 1372 1308 1433 Cauer
1354 1372 1428 1431 de
1474 1372 1627 1431 dial:
1663 1373 1786 1432 Att.
1818 1372 1986 1434 Stud.
2020 1374 2178 1450 VIII,
2223 1369 2345 1430 408
2377 1369 2509 1449 sq.).
2580 1373 2848 1432 Tertium

599 1477 940 1554 exemplum
1007 1482 1100 1535 est
1152 1463 1387 1553 Ἐρμῆς
1455 1481 1517 1535 et
1570 1462 1892 1553 Ἑρμείας,
1970 1475 2045 1536 de
2112 1493 2232 1551 quo
2298 1477 2614 1536 Rennerus
2682 1474 2850 1536 Stud.

599 1579 645 1653 Ι,
693 1576 745 1656 1,
792 1574 950 1637 218:
1018 1580 1135 1656 „Ut
1179 1579 1334 1637 enim
1379 1583 1535 1656 γαῖα
1579 1576 1740 1653 apud
1785 1582 1997 1654 poetas
2041 1579 2101 1638 in
2148 1595 2259 1638 usu
2307 1582 2454 1656 erat,
2498 1575 2582 1658 γῆ
2613 1574 2743 1656 (γᾶ)
2788 1579 2847 1637 ἰιι

599 1699 781 1758 prosa
826 1681 1100 1750 oratione
1146 1682 1404 1740 omnium
1438 1679 1848 1757 dialectorum‚
1893 1698 2199 1758 nunquam
2247 1673 2390 1759 γεή,
2434 1682 2519 1740 sic
2553 1668 2849 1759 Ἑρμείας

599 1783 880 1844 dixerunt
938 1784 1125 1860 epici,
1174 1768 1412 1861 Ἑρμῆς
1472 1783 1664 1843 omnis
1711 1782 1925 1843 Graeci
1986 1784 2045 1842 in
2099 1783 2259 1844 vitae
2316 1782 2658 1844 cotidianae
2720 1801 2849 1859 usu,

603 1904 797 1963 neque
843 1884 901 1944 hi
948 1903 1146 1962 neque
1192 1885 1276 1944 illi
1306 1872 1767 1964 ‘Epuevlg(ag)“.
1856 1879 1994 1944 Γέα
2036 1890 2236 1945 autem
2282 1903 2355 1945 ex
2399 1890 2555 1963 γαῖα
2601 1905 2720 1947 non
2765 1888 2849 1946 ita

599 1992 830 2064 natum,
891 1992 957 2047 ut
1017 1983 1451 2046 Ποτειδεᾶται
1509 2005 1586 2047 ex
1642 1980 2144 2065 Ποτειδαιᾶται,
2201 2006 2335 2048 nam
2394 1988 2508 2049 hoc
2565 1989 2849 2066 analogia

595 2094 831 2151 tantum
878 2090 1310 2167 permultorum
1372 2090 1749 2150 ethnicorum
1803 2091 1862 2149 in
1926 2087 2113 2148 εᾶται
2171 2090 2564 2154 desinentium
2621 2089 2845 2152 factum

598 2199 706 2269 est,
750 2192 858 2253 sed
906 2211 980 2252 ex
1028 2198 1186 2271 γαῖα
1230 2193 1483 2270 primum
1530 2191 1753 2253 factum
1785 2197 1878 2252 est
1909 2187 2085 2270 ydija,
2130 2193 2349 2253 deinde
2386 2192 2533 2271 yeja
2561 2194 2660 2255 vel
2691 2189 2849 2272 γεά,

595 2315 668 2355 ex
714 2297 828 2354 hoc
873 2311 896 2350 ι
941 2295 1086 2355 eliso
1146 2289 1284 2373 γέα.
1370 2295 1615 2355 Rectius
1674 2296 1853 2355 etiam
1910 2295 2137 2372 dicam,
2195 2295 2443 2356 formam
2504 2297 2844 2373 primariam

595 2398 779 2458 fuisse
822 2401 996 2476 γαΐα,
1041 2399 1211 2458 cuius
1256 2413 1280 2455 ι
1323 2398 1419 2458 vel
1468 2415 1601 2457 cum
1635 2415 1677 2456 α
1705 2398 1765 2457 in
1805 2397 2238 2476 diphthongum
2285 2398 2525 2476 coaluit,
2569 2400 2668 2461 vel
2698 2419 2848 2485 sono

594 2499 837 2577 palatali
899 2500 959 2560 in
1021 2499 1148 2559 dies
1206 2500 1452 2559 similius
1514 2499 1740 2561 factum
1801 2501 1860 2561 in
1924 2501 2053 2561 dies
2107 2502 2283 2561 etiam
2344 2504 2529 2580 magis
2583 2505 2849 2582 evanuit,

595 2622 778 2679 quum
827 2598 868 2660 ἆ
914 2601 1287 2680 praecedens
1345 2604 1406 2661 in
1461 2604 1659 2682 ionica
1713 2605 2016 2680 atticaque
2072 2604 2330 2665 dialecto
2375 2606 2661 2683 paulatim
2709 2608 2769 2666 in
2816 2624 2843 2665 ε

591 2706 913 2782 transiret,
963 2706 1025 2764 in
1072 2705 1288 2764 ceteris
1335 2709 1607 2765 naturam
1652 2707 1954 2783 propriam
2000 2712 2287 2767 servaret-
2372 2709 2463 2769 Ita
2508 2708 2668 2786 apud
2712 2708 2847 2769 illos

592 2812 746 2885 γαΐα
788 2804 940 2885 γαά
983 2802 1126 2885 γεῑα
1168 2825 1285 2885 γεα
1327 2804 1446 2886 γῆ,
1523 2808 1686 2886 apud
1747 2810 1856 2868 hos
1900 2814 2054 2887 γαΐα
2110 2805 2262 2888 γαΐα
2305 2806 2435 2887 γᾶα
2475 2806 2559 2888 γᾶ
2616 2809 2841 2872 factum

594 2908 693 2981 (cf.
740 2929 832 2993 ep.
889 2894 1285 2988 Ἀλκμαίων,
1351 2914 1454 2971 att.
1510 2895 1871 2989 Hiatue'mv,
1940 2911 2068 2972 dor.
2115 2896 2454 2990 Ἀλκμάων
2510 2896 2840 2991 Ἀλκμάν).

595 3014 765 3073 Hauc
824 3031 956 3074 esse
1001 3014 1168 3072 vocis
1236 3018 1302 3072 ut
1343 3014 1426 3073 ita
1469 3012 1664 3073 dicam
1712 3014 2041 3091 historiam,
2100 3033 2177 3075 ex
2223 3016 2559 3076 nominibus
2604 3036 2839 3094 compo·

593 3117 721 3176 sitis
768 3121 828 3177 et
873 3115 1160 3175 derivatis
1205 3115 1532 3194 intelligas,
1577 3135 1732 3193 quae
1765 3117 1896 3193 jam
1938 3117 2314 3194 subjungam.
2398 3118 2602 3194 Atque
2645 3121 2840 3197 primo

589 3218 834 3293 quidem
884 3219 1018 3279 loco
1063 3216 1352 3295 tractabo,
1398 3238 1555 3296 quae
1599 3221 1990 3296 posteriorem
2023 3240 2061 3280 a
2090 3215 2175 3300 γῆ
2201 3211 2555 3281 derivarunt
2590 3227 2845 3301 partem,

591 3320 928 3380 desinentia
987 3321 1046 3380 in
1091 3338 1277 3399 γαιος
1320 3338 1496 3399 γειος
1540 3339 1723 3400 γεως.
1812 3322 2082 3383 Difficilis
2137 3327 2230 3384 est
2285 3324 2583 3400 quaestio,
2640 3326 2841 3386 sintne

589 3426 787 3483 certae
851 3422 1146 3499 quaedam
1207 3423 1400 3501 leges,
1462 3425 1683 3500 quibus
1740 3424 1855 3484 hae
1914 3425 2141 3485 formae
2200 3427 2358 3486 inter
2414 3444 2477 3487 se
2544 3427 2843 3504 differant,

589 3542 766 3601 quam
814 3526 1224 3601 quaestionem
1265 3525 1425 3601 quod
1459 3527 1643 3586 sciam
1674 3546 1846 3588 nemo
1879 3546 2202 3605 aggressus
2230 3533 2323 3588 est
2352 3528 2466 3588 nisi
2496 3529 2844 3592 Lobeckius

589 3626 666 3687 ad
711 3627 936 3702 Phryn.
979 3646 1039 3704 p.
1069 3623 1193 3685 297
1227 3646 1331 3704 sq.,
1377 3630 1478 3705 qui
1526 3647 1869 3706 quanquam
1918 3649 2116 3706 neque
2161 3630 2448 3707 exemplis
2500 3637 2596 3692 sat
2637 3634 2845 3693 multis

587 3748 785 3806 neque
847 3731 1206 3807 scriptorum
1275 3730 1637 3792 editionibus
1708 3733 1872 3793 bona
1934 3733 2206 3793 codicum
2273 3752 2529 3794 censura
2591 3733 2845 3796 firmatis

586 3850 731 3893 usus
778 3833 965 3893 multa
1007 3838 1170 3895 recte
1218 3833 1393 3910 vidit,
1452 3839 1649 3895 tamen
1712 3854 1829 3895 uon
1890 3835 1969 3895 ad
2028 3835 2321 3913 liquidum
2366 3855 2492 3897 rem
2535 3838 2846 3917 perduxit,

583 3939 643 3994 ct
685 3934 761 3995 de
803 3924 1123 4013 μεσόγαια
1166 3936 1408 4013 quidem
1441 3938 1500 3996 in
1533 3938 1652 3997 fine
1684 3939 2084 4014 quaestionis:
2127 3938 2533 4016 „variantibus
2577 3941 2841 4016 plerum·

583 4056 702 4120 que
761 4036 1099 4115 codicibus,
1161 4040 1271 4116 ait,
1335 4039 1626 4099 dubitatio
1686 4040 1956 4118 incessit,
2020 4044 2219 4102 utrum
2279 4042 2507 4123 Graeci‘
2547 4044 2661 4120 ipsi
2715 4047 2843 4104 vim

583 4142 865 4204 vocabuli
913 4142 1124 4205 crebro
1171 4161 1284 4202 usu
1333 4143 1668 4203 hebetatam
1717 4145 1933 4204 sensim
1977 4146 2321 4224 everterint,
2365 4166 2438 4206 au
2487 4146 2600 4206 hoc
2643 4151 2840 4209 totum

579 4244 838 4305 librariis
888 4243 1267 4305 tribuendum
1314 4238 1442 4305 sit“.
1525 4246 1718 4306 Ceteri
1763 4248 1909 4305 satis
1954 4246 2176 4307 habeut
2220 4247 2568 4327 affirmasse,
2613 4250 2846 4313 formas
