3166 4871
1010 296 1096 351 De
1131 296 1337 351 nomin.
1371 297 1431 350 in
1466 315 1632 362 -αιος,
1700 298 1733 367 5
1768 302 1849 353 38.
2015 297 2025 314 ‘
2440 306 2549 365 111

305 475 370 535 in
434 473 712 534 omnibus
770 476 984 535 ceteris
1044 476 1284 537 casibus
1345 476 1579 536 illorum
1626 476 2071 536 similitudinem
2115 477 2372 554 respuit,
2430 477 2560 537 solo

305 578 577 654 genitivo
621 577 870 654 pluralis
914 596 1044 639 eam
1088 581 1257 656 sequi
1301 579 1630 656 putemus?
1683 580 1858 639 immo
1903 579 2378 640 terminationem
2427 596 2560 637 εων

305 680 588 740 omnibus
631 682 859 757 primae
905 681 1323 741 declinationis
1367 682 1618 742 vocibus
1663 700 2052 760 communem,
2097 700 2277 760 quum
2324 683 2456 759 ipsa
2501 684 2559 741 in

308 801 350 863 η
399 783 723 862 desineret,
766 783 1113 862 simpliciter
1153 785 1398 863 recepit.
1486 785 1663 860 Quod
1709 791 1907 845 autem
1942 805 1979 844 a
2008 786 2271 844 Pindaro
2312 787 2563 845 accersit

306 887 743 964 testimonium,
799 905 1044 964 vereor·
1071 892 1135 947 ut
1188 893 1349 948 stare
1404 890 1614 965 possit.
1699 889 1935 948 Etenim
1996 887 2089 950 Ol.
2126 884 2220 965 13,
2271 886 2388 944 114
2448 905 2560 964 pro

308 990 560 1067 vulgata
628 979 926 1067 γαιαόχῳ
998 989 1338 1051 Boeckhius
1411 1009 1444 1050 e
1520 992 1690 1051 libris
1763 991 2069 1050 nonnullis
2127 990 2561 1050 recentioribus
2662 1023 2669 1026 =

307 1093 654 1153 emendavit
693 1081 982 1170 γεαόχῳ,
1042 1098 1232 1154 metro
1289 1098 1453 1154 certe
1499 1093 1897 1172 suffragante,
1961 1093 2125 1169 quod
2182 1094 2240 1152 in
2290 1092 2562 1153 omnibus

309 1194 592 1256 versibus
663 1196 1170 1272 respondentibus
1241 1196 1447 1257 finitur
1520 1215 1684 1257 mero
1770 1197 2027 1257 diiambo
2102 1194 2296 1268 (cuius
2370 1198 2563 1274 prima

308 1298 549 1376 syllaba
590 1299 834 1359 videtur
878 1299 1150 1360 consulto
1201 1318 1439 1377 semper
1492 1279 1900 1376 brevis'esse‚
1959 1318 2142 1376 quum
2200 1301 2259 1359 in
2319 1318 2562 1378 praece-

310 1401 497 1461 dente
544 1402 812 1479 stropha,
857 1401 997 1461 huic
1042 1421 1238 1481 paene
1285 1404 1434 1481 pari,
1478 1403 1627 1463 haec
1671 1402 1905 1479 syllaba
1940 1420 2177 1480 semper
2220 1402 2399 1479 longa
2443 1399 2563 1475 sit).

311 1506 413 1581 At,
457 1510 623 1581 puto,
666 1522 786 1565 non
831 1504 1025 1565 ionice
1068 1505 1304 1565 locutus
1347 1508 1440 1565 est
1483 1505 1802 1583 Pindarus,
1847 1509 2079 1565 ceteras
2110 1510 2309 1565 autem
2352 1511 2563 1581 gentes

312 1624 435 1666 non
469 1607 657 1666 simile
689 1610 781 1666 est
808 1608 954 1681 veri,
986 1626 1251 1684 unquam
1284 1625 1609 1685 usurpasse
1640 1607 1891 1668 formam
1925 1601 2061 1686 γέα.
2135 1609 2288 1667 Nam
2319 1608 2563 1668 vocales

311 1725 396 1767 εα
440 1707 603 1785 apud
645 1709 1001 1788 Dorienses,
1044 1710 1402 1789 Aeolenses,
1444 1711 1730 1790 Boeotos,
1774 1712 1821 1771 si
1868 1711 2337 1789 contrahuntur,
2398 1709 2561 1788 quod

312 1813 675 1890 plerumque
718 1829 840 1872 non
883 1811 976 1890 fit,
1035 1831 1272 1890 semper
1323 1815 1762 1874 contrahuntur
1802 1815 1864 1873 in
1909 1831 1949 1893 η
1996 1813 2165 1886 (Ahr.
2210 1814 2378 1874 Aeol.
2426 1809 2565 1872 103.

321 1909 464 1973 178.
508 1910 650 1973 202.
693 1915 838 1976 Dor.
889 1910 1026 1975 193.
1070 1911 1238 1989 234).
1324 1918 1537 1994 Itaque
1582 1916 1710 1977 dor.
1753 1912 1837 1995 γᾶ
1882 1934 1956 1976 ex
1999 1909 2115 1993 γέα
2166 1915 2390 1976 factum
2435 1933 2564 1975 esse

313 2015 504 2093 (qnae
561 2020 652 2077 est
707 2017 888 2077 Pottii
946 2018 1242 2079 sententia
1301 2020 1403 2079 EF
1447 2013 1529 2095 11,
1587 2017 1653 2096 4,
1709 2014 1815 2091 31)
1878 2035 2000 2077 non
2060 2035 2236 2094 posse
2288 2021 2565 2095 apparet.

315 2117 509 2178 Multo
553 2113 932 2181 verisimilius
975 2126 1084 2200 est,
1125 2120 1286 2200 apud
1318 2123 1642 2183 Dorienses
1678 2140 1754 2181 ex
1799 2125 1956 2199 γαῖα
2001 2139 2122 2180 uon
2165 2119 2389 2180 factum
2435 2136 2565 2179 esse

312 2214 454 2298 γέα,
516 2221 623 2282 sed
668 2239 711 2280 α
767 2222 1050 2284 interiore
1111 2228 1350 2285 servato
1409 2224 1720 2302 paullatim
1784 2224 2102 2283 evanuisse
2160 2240 2213 2294 ι,
2281 2227 2348 2282 ut
2404 2221 2565 2298 apud

315 2325 552 2385 Atticos
595 2325 658 2384 in
701 2343 852 2386 voce
896 2309 1212 2405 Ἀθηναία
1256 2326 1478 2387 sactum
1524 2329 1633 2387 est.
1705 2327 1799 2385 Ita
1829 2344 1904 2386 ex
1942 2331 2098 2404 γαῖα
2138 2314 2289 2403 γάά
2331 2313 2458 2402 γάα
2487 2321 2569 2402 γᾶ

316 2425 577 2506 sactum3
622 2426 699 2489 cf.
726 2416 868 2488 θάα
898 2429 1026 2490 dor.
1056 2435 1115 2491 et
1145 2423 1277 2489 θέα
1321 2433 1424 2491 att.
1513 2431 1684 2505 Quae
1729 2448 1912 2507 quum
1957 2429 2041 2489 ita
2086 2428 2223 2505 sint,
2266 2427 2567 2488 Pindarus
2600 2494 2607 2501 ⁸

315 2529 543 2591 dixisse
572 2530 815 2593 videtur
843 2532 939 2593 vel
968 2522 1256 2612 γααόχῳ,
1299 2534 1394 2594 vel
1423 2521 1740 2612 γαιαόχῳ,
1785 2531 2156 2609 diphthongo
2190 2547 2257 2589 αι
2290 2534 2569 2605 correpta

318 2636 390 2691 ut
431 2635 675 2712 saepius
719 2636 783 2695 in
828 2634 1038 2696 mediis
1080 2635 1394 2697 vocabulis
1438 2635 1846 2712 diphthongos
1891 2638 2030 2694 ante
2073 2634 2317 2693 vocales
2349 2632 2570 2709 corripi

313 2734 577 2796 vidimus
635 2755 819 2816 supra
876 2759 934 2817 p.
965 2736 1020 2798 8.
1120 2738 1314 2813 Quam
1375 2737 1735 2816 diphthongi
1792 2738 2143 2798 brevitatem
2206 2754 2384 2812 quum
2447 2753 2565 2794 non

315 2837 733 2917 intelligerent
775 2840 1019 2921 librarii,
1063 2861 1173 2919 pro
1217 2858 1371 2920 γαια
1408 2844 1746 2919 posuerunt
1773 2857 1890 2918 γεα
1919 2838 2318 2917 grammaticis
2347 2839 2571 2898 tritum.

318 2942 552 3005 Eodem
596 2943 776 3004 modo
821 2943 1240 3022 explicandum
1288 2949 1381 3005 est
1424 2932 1742 3024 γαιηόχον
1785 2942 1948 3020 apud
1978 2941 2306 3002 Hesiodum
2337 2940 2569 3016 Theog.

325 3045 426 3123 15,
467 3064 580 3124 pro
625 3064 758 3124 quo.
791 3048 911 3108 non
957 3052 1140 3125 recte,
1182 3065 1527 3125 quanquam
1559 3047 1764 3106 multis
1803 3043 2287 3119 assentientibus,
2329 3060 2405 3102 ex
2449 3059 2569 3102 uno
2678 3060 2700 3085 x

317 3147 531 3209 codiee
571 3148 938 3227 Gottlingius
981 3150 1185 3227 posuit
1228 3139 1534 3229 γεηόχον,
1580 3149 1829 3209 formam
1873 3147 1936 3206 in
1968 3146 2222 3205 dialecto
2269 3145 2441 3221 epica
2484 3143 2568 3202 in-

314 3250 606 3311 auditam.
647 3281 737 3291 ——
779 3253 1039 3330 ReJectis
1097 3252 1453 3331 testimoniis
1512 3270 1588 3311 ex
1645 3249 1907 3311 Hesiodo
1953 3248 2263 3309 Herodoto
2309 3244 2570 3306 Pindaro

315 3354 577 3431 sumptis
631 3358 863 3415 restant
905 3355 1311 3433 Democritus,
1374 3372 1550 3431 quem
1613 3354 1792 3415 Clem.
1837 3353 1930 3412 Al.
1975 3352 2189 3413 Strom.
2240 3349 2301 3429 1,
2347 3345 2472 3406 304
2517 3348 2569 3409 A

315 3450 478 3535 γέας
521 3456 746 3518 dixisse
789 3460 960 3519 testis
1006 3462 1114 3536 est,
1157 3464 1218 3518 et
1262 3456 1629 3535 Crinagoras
1673 3457 1854 3516 Anth.
1899 3455 2023 3515 Pal.
2069 3450 2147 3532 9,.
2171 3450 2326 3550 430:
2377 3438 2572 3512 Ἄλλα

319 3549 453 3638 γὰρ
499 3543 768 3619 ἀλλοῖαι
811 3549 1040 3619 πάντα
1084 3555 1367 3638 φέρουσι
1412 3553 1576 3638 γέαι,
1623 3577 1879 3638 quorum
1922 3558 2163 3618 testium
2206 3557 2301 3616 hic
2331 3553 2569 3632 quidem

319 3679 541 3739 parum
603 3661 792 3741 valet,
858 3681 1041 3740 quum
1112 3681 1183 3723 eo
1245 3666 1516 3739 tempore
1580 3663 1825 3740 vixerit,
1897 3679 2017 3738 quo
2081 3652 2200 3739 γέα
2260 3657 2453 3718 forma
2512 3657 2571 3716 in

322 3762 452 3823 vita
510 3764 863 3840 quotidiana
923 3768 1086 3826 ce‘rte
1147 3764 1250 3825 diu
1297 3765 1429 3842 jam
1488 3770 1619 3825 erat
1646 3744 2083 3840 intermortua,
2140 3779 2337 3838 neque
2383 3759 2494 3835 nisi
2537 3775 2575 3818 a

317 3866 730 3944 grammaticis
774 3869 1135 3928 resuscitata
1176 3868 1237 3928 in
1285 3868 1646 3946 elegantium
1690 3867 2050 3943 scriptorum
2079 3864 2355 3925 versibus
2390 3864 2571 3923 vitam

318 3969 583 4046 degebat
640 3974 770 4031 arte
829 3974 1228 4048 procreatam.
1331 3972 1544 4048 Itaque
1602 3988 1787 4047 quum
1840 3986 1998 4030 unus
2056 3968 2317 4044 supersit
2359 3967 2573 4025 Demo-

323 4070 546 4151 critus,
605 4073 851 4134 testium
907 4075 1211 4151 paucitate
1278 4073 1459 4134 facile
1521 4073 1819 4150 quispiam
1877 4070 2094 4131 adduci
2155 4069 2449 4147 potuerit,
2510 4071 2577 4126 ut

323 4175 577 4235 formam
625 4169 744 4254 γέα
790 4194 1097 4253 nunquam
1144 4178 1467 4253 exstitisse,
1526 4175 1634 4235 sed
1689 4193 1726 4234 a
1768 4173 2168 4251 grammaticis
2212 4177 2444 4231 tantum
2489 4168 2573 4227 in-

321 4283 567 4339 ventam
613 4296 746 4339 esse
794 4278 986 4370 dicat.
1041 4280 1271 4339 Tamen
1313 4299 1431 4339 non
1463 4282 1662 4355 potest
1689 4273 1771 4356 γῆ
1806 4276 1916 4336 nisi
1948 4294 2022 4335 ex
2051 4268 2175 4353 γέα
2199 4275 2575 4333 contractum
