3166 4871
2459 284 2578 346 251

343 458 478 519 dem
519 463 691 518 erant
720 458 1109 535 expetendae,
1154 457 1356 518 studio
1386 461 1569 534 atque
1601 456 1899 516 industria
1942 474 2053 514 sua
2092 456 2349 534 majores
2392 464 2582 514 trans·
2662 502 2677 509 „

341 560 646 621 tulerunt“
708 580 827 621 non
891 566 1009 620 tam
1057 561 1116 619 in
1173 560 1545 629 universum,
1603 578 1780 636 quam
1841 557 1914 617 dc
1974 576 2083 617 sua
2147 559 2333 636 ipsius
2386 562 2582 618 aetate

341 662 564 723 dixisse
610 663 867 724 videtur.
953 663 1169 738 Neque
1215 662 1403 738 magis
1434 662 1551 721 alio
1598 661 1855 738 quodam
1904 660 2034 720 loco
2074 658 2279 733 (Tusc.
2313 664 2367 731 2,
2397 663 2480 721 48
2525 665 2585 720 et

341 768 447 831 49)
505 765 795 842 probatur
851 767 1251 825 Romanorum
1309 771 1520 843 poetas
1575 764 1849 824 scenicos
1909 765 1962 823 ci
2023 763 2280 841 majores
2339 762 2584 823 Graecis

342 868 500 928 visos
533 886 679 928 esse.
743 868 901 928 Dicit
931 869 1088 928 enim
1123 874 1320 928 certos
1366 866 1657 944 quosdam
1698 866 1945 925 Pacuvii
1989 884 2200 926 versus
2244 866 2431 942 magis
2473 864 2582 925 sibi

340 970 596 1045 placere,
641 989 818 1046 quam
853 988 925 1031 ea
956 969 1272 1048 Sophoclis
1303 970 1504 1039 verba,
1551 987 1709 1046 quae
1755 968 1853 1028 ille
1885 969 2082 1027 vertit.
2169 967 2283 1029 sed
2327 970 2580 1044 primum

341 1073 516 1131 etiam
561 1072 755 1132 minus
802 1073 957 1132 bono
1002 1076 1216 1150 poetae
1263 1072 1614 1148 contingere
1660 1075 1891 1148 potest,
1935 1075 2001 1129 ut
2057 1071 2343 1130 nonnulla
2388 1071 2585 1146 aptius

341 1174 582 1233 meliore
624 1174 910 1252 proferat,
949 1181 1076 1234 tum
1121 1193 1240 1236 non
1287 1179 1407 1234 tam
1446 1173 1843 1252 pulchriores,
1885 1191 2065 1250 quam
2111 1174 2241 1233 viro
2270 1167 2425 1249 {forti
2457 1172 2580 1250 dig-

342 1277 557 1354 niores,
597 1277 845 1337 Pacuvii
886 1295 1096 1337 versus
1137 1294 1268 1337 esse
1315 1276 1525 1338 Cicero
1558 1275 1818 1336 affirmat
1847 1292 1917 1334 ac
1947 1276 2048 1334 vix
2077 1275 2339 1335 dubitari
2370 1280 2585 1353 potest,

340 1379 487 1454 quin
533 1386 772 1440 nostrae
820 1397 1060 1457 quoque
1099 1380 1314 1440 aetatis
1357 1386 1572 1458 poetae
1615 1379 1676 1437 in
1721 1380 1833 1438 hac
1891 1377 2135 1455 quidem
2185 1396 2249 1438 re
2300 1378 2579 1438 Latinum

341 1482 555 1557 potius,
602 1500 778 1559 quam
818 1482 1115 1543 Graecum
1173 1486 1410 1558 poetam
1467 1481 1817 1541 imitandum
1865 1480 1979 1541 sibi
2033 1482 2395 1558 proposituri
2448 1482 2580 1542 sint.

342 1582 500 1657 Quin
544 1584 720 1644 etiam
761 1584 875 1645 hoc
905 1603 1048 1644 vere
1079 1591 1278 1662 potest
1314 1583 1599 1644 affirmari
1648 1602 1720 1643 ex
1748 1584 1859 1643 hac
1888 1584 2021 1660 ipsa
2051 1601 2134 1660 re,
2181 1584 2342 1660 quod
2374 1583 2584 1644 Cicero

341 1687 425 1746 ita
467 1692 702 1761 premat
743 1687 1168 1748 nonnullorum
1200 1704 1483 1747 versuum
1514 1720 1597 1730 —
1630 1691 1769 1745 suut
1811 1686 1966 1745 enim
1997 1685 2100 1744 alii
2131 1685 2246 1745 loci
2277 1703 2421 1745 sane
2451 1704 2586 1763 per-

342 1788 516 1863 pauci
566 1789 785 1849 similes
830 1791 899 1861 el,
962 1809 1139 1867 quem
1178 1789 1352 1850 attuli
1409 1819 1493 1828 -
1549 1790 1899 1849 Latinorum
1951 1788 2394 1865 praestantiam,
2440 1790 2586 1847 satis

343 1890 682 1952 luculenter
724 1910 1016 1969 apparere
1060 1892 1333 1952 universe
1377 1910 1509 1952 eum
1556 1891 1617 1951 in
1667 1889 2024 1950 contrariam
2054 1894 2283 1967 partem
2314 1890 2587 1951 sensisse.

344 1992 512 2067 Quae
535 1995 830 2054 sententia
855 1995 1030 2054 etiam
1057 1993 1359 2053 nonnullis
1381 1993 1513 2052 aliis
1539 1993 1687 2052 locis
1711 1992 2116 2069 confirmatur,
2146 2011 2177 2051 e
2202 1994 2420 2069 quibus
2437 2022 2521 2032 —
2537 1993 2586 2053 si

342 2095 477 2170 quis
505 2097 848 2155 accuratius
880 2114 1002 2155 rem
1036 2097 1275 2172 quaerit
1305 2125 1386 2134 —
1417 2095 1562 2155 satis
1592 2094 1975 2172 perspicitur,
2018 2097 2303 2171 quantum
2342 2093 2587 2155 Graecis

342 2198 619 2258 tribuerit
648 2198 859 2274 poetIs.
933 2198 1086 2258 Nam
1118 2197 1193 2258 de
1223 2197 1324 2257 fin.
1355 2202 1410 2270 2,
1437 2201 1578 2274 115,
1624 2197 1723 2256 ubi
1758 2197 2077 2257 nonnullos
2120 2216 2193 2258 ex
2230 2198 2585 2275 optimorum

343 2305 655 2383 poetarum
701 2319 948 2360 numero
1014 2301 1067 2360 ei
1125 2300 1401 2376 proferre
1447 2301 1506 2360 in
1571 2300 1769 2359 animo
1816 2304 1936 2377 est,
1995 2306 2116 2359 tres
2175 2298 2441 2360 Graecos
2500 2329 2588 2341 —

345 2404 694 2475 Homerum,
750 2402 1206 2474 Archilochum,
1266 2402 1591 2463 Pindarum
1635 2431 1721 2442 —
1767 2402 2059 2463 neminem
2104 2396 2438 2463 Romanum
2484 2421 2587 2464 no-

345 2507 543 2566 minat.
651 2506 881 2567 Deinde
924 2524 1011 2566 or.
1061 2510 1100 2565 4
1159 2513 1471 2584 poetarum
1532 2506 1838 2584 principes
1910 2505 2178 2582 appellat
2244 2506 2589 2585 Homerum,

345 2607 724 2685 Sophoclem,
771 2607 1228 2682 Archilochum,
1283 2609 1639 2687 Pindarum,
1692 2627 2052 2686 quamquam
2099 2627 2174 2668 ne
2219 2608 2585 2670 Graecorum

344 2712 518 2771 nimis
558 2711 865 2772 studiosus
904 2711 1195 2787 videatur,
1241 2709 1408 2771 addit
1457 2716 1562 2783 „ut
1607 2711 1684 2770 de
1715 2710 1963 2771 Graecis
1992 2710 2258 2787 quuar.“
2337 2712 2590 2772 Accedit

346 2813 505 2889 quod
568 2814 624 2873 d.
669 2814 831 2875 deor.
877 2818 997 2873 nat.
1045 2819 1099 2890 1,
1134 2817 1255 2875 107
1320 2832 1394 2872 ex
1455 2813 1913 2873 clarissimorum
1979 2813 2278 2873 hominum
2340 2832 2587 2873 numero

346 2914 593 2975 Romulo
639 2919 700 2973 ct
743 2916 1001 2984 Numae,
1064 2916 1447 2992 Pythagorae
1504 2919 1564 2974 et
1610 2914 1844 2973 Platoni
1891 2914 2219 2974 Homerum
2277 2920 2335 2973 et
2379 2915 2587 2975 Archi·

344 3017 581 3076 lochum
628 3017 866 3093 adjecit,
911 3017 1137 3077 nullum
1184 3018 1465 3078 Latinum
1510 3022 1766 3094 poetam.
1869 3017 2193 3076 Praeterea
2236 3023 2376 3077 sunt
2420 3016 2588 3075 multi

347 3119 488 3197 loci,
541 3120 644 3196 qui
690 3137 1054 3195 quamquam
1103 3138 1222 3179 nou
1267 3120 1343 3179 ad
1390 3120 1552 3197 ipsos
1598 3122 1809 3196 poetas
1853 3119 2174 3196 pertinent,
2224 3123 2419 3178 tamen
2469 3137 2584 3178 non

349 3222 520 3297 parvi
568 3221 849 3282 videntur
909 3223 1208 3282 momenti.
1295 3223 1345 3281 E
1407 3221 1626 3299 quibus
1685 3227 1825 3281 sunt
1867 3220 2056 3280 verba
2114 3221 2218 3280 illa
2261 3221 2458 3282 Crassi
2507 3219 2590 3292 (d.

346 3343 431 3384 or.
463 3329 519 3395 3,
555 3323 734 3395 137):
800 3326 918 3397 „Ut
962 3324 1196 3385 virtutis
1251 3344 1287 3382 a
1345 3325 1593 3394 nostris,
1653 3324 1737 3383 sic
1797 3322 2105 3383 doctrinae
2148 3327 2290 3382 sunt
2346 3323 2418 3383 ab
2477 3322 2591 3382 illis

347 3429 621 3503 exempla
651 3426 1030 3504 repetenda.“
1057 3423 1136 3499 62)
1191 3426 1475 3504 Idemque
1508 3426 1763 3487 Crassus
1795 3425 1851 3485 d.
1882 3444 1966 3486 or.
2001 3430 2052 3496 1,
2081 3430 2220 3503 196,
2251 3428 2376 3485 sine
2409 3426 2590 3486 dubio

346 3548 420 3588 ex
468 3528 769 3590 Ciceronis
828 3530 1144 3606 sententia,
1204 3530 1383 3589 tacite
1441 3529 1758 3604 profitetur
1814 3528 2086 3588 doctriua
2144 3530 2444 3588 Romanos
2502 3529 2588 3588 in·

345 3631 595 3691 seriores
639 3631 823 3690 fuisse
868 3631 1142 3707 Graecis,
1187 3650 1322 3690 nam
1368 3633 1613 3691 summis
1667 3630 1944 3691 laudibus
1987 3633 2232 3691 Romam
2279 3630 2588 3692 cumulans

346 3734 491 3792 nihil
539 3732 614 3793 de
661 3732 968 3793 doctrinae
1036 3734 1095 3793 in
1143 3733 1257 3793 hac
1303 3734 1450 3794 urbe
1498 3734 1663 3794 cultu
1711 3738 1893 3810 atque
1938 3733 2303 3809 praestantia
2347 3733 2590 3810 profert.

512 3915 581 3982 ⁶²)
617 3912 682 3966 ln
730 3913 1015 3967 doctorum
1065 3928 1292 3966 numero
1341 3913 1574 3967 Romani
1623 3920 1820 3982 poetas
1881 3928 2105 3980 quoque
2160 3911 2475 3967 habuerunt
2519 3910 2587 3966 cf.

343 3999 511 4053 Tunc.
545 4006 585 4066 ι,
610 4005 666 4052 3:
707 3998 872 4058 „Nam
911 4013 1036 4051 cum
1072 3998 1222 4066 apud
1249 3997 1496 4052 Graecos
1532 3997 1975 4067 antiquissimum
2013 4014 2044 4052 e
2080 3997 2263 4051 doctis
2299 4012 2478 4064 genus
2515 3998 2590 4050 sit

344 4093 660 4152 poetarum*
699 4090 758 4136 et
793 4083 1140 4138 notissimum
1177 4083 1314 4137 illud
1350 4083 1566 4138 Horatii
1602 4086 1788 4151 (carm.
1833 4089 1874 4145 1,
1905 4088 1946 4150 1,
1974 4086 2040 4136 29
2077 4089 2134 4136 et
2171 4087 2282 4149 30):

822 4169 939 4228 „Me
975 4168 1260 4222 doctarum
1298 4168 1536 4223 hederae
1572 4168 1817 4237 praemia
1851 4165 2112 4222 frontium

1124 4252 1227 4308 Dis
1265 4254 1499 4308 miscent
1531 4253 1804 4322 superis“.
