3166 4871
2468 333 2592 395 339

341 526 531 596 sieri-³,
581 569 593 581 .
631 570 645 582 .
691 522 1051 595 numerabis,
1096 524 1193 583 ubi
1240 523 1582 599 explicandi
1628 542 1810 583 causa
1859 525 1916 582 si
1952 525 2288 597 quaesieris
2332 524 2592 601 additur,

344 644 857 704 supervacaneum
892 631 1070 702 certe,
1115 626 1218 685 sed
1258 625 1653 702 tolerandum,
1698 628 1840 703 quia
1877 632 2062 686 totum
2109 626 2373 686 foederis
2407 626 2590 685 docu-

348 735 607 788 mentum
654 729 1031 788 sollemniore
1080 727 1252 787 modo
1300 734 1593 788 narratur.
1616 725 1692 803 ³³)

518 832 880 909 Plerumque
926 837 1121 890 autem
1167 831 1460 907 particula
1506 837 1615 888 aut
1663 851 1779 889 nou
1827 833 2151 907 oppositi0,
2204 831 2311 891 sed
2357 836 2588 891 tantum

347 932 663 992 diversitas
719 933 1008 1010 quaedam
1069 935 1436 1009 exprimitur.
1525 935 1600 993 cf.
1655 954 1705 992 c.
1753 938 1865 993 111
1932 932 2114 1010 (137,
2164 933 2246 1007 3).
2337 936 2420 993 ita
2478 933 2592 992 bac

349 1036 647 1112 particula
691 1035 990 1094 interdum
1035 1037 1323 1095 transitus
1367 1035 1431 1095 fit
1468 1056 1502 1094 a
1534 1038 1762 1095 minore
1808 1035 1883 1095 ad
1919 1039 2194 1097 maiorem
2243 1056 2385 1114 rem,
2429 1036 2590 1113 quod

354 1158 468 1197 nou
516 1146 677 1198 recte
724 1137 997 1198 Handius
1043 1137 1094 1209 (1
1137 1142 1292 1214 537,
1340 1137 1402 1209 3)
1448 1140 1708 1215 negavit.
1799 1140 1872 1198 cf.
1921 1160 1970 1199 c.
2007 1145 2033 1199 1
2085 1139 2168 1216 (3,
2219 1141 2319 1210 12)
2364 1147 2424 1198 et
2475 1145 2590 1199 118

351 1239 518 1317 (151,
552 1237 630 1312 7).
719 1242 956 1317 saepius
1000 1246 1197 1300 autem
1246 1224 1560 1301 desee'udit
1607 1244 1795 1301 oratio
1842 1261 1877 1299 a
1923 1244 2148 1301 maiore
2191 1241 2266 1300 ad
2309 1244 2592 1300 minorem

352 1361 491 1401 rem.
583 1343 658 1402 cf.
703 1361 753 1401 c.
800 1346 878 1403 97
928 1341 1109 1416 (117,
1158 1347 1238 1415 7).
1327 1345 1385 1403 in
1442 1345 1545 1402 tali
1591 1345 1924 1404 verborum
1956 1363 2113 1404 nexu
2160 1363 2592 1421 nonnunquam

352 1452 457 1502 aut
508 1451 673 1504 certe
724 1445 1040 1505 invenitur.
1130 1446 1205 1505 cf.
1257 1465 1307 1505 c.
1347 1450 1426 1505 69
1473 1446 1606 1519 (82,
1649 1445 1754 1517 21)
1800 1454 1861 1506 et
1903 1452 1984 1507 46
2033 1447 2169 1524 (53,
2213 1444 2334 1518 12).
2353 1444 2428 1515 ³⁴)
2520 1446 2594 1505 ef.

352 1547 548 1607 Hand.
578 1547 603 1605 Ι
636 1551 758 1607 535
806 1554 866 1607 et
911 1552 1051 1608 537.
1142 1550 1427 1625 Draeger.
1471 1550 1507 1619 ξ
1539 1553 1683 1625 343,
1713 1553 1743 1608 1
1769 1567 1801 1608 c
1831 1565 1891 1607 α.

523 1746 592 1810 ³³)
634 1745 844 1798 Eadem
883 1744 1222 1813 significatio
1257 1743 1391 1799 mihi
1428 1745 1653 1799 videtur
1688 1746 1990 1800 statuenda
2033 1760 2159 1799 esse
2203 1746 2257 1799 in
2311 1747 2431 1798 loco
2479 1760 2598 1798 cor·

354 1830 674 1897 ruptissimo
710 1843 775 1883 ae
810 1830 1201 1899 vexatissimo,
1237 1846 1289 1884 c.
1326 1836 1390 1885 58
1427 1834 1538 1898 (70,
1574 1834 1645 1894 2).
1717 1829 1818 1884 sed
1867 1830 2037 1897 paulo
2085 1830 2306 1896 longius
2342 1840 2595 1897 repeten-

354 1915 483 1967 dum
522 1921 626 1967 est.
698 1913 993 1968 Hermeros
1030 1915 1263 1969 libertus
1300 1922 1487 1968 narrat
1523 1914 1967 1981 ludimagistrum
2022 1930 2054 1965 a
2090 1913 2386 1983 discipulis
2429 1928 2597 1982 qnae-

353 1998 568 2063 sivisse‚
606 2014 736 2051 num
773 1999 850 2065 id,
886 2000 1035 2069 quod
1074 2000 1481 2067 imperavisset,
1518 1996 1797 2052 fecissent.
1868 1997 2076 2064 legitur
2113 1999 2166 2050 in
2204 1999 2424 2052 codiee:
2463 2006 2598 2053 sunt

354 2090 545 2137 vestra
581 2083 737 2138 salva
772 2092 955 2139 recta:
991 2080 1211 2138 domum
1248 2101 1395 2139 cave.
1455 2083 1890 2154 circumspicias·
1950 2098 2085 2137 cave
2121 2085 2388 2138 maiorem
2429 2084 2594 2138 male·

354 2167 529 2223 dicas.
599 2176 698 2223 aut
748 2185 983 2223 πωπω-α
1027 2170 1331 2241 mappalia.
1402 2187 1560 2225 nemo
1608 2169 1888 2239 dupondii
1933 2169 2131 2223 evadit.
2185 2168 2280 2233 (cf.
2324 2169 2594 2223 Weblinm

356 2270 409 2322 p.
446 2260 538 2319 30)
581 2254 959 2308 Buechelerns
1010 2259 1100 2322 (ut
1150 2256 1396 2324 priorum
1443 2256 1686 2309 virorum
1736 2256 2024 2309 doctorum
2047 2256 2407 2313 ,coniecturas
2442 2255 2599 2307 omit-

356 2343 492 2396 tam)
548 2339 606 2392 in
644 2340 779 2395 edit.
815 2357 863 2395 a.
907 2346 1027 2395 1571
1085 2341 1143 2395 in
1178 2342 1504 2396 universum
1562 2348 1714 2395 recte
1769 2342 1848 2395 ita
1899 2340 2148 2410 scripsit:
2219 2348 2355 2395 sunt
2407 2345 2597 2394 vestra

356 2426 546 2480 salva?
580 2433 734 2482 recta
771 2425 1029 2492 domnm;
1087 2444 1225 2482 cave
1260 2427 1715 2499 circumspicias;
1774 2443 1908 2483 cave
1952 2426 2224 2482 maiorem
2268 2424 2601 2481 maledicas.

357 2519 456 2566 aut
509 2530 741 2567 vnitnera
793 2513 1069 2583 mapalia:
1138 2529 1298 2567 nemo
1353 2513 1631 2584 dupondii
1685 2513 1897 2569 evadet.
1972 2512 2072 2566 sed
2129 2512 2263 2580 quid
2318 2518 2429 2566 est:
2501 2519 2600 2565 ant

358 2615 592 2652 numera
625 2599 948 2669 mappalia?
1016 2599 1222 2652 multae
1257 2599 1664 2667 explicationes
1711 2605 1960 2651 tentatae
2009 2605 2169 2657 sunt,
2215 2613 2445 2667 quarum
2492 2596 2602 2650 alia

356 2683 707 2736 artificiosior
743 2691 854 2750 est,
890 2698 1054 2751 qnam
1089 2683 1212 2750 alia,
1246 2698 1430 2752 neque
1468 2684 1581 2736 ulla
1618 2682 1906 2737 satisfacit.
1963 2698 2157 2737 omnes
2195 2681 2599 2750 explicationes

356 2767 415 2820 id
452 2783 619 2821 unum
657 2767 787 2822 mihi
823 2768 1091 2822 videntur
1137 2769 1549 2822 demonstrasse
1599 2768 1933 2822 vocabulum
1989 2767 2275 2839 mappalia
2326 2767 2427 2820 boe
2475 2766 2600 2819 loco

358 2852 580 2906 omnino
625 2854 885 2924 explicari
933 2868 1044 2905 non
1092 2868 1277 2920 posse.
1348 2853 1669 2920 postulatur
1714 2852 1944 2906 minatio
2000 2853 2089 2905 vel
2154 2852 2280 2905 mali
2320 2852 2481 2919 quid,
2537 2858 2601 2904 ut

359 2937 544 2991 evadit
579 2935 798 3003 habeat,
834 2951 945 3004 quo
982 2934 1269 2989 referatur.
1339 2951 1508 3004 quare
1544 2936 1908 2990 scribendum
1956 2951 2082 2990 esse
2130 2945 2292 3004 puto:
2353 2940 2452 2989 ant
2500 2952 2598 2989 rtu-

360 3039 512 3075 mero
548 3022 772 3091 vapula.
843 3021 1170 3075 adverbium
1207 3036 1440 3075 vtumero
1475 3037 1599 3074 cum
1637 3021 1872 3089 primum
1909 3022 2012 3074 sit:
2063 3020 2204 3074 uach
2239 3022 2363 3075 dem
2399 3019 2601 3084 Takte,

359 3108 553 3162 eadem
590 3106 707 3161 fere
743 3114 832 3160 est
867 3105 1163 3172 sententia,
1197 3121 1265 3159 ae
1300 3114 1495 3160 nostra
1517 3106 1796 3173 vulgaris:
1836 3112 1996 3159 sonst
2020 3105 2238 3174 kriegst
2262 3107 2339 3160 ‹lu
2362 3106 2599 3173 Pruegel

361 3191 502 3247 uach
540 3194 737 3247 Noten.
809 3192 878 3247 cf.
917 3191 1185 3260 imprimis
1223 3192 1371 3245 Fest.
1409 3191 1494 3246 ed.
1520 3190 1768 3246 Mueller.
1806 3208 1859 3260 p.
1884 3194 2002 3256 372,
2039 3194 2104 3243 22
2141 3199 2199 3245 et
2233 3194 2466 3246 Lorenz.
2527 3191 2600 3244 ad

360 3279 544 3333 Plauti
578 3278 691 3332 Mil.
729 3293 778 3332 v.
810 3281 937 3330 140⁰
974 3277 1041 3331 R.
1077 3293 1132 3345 p.
1159 3281 1276 3331 237.
1345 3277 1496 3344 quod
1543 3284 1728 3329 autem
1776 3285 1833 3329 et
1876 3292 2107 3330 numero
2154 3284 2210 3330 et
2243 3277 2447 3349 vapula
2492 3274 2600 3330 nisi

362 3365 419 3416 iu
455 3362 860 3433 antiquioribus
895 3362 1263 3432 scriptoribus
1306 3377 1417 3414 non
1454 3362 1746 3430 leguntur,
1797 3361 2020 3415 minime
2064 3360 2348 3415 offendere
2394 3368 2600 3431 potest,

361 3449 620 3518 qnoniam
656 3449 713 3501 in
748 3462 1002 3502 sermone
1038 3447 1259 3515 plebeio
1295 3447 1621 3515 saepissime
1656 3445 2104 3513 antiquissimum
2141 3446 2402 3515 qnodque
2439 3461 2602 3501 voea-

362 3534 553 3588 bulnm
590 3549 691 3602 per
725 3533 911 3586 omnia
934 3539 1186 3600 tempora
1210 3531 1495 3585 retinetur.
1570 3539 1690 3583 tum
1716 3530 2009 3585 Hermen-os
2044 3531 2165 3600 ipse
2191 3531 2401 3600 pergit:
2439 3549 2598 3586 nenio

364 3617 639 3688 dupondii
669 3618 866 3682 evasit,
902 3625 966 3671 ut
1006 3615 1252 3671 Weblius
1289 3624 1439 3670 recte
1476 3615 1721 3669 coniecit
1757 3631 1856 3684 pro
1893 3615 2090 3672 evadit.

531 3706 599 3768 ³⁴)
632 3704 868 3772 Legitur
904 3703 936 3757 l.
971 3719 1041 3756 c.:
1102 3701 1259 3772 quod
1290 3702 1342 3755 si
1374 3701 1668 3764 resilierit,
1716 3700 1994 3756 destinavi
2029 3701 2180 3756 illam
2216 3702 2463 3772 artificii
2503 3702 2600 3756 do-

363 3804 518 3852 cere,
553 3796 653 3842 ant
690 3789 1054 3843 tonstreinum
1089 3795 1189 3841 aut
1221 3802 1561 3857 praeconem
1597 3793 1694 3841 auc
1729 3793 1880 3841 certe
1914 3786 2282 3852 causidicum,
2336 3787 2490 3857 qaod
2524 3787 2605 3841 illi

363 3876 600 3945 auferre
636 3891 748 3927 non
776 3875 968 3946 possit
1001 3873 1113 3927 nisi
1150 3872 1347 3927 Orcus.
1416 3872 1765 3940 intellegitur
1801 3872 1905 3926 boc
1940 3873 2089 3940 loce,
2125 3888 2238 3943 qua
2271 3873 2601 3926 anctoritate

362 3971 479 4014 tum
515 3958 786 4014 causidici
826 3957 995 4012 fructi
1031 3959 1168 4024 sint,
1221 3974 1344 4011 eum
1398 3957 1696 4026 artificium
1734 3958 2096 4012 tonstreinum
2141 3965 2193 4011 et
2227 3958 2600 4028 praeconium

364 4045 584 4099 maioris
630 4044 797 4113 pretii
836 4043 1097 4096 libertino
1134 4043 1354 4097 videtur
1390 4058 1543 4103 esse,
1598 4057 1760 4110 quam
1806 4042 2163 4097 causidicum.
2244 4042 2601 4110 sagacissime

364 4131 638 4185 studerus
674 4139 751 4198 (p.
778 4133 902 4195 222)
952 4128 1116 4182 eliam
1153 4144 1223 4181 ex
1262 4130 1366 4182 hoc
1401 4127 1524 4181 loco
1560 4127 1704 4180 vidit
1748 4127 2009 4182 concludi
2065 4142 2258 4195 posse,
2311 4142 2425 4195 quo
2470 4136 2602 4180 tem-

365 4230 499 4283 pore
533 4216 831 4270 Petronius
866 4214 1085 4268 vixerit.
1156 4228 1279 4268 uam
1317 4230 1387 4267 ex
1423 4215 1550 4268 Seu.
1586 4213 1803 4281 apocol.
1840 4229 1886 4265 c.
1925 4217 1951 4264 'a’
1990 4220 2049 4264 et
2091 4216 2153 4265 12
2201 4218 2439 4279 apparet
2472 4226 2600 4264 eau-

365 4300 575 4354 sidicos
600 4300 819 4353 claudii
855 4299 1197 4368 temporibus
1232 4300 1466 4353 maxime
1503 4299 1771 4352 floruisse.
1842 4295 1935 4362 (cf.
1972 4296 2138 4350 etiam
2177 4295 2330 4350 locos
2366 4311 2436 4351 ex
2471 4297 2598 4351 aliis
