3166 4871
1080 232 1164 294 De
1199 238 1407 293 nomin.
1440 236 1502 293 in
1536 257 1701 304 -αιος,
1772 241 1805 305 s
1841 243 1891 294 9.
2521 246 2602 306 29

365 417 639 477 hostilem
687 422 747 476 et
793 418 1085 496 miserum,
1130 408 1325 496 δήιον
1368 418 1645 478 hostilem
1692 416 2031 495 significare
2065 416 2382 478 dicemus.“
2460 419 2601 478 Mihi

360 537 503 578 vero
565 538 643 580 ne
710 520 823 579 hoe
885 520 1123 597 quidem
1189 530 1417 581 rectum
1476 521 1736 580 videtur.
1823 520 1980 579 Nam
2026 538 2211 596 quum
2255 520 2604 597 saepissime

360 622 587 681 tradita
630 622 708 681 sit
759 622 949 681 forma
994 641 1169 700 quam
1230 628 1449 683 vocant
1494 625 1749 700 Dorica,
1807 624 1899 683 bis
1959 626 2192 681 tantum
2257 611 2468 702 δήιος,
2535 641 2605 682 ac

359 725 542 784 semel
590 725 831 801 quidem
876 725 936 783 iu
984 726 1286 799 trimetrO,
1346 726 1528 786 semel
1570 727 1631 785 in
1680 725 1938 801 cauticO,
1982 729 2042 785 et
2086 743 2268 800 quum
2314 724 2604 801 significa-

357 827 525 887 tione
573 829 773 887 miseri
818 828 979 905 apud
1025 828 1389 905 Aeschylum
1435 829 1677 905 quidem
1741 826 1821 901 (v,
1867 827 1983 887 lex.
2028 824 2271 900 Aesch.)
2334 832 2394 888 et
2437 827 2606 887 Euri-

360 929 567 1006 pidem
611 930 727 989 hoc
772 930 1127 991 vocabulum
1176 932 1361 991 multo
1424 932 1621 991 rarius
1664 935 1869 990 utatur
1913 959 1994 969 —-
2057 930 2219 1008 apud
2263 928 2603 1015 Euripidem

361 1020 551 1102 δάιος
596 1033 897 1111 significat
939 1032 1221 1093 infestum
1243 1077 1260 1111 ‚
1303 1033 1610 1111 hostilem,
1671 1034 2071 1111 perniciosum
2115 1033 2197 1093 Io.
2242 1028 2385 1110 214,
2427 1032 2608 1091 Rhes.

365 1130 504 1194 135.
571 1136 751 1195 Herc.
807 1136 845 1194 f.
913 1132 1036 1193 915
1104 1124 1307 1209 (δάιοι
1375 1130 1640 1195 τοκέων
1697 1138 1949 1214 χεῖρες).
2025 1130 2165 1192 894.
2235 1134 2422 1194 Andr.
2469 1130 2609 1193 827.

357 1237 462 1296 Tr.
514 1232 696 1296 1299.
744 1238 969 1298 Phoen.
998 1234 1140 1297 248.
1190 1234 1370 1299 1030.
1421 1234 1599 1296 1308.
1646 1238 1776 1314 lph.
1820 1232 2116 1314 Α.1495;
2165 1236 2443 1296 miserum
2491 1236 2605 1297 sor-

358 1344 521 1399 tasse
588 1339 887 1417 significat
945 1342 1122 1400 Herc.
1186 1341 1225 1400 f.
1271 1337 1394 1398 914
1450 1329 1626 1399 δάιοι
1687 1328 1907 1414 φόνοι.
1997 1339 2188 1399 Andr.
2235 1336 2354 1396 507
2420 1335 2607 1415 θῦμα

361 1429 578 1513 δάιον,
627 1436 750 1500 838
798 1435 987 1513 datm,-
1030 1432 1297 1521 τόλμας.
1391 1444 1751 1519 Quanquam
1797 1442 1890 1502 his
1934 1441 2081 1502 locis
2126 1441 2386 1502 dubitari
2417 1443 2610 1519 possit

360 1562 435 1604 an
482 1545 633 1604 nihil
678 1546 791 1605 nisi
834 1544 1149 1605 scelestum
1196 1545 1509 1624 significet,
1554 1547 1656 1621 qui
1703 1544 2071 1621 significatus
2101 1545 2275 1605 facile
2321 1563 2394 1605 ex
2427 1544 2605 1620 signi·

270 1639 283 1651 “
360 1646 644 1707 ficatione
702 1647 939 1708 hostilis
1002 1649 1205 1729 oritur.
1292 1649 1382 1708 Ac
1428 1648 1570 1707 mihi
1631 1648 1870 1707 omnino
1934 1666 2052 1706 non
2114 1647 2395 1707 videntur
2469 1647 2606 1707 illae

362 1749 521 1809 duae
586 1749 1053 1826 significationes
1110 1751 1293 1828 plane
1340 1751 1631 1828 distingui
1695 1767 1907 1827 posse,
1970 1768 2153 1826 quum
2214 1768 2326 1827 per
2387 1749 2607 1810 multos

361 1852 590 1929 gradus
634 1851 786 1912 haec
831 1852 905 1912 ab
949 1853 1055 1912 illa
1098 1852 1427 1913 descendat
1469 1854 1582 1930 ita,
1647 1857 1712 1911 ut
1758 1852 1873 1911 dici
1923 1870 2042 1912 non
2085 1853 2299 1930 possit,
2358 1852 2457 1912 ubi
2505 1852 2608 1912 illa

364 1955 619 2033 desinat,
667 1954 816 2015 haec
859 1956 1093 2015 initium
1138 1957 1361 2031 capiat:
1425 1955 1681 2034 hostilis,
1725 1953 1998 2033 infestus,
2040 1955 2430 2031 perniciosus,
2474 1973 2606 2014 cru-

365 2057 537 2133 delis,
581 2056 858 2117 funestus
903 2076 1155 2134 eamque
1218 2058 1293 2117 ob
1340 2076 1577 2118 causam
1624 2057 2055 2133 lamentabilis,
2115 2057 2292 2116 miser
2349 2057 2606 2143 primum

365 2159 440 2219 de
485 2159 669 2219 rebus
713 2159 955 2235 dietum,
1001 2159 1218 2219 deinde
1266 2160 1341 2219 ad
1386 2160 1659 2221 homines
1704 2159 2060 2219 translatum
2104 2189 2191 2198 —
2234 2161 2382 2219 haec
2428 2159 2609 2235 igitur

365 2280 550 2339 quum
597 2263 681 2321 ita
724 2262 859 2338 sint,
904 2280 1046 2322 casu
1091 2262 1313 2322 factum
1358 2266 1522 2338 puto,
1568 2267 1636 2321 ut
1677 2262 1738 2321 in
1783 2262 1965 2322 libris,
1997 2251 2183 2340 ὁηίος
2227 2262 2333 2321 illa
2375 2264 2606 2322 tantum

363 2362 804 2442 significatione
847 2364 1129 2424 traditum
1175 2366 1288 2443 sit,
1347 2356 1543 2443 'neque
1608 2364 1683 2423 de
1743 2365 1997 2424 duarum
2055 2364 2376 2424 formarum
2423 2352 2609 2444 δήιος

363 2471 425 2527 et
469 2455 657 2536 δάιος
703 2467 1109 2528 vicissitudine
1156 2468 1396 2545 regulas
1453 2486 1632 2545 posse
1694 2469 1990 2527 constitui.
2079 2468 2265 2527 Immo
2320 2472 2424 2528 aut
2466 2469 2608 2528 Din-

364 2569 593 2630 dorfius
637 2575 803 2630 recte
832 2570 1135 2646 Aeschylo
1168 2588 1405 2647 semper
1447 2571 1706 2631 restituit
1753 2558 1937 2640 δάιος
1984 2565 2162 2651 ῥ’ᾷος,
2209 2574 2312 2629 aut
2339 2571 2605 2646 Aeschy-

363 2673 463 2732 lus
526 2672 829 2732 interdum
889 2672 1233 2733 adhibuisse
1292 2672 1528 2734 videtur
1589 2673 1838 2734 sormam
1883 2673 2281 2751 Homericam,
2321 2675 2605 2753 quoniam

363 2774 674 2845 „formis
721 2795 757 2834 a
800 2779 980 2853 poeta
1022 2775 1217 2836 ionico
1264 2775 1547 2835 adhibitis
1588 2776 1756 2836 illum
1803 2794 1950 2851 prae
2015 2776 2231 2836 ceteris
2273 2793 2447 2835 usum
2478 2794 2606 2837 esse

359 2876 645 2955 tragicis“
729 2881 965 2938 constat
1037 2877 1365 2955 (Lechner‚
1430 2878 1503 2938 de
1550 2878 1768 2938 Aesch.
1827 2878 1985 2938 stud.
2028 2879 2202 2938 Hom.
2261 2897 2320 2956 p.
2366 2876 2445 2948 5).
2531 2880 2610 2938 Et

359 2981 610 3040 videtur
655 2981 897 3041 omnino
959 2980 1075 3040 hoe
1119 2981 1480 3042 vocabulum
1523 2981 1771 3041 Atthide
1830 2981 2088 3040 alienum
2152 2979 2369 3058 fuisse,
2428 2985 2488 3040 et
2532 3001 2606 3041 ex

360 3084 535 3161 epico
595 3100 871 3143 sermone
931 3102 967 3142 a
1030 3084 1270 3160 tragicis
1328 3087 1630 3162 sumptum
1696 3083 2023 3159 doricoque
2080 3083 2255 3159 quasi
2320 3083 2607 3143 donatum

363 3186 593 3246 colore.
682 3186 752 3245 In
817 3174 1185 3264 ὁήιάλωτος
1244 3177 1498 3247 fortasse
1556 3204 1597 3265 η
1658 3185 2069 3263 retinuerunt,
2131 3203 2208 3245 ne
2265 3183 2520 3246 duorum
2567 3204 2608 3243 α

364 3288 679 3349 collisione
726 3289 1000 3364 ingratus
1045 3306 1228 3349 sonus
1257 3287 1428 3348 fieret
1474 3285 1658 3365 (apud
1692 3288 1904 3366 Eurip.
1930 3286 2119 3348 Andr.
2154 3285 2273 3345 105
2303 3289 2610 3366 putaverit

360 3391 663 3468 quispiam
725 3391 977 3451 ionicam
1041 3390 1291 3451 formam
1352 3396 1602 3468 propter
1665 3395 1917 3452 metrum
1978 3390 2307 3468 elegiacum
2350 3392 2608 3469 positam

357 3480 518 3570 essse,
560 3493 669 3554 sed
715 3494 777 3552 in
821 3492 1031 3553 iisdem
1077 3492 1343 3552 distichis
1386 3492 1669 3570 leguntur
1714 3493 1940 3554 formae
1985 3493 2256 3553 doricae:
2320 3486 2607 3573 αἰπειυᾷ,

358 3582 535 3655 ἄταν
585 3591 728 3674 103,
771 3580 1054 3673 ἄγάγετο
1091 3592 1230 3672 104,
1274 3578 1466 3668 αι’·τὰ,
1514 3582 1772 3674 ἀγόμαν
1821 3593 1940 3654 109
1987 3596 2118 3665 al.):
2165 3580 2366 3671 ἇὸῃος
2407 3600 2607 3656 autem

359 3717 485 3759 non
530 3716 567 3757 a
608 3686 799 3775 ὄήιος
844 3697 1181 3757 derivatum
1227 3703 1348 3774 est,
1409 3698 1516 3757 sed
1562 3718 1599 3757 a
1644 3688 1846 3774 δῃόω,
1891 3698 2056 3775 quod
2098 3690 2352 3758 verbum
2396 3697 2608 3756 Atticis

357 3801 546 3863 fuisse
594 3800 882 3862 usitatum
928 3804 1133 3860 notum
1179 3803 1287 3860 est.

1083 4120 1265 4130 ---.-.--
1290 4123 1321 4128 --
1336 4121 1714 4129 ...ι---μ--..ῄ-
1741 4122 1770 4126 .-
1787 4121 1824 4126 —
1841 4120 1996 4126 ---.-.
