3166 4871
588 316 669 378 58
1589 258 1849 366 Ζιοὴιθι·

587 490 830 550 videtur
875 507 1005 550 esse
1050 489 1333 550 adhibita.
1418 490 1573 549 Nam
1632 491 1876 568 saepius
1933 494 1995 550 et
2051 490 2149 550 vel
2204 491 2267 550 in
2326 508 2448 550 uno
2504 489 2834 568 eodemque

587 593 759 653 titulo
805 594 957 652 idem
1007 611 1190 653 sonus
1234 592 1408 652 modo
1453 574 1700 670 antiquo
1747 592 1922 653 modo
1969 593 2215 658 recenti.
2256 611 2419 654 more
2472 592 2835 671 exprimitur.

587 696 838 755 Accedit
905 695 1067 772 quod
1130 695 1289 755 hand
1352 696 1540 754 multo
1603 699 1741 773 post
1799 713 2015 755 novam
2075 696 2471 756 litteraturam
2530 700 2834 773 receptam

584 799 787 857 Attica
848 798 1061 874 lingua
1122 802 1191 856 ut
1248 798 1389 857 alibi
1451 796 1533 857 ita
1590 798 1650 857 iu
1709 799 1959 858 Boeotia
2019 799 2220 874 coepit
2281 799 2469 875 magis
2528 798 2834 875 magisque

586 902 885 978 usurpari,
929 906 1318 977 veteremque
1362 904 1422 959 et
1465 901 1788 976 genuinam
1835 900 2152 961 dialectum
2195 900 2339 961 sede
2379 918 2490 961 sua
2519 900 2834 978 depellere.

586 1002 986 1076 Quamobrem
1034 1004 1244 1062 mirum
1290 1019 1424 1062 esse
1471 1003 1700 1080 nequit,
1745 1003 1910 1080 quod
1953 1003 2015 1063 in
2060 1003 2250 1063 titulis
2289 1003 2587 1064 Boeoticis
2629 1019 2836 1062 recen·

584 1105 838 1164 tioribus
883 1121 1175 1181 persaepe
1221 1121 1288 1162 αι
1333 1122 1444 1180 pro
1491 1122 1562 1164 eo
1610 1104 1775 1181 quod
1820 1104 2077 1165 debebat
2117 1122 2159 1184 η
2198 1107 2486 1182 scriptum
2517 1105 2837 1165 invenitur.

585 1207 674 1266 Ac
705 1207 1115 1266 Beermannns
1144 1206 1383 1283 quidem
1415 1225 1473 1284 p.
1508 1209 1614 1266 34:
1662 1208 1904 1285 „Ionica
1933 1208 2290 1286 litteratura,
2333 1208 2546 1286 inquit,
2591 1212 2870 1286 recepta-

585 1310 793 1369 Boeoti
836 1326 877 1388 η
920 1327 1030 1385 pro
1077 1325 1145 1366 αι
1191 1309 1462 1369 scribunt
1508 1314 1688 1386 atque
1735 1315 1875 1370 ante
1934 1328 2230 1371 consonas
2287 1314 2349 1370 et
2410 1312 2470 1370 in
2529 1310 2650 1371 fine
2708 1329 2839 1372 ver·

588 1412 799 1472 borum
847 1411 1088 1487 quidem
1133 1415 1305 1472 tanta
1349 1413 1702 1490 constantia,
1747 1416 1816 1471 ut
1859 1412 2091 1473 omissis
2135 1412 2466 1491 vocabulis,
2511 1414 2569 1472 in
2618 1413 2838 1491 quibus

584 1516 743 1574 inter
787 1532 828 1571 α
872 1520 934 1574 et
980 1531 1004 1570 ι
1046 1515 1283 1589 spirans
1327 1514 1532 1590 aliqua
1576 1514 1980 1591 interciderit,
2040 1514 2314 1592 neglecta
2357 1515 2606 1576 mutatio
2650 1516 2839 1577 Boeo-

585 1618 741 1677 tismi
803 1635 923 1676 non
984 1617 1200 1692 integri
1261 1616 1339 1675 sit
1399 1610 1736 1676 indicium.“
1837 1616 2013 1689 Quod
2086 1636 2268 1695 quum
2337 1635 2459 1678 non
2530 1618 2712 1679 cadat
2774 1618 2836 1678 in

592 1719 1070 1779 terminationem
1116 1735 1238 1797 ηος
1281 1737 1391 1795 pro
1453 1735 1629 1795 αιος,
1689 1723 1755 1779 ut
1812 1720 1873 1778 in
1933 1737 2056 1796 qua
2112 1736 2178 1778 αι
2238 1725 2378 1780 ante
2436 1721 2703 1781 vocalem
2762 1722 2840 1781 sit

588 1824 804 1901 posita,
847 1827 1045 1881 tamen
1079 1824 1490 1881 Beermanuus
1535 1840 1691 1898 quae
1736 1823 2007 1899 exempla
2051 1839 2119 1880 αι
2165 1842 2283 1883 non
2329 1813 2594 1885 mutatae
2626 1810 2693 1884 ¹in
2725 1823 2838 1884 hac

586 1925 1007 1985 terminatione
1055 1925 1248 2001 affert,
1291 1942 1364 1983 ea
1406 1925 1491 1983 sic
1537 1924 1842 1999 explicare
1887 1925 2102 2002 studet,
2146 1930 2214 1984 ut
2255 1927 2412 1985 inter
2456 1943 2498 1985 α
2542 1930 2605 1987 et
2649 1943 2672 1983 ι
2718 1927 2838 2004 spi-

488 2044 505 2061 ·
587 2032 817 2087 rantem
863 2026 1160 2086 excidisse
1207 2025 1383 2085 dicat.
1474 2025 1798 2086 Videamus
1842 2045 1961 2103 quo
2007 2028 2155 2087 iure.

754 2130 921 2206 Signi
983 2148 1022 2209 η
1084 2129 1261 2206 positi
1324 2129 1385 2187 in
1450 2129 1563 2188 hac
1625 2129 2044 2190 terminatione
2108 2130 2385 2207 exempla
2450 2134 2592 2190 sunt
2655 2131 2837 2191 baec:

588 2221 991 2291 Ποτεὶὸάονι
1054 2220 1377 2311 ἐμπυλήοι
1438 2232 1495 2290 Κ
1534 2229 1696 2302 12.*)
1743 2223 2303 2310 ἐληοχριστείριον
2346 2233 2404 2291 K
2441 2238 2537 2292 11.
2631 2232 2837 2293 Τανα-

584 2332 787 2412 γρῆος
826 2335 902 2395 CI
938 2337 1116 2394 1571.
1198 2323 1563 2411 Ταναγρήω
1603 2332 1662 2392 Κ
1703 2331 1796 2393 10.
1871 2323 2275 2413 Ταναγρήων
2316 2336 2404 2395 tit.
2437 2335 2696 2412 Tanagr.
2742 2334 2837 2396 ed.

586 2440 811 2498 Robert
870 2439 927 2496 in
976 2439 1196 2496 Herme
1242 2438 1323 2496 XI
1357 2434 1433 2494 97
1483 2454 1570 2513 sq.
1615 2456 1668 2496 a.
1699 2439 1755 2497 b.
1786 2455 1835 2497 c.
1867 2437 1922 2497 d.
1988 2427 2246 2518 θειβήω
2275 2439 2336 2498 Κ
2371 2435 2464 2498 10.
2511 2426 2838 2518 flammis·

587 2543 644 2600 Κ
678 2537 775 2599 32.
864 2528 1292 2617 Λεβαδειήων
1337 2540 1412 2600 cl
1466 2535 1655 2618 3588,
1716 2539 1789 2598 cf.
1841 2540 1978 2599 Keil
2031 2559 2140 2600 zur
2193 2542 2341 2616 Syll.
2393 2559 2452 2618 p.
2492 2537 2648 2619 539,
2693 2537 2839 2618 552,

586 2645 817 2703 Beerm.
855 2661 912 2718 p.
944 2639 1040 2699 30.
1074 2638 1154 2698 36
1186 2646 1309 2702 not.
1341 2638 1439 2700 25.
1511 2631 1832 2720 faezawje·
1862 2643 1939 2704 CI
1973 2640 2133 2700 1569
2158 2663 2210 2702 a.
2249 2628 2589 2722 ᾍθανήως
2617 2641 2708 2703 K²
2736 2639 2839 2703 33.

573 2730 789 2824 Άχῆος
836 2746 892 2803 in
942 2745 1029 2803 tit.
1072 2745 1332 2820 Tanagr.
1378 2743 1470 2803 ed.
1516 2745 1664 2803 Rob.
1711 2746 1912 2804 Herm.
1943 2739 2139 2822 XI‚'c.
2226 2747 2498 2823 Denique
2552 2749 2836 2822 patrony-

590 2849 741 2907 mica
766 2832 1119 2925 Ἄθανιῆος
1162 2848 1221 2906 Κ
1252 2844 1310 2924 2,
1355 2843 1454 2904 23.
1546 2830 1834 2926 Ὀρνιῆος
1875 2847 1936 2906 Κ
1977 2844 2036 2926 2,
2085 2845 2178 2907 12.
2257 2832 2591 2926 Άγασιῆος
2631 2848 2691 2907 Κ
2736 2845 2833 2905 10.

591 2946 891 3028 Δαμεῆος
944 2947 1035 3008 K²
1064 2945 1161 3008 20.
1251 2945 1581 3028 Καλλιῆος
1610 2950 1685 3008 CI
1720 2947 1899 3009 1574.
1945 2982 2028 2992 —
2075 2966 2142 3008 αι
2185 2953 2489 3010 servatum
2529 2954 2621 3010 est
2656 2952 2717 3010 in
2747 2951 2838 3012 tit.

588 3054 873 3129 antiquae
927 3053 1295 3129 scripturae:
1358 3044 1630 3131 Θηβαία)
1683 3051 1759 3111 CI
1789 3048 1888 3110 25.
1991 3048 2410 3111 ΘΕΒΑΙΟΝ
2459 3054 2517 3112 in
2578 3052 2836 3129 antiqui·

588 3155 792 3215 oribus
847 3157 1116 3215 nummis.
1216 3156 1445 3214 Beerm.
1488 3172 1546 3231 p.
1579 3150 1677 3212 34.
1774 3155 1843 3214 In
1905 3154 2371 3231 recentioribus,
2429 3156 2532 3231 qni
2593 3153 2831 3231 quidem

586 3277 804 3334 purum
836 3257 1237 3317 Boeotismum
1284 3256 1622 3334 exhibeant,
1665 3274 1784 3315 non
1817 3256 1930 3315 nisi
1958 3255 2134 3316 haec:
2188 3246 2537 3333 Τιμολάιος
2580 3253 2668 3316 K²
2700 3251 2836 3333 38⁸,
2917 3271 2924 3286 ·

588 3356 685 3418 39.
760 3354 1105 3417 Νικολαίω
1149 3359 1209 3417 Κ
1246 3355 1344 3436 10,
1374 3357 1431 3417 4.
1495 3345 1782 3436 Ἑρμαὶω
1826 3359 1884 3417 Κ
1916 3354 1972 3436 3,
2009 3354 2083 3414 19
2129 3356 2242 3431 (Κῖ
2272 3378 2330 3436 p.
2359 3355 2504 3437 631,
2549 3357 2629 3432 2).
2692 3346 2835 3438 ‘Eo-

584 3456 759 3538 μαίω
790 3462 849 3519 Κ
882 3458 977 3518 12.
1035 3448 1341 3539 Ἑρμαῖος
1372 3462 1431 3518 Κ
1461 3455 1560 3518 56.
1625 3447 1898 3537 Ἑρμαία
1927 3462 1986 3520 Κ
2016 3455 2115 3520 58.
2187 3462 2354 3521 Haec
2384 3462 2583 3524 omnia
2606 3462 2836 3521 Beerm.

585 3581 642 3638 p.
674 3559 754 3619 35
786 3563 1026 3638 punctis
1054 3561 1394 3621 diaereseos
1425 3562 1648 3638 scribit.
1694 3564 1755 3622 et
1783 3578 1826 3619 α
1856 3562 2102 3639 longum
2132 3580 2265 3623 esse
2294 3562 2569 3624 affirmat.
2654 3563 2833 3636 Quod

591 3665 666 3723 de
700 3652 1006 3742 Ἑρμαῖος
1066 3664 1306 3741 quidem
1350 3681 1568 3723 vereor
1613 3667 1681 3722 ut
1723 3681 1932 3723 verum
1991 3664 2085 3724 sit.
2171 3666 2481 3742 Nusquam
2542 3665 2698 3740 enim
2738 3682 2834 3725 re-

585 3768 815 3844 peritur
861 3766 1052 3844 forma
1084 3753 1409 3844 Ἑρμήιος,
1442 3753 1775 3844 (Ερμήιον,
1819 3784 1976 3842 quae
2021 3768 2300 3827 vocabuli
2346 3766 2542 3828 forma
2581 3759 2642 3827 in
2692 3766 2834 3826 dial.

584 3872 702 3928 ion.
748 3869 1009 3929 debebat
1052 3887 1198 3946 esse,
1242 3870 1292 3929 si
1339 3887 1381 3926 a
1426 3870 1674 3945 longum
1720 3873 1877 3928 esset
1914 3870 1974 3928 in
2008 3870 2298 3947 boeotica,
2342 3887 2685 3948 quanquam
2715 3870 2835 3930 hoc

584 3990 799 4032 nomen
858 3972 1020 4049 apud
1077 3989 1282 4031 omnes
1343 3971 1605 4031 Graecos
1662 3975 1845 4047 atque
1905 3972 2058 4031 adeo
2117 3973 2297 4032 Iones
2357 3972 2472 4032 fuit
2534 3972 2835 4032 usitatum.

757 4205 808 4271 ·)
841 4202 1054 4271 Recepi
1091 4202 1249 4270 signa
1282 4217 1315 4255 a
1339 4201 1551 4256 Beerm.
1577 4200 1845 4256 adhibita.
1916 4203 1969 4255 K
2008 4201 2289 4271 significat
2311 4200 2479 4256 Keilii
2504 4200 2639 4271 Syll.
2661 4201 2836 4258 inser.

581 4289 732 4357 Boe„
752 4289 831 4341 Κ·2
846 4288 990 4354 Keil,
1014 4302 1116 4341 zur
1134 4286 1366 4357 Sylloge
1383 4285 1547 4341 inser.
1566 4286 1760 4342 Boeot.
1778 4287 1975 4343 Jahrb.
1995 4287 2032 4341 f.
2051 4286 2145 4355 pb.
2163 4303 2218 4341 u.
2237 4288 2415 4356 paed„
2440 4286 2713 4356 Supplbd.
2731 4286 2838 4344 IV.
