3166 4871
2504 334 2620 397 351

374 514 549 570 sunt:
620 509 900 588 oppidani
957 512 1080 570 suis
1139 512 1308 572 bonis
1367 514 1580 591 privati
1630 513 1872 572 Romam
1933 515 2230 571 venerunt
2291 529 2414 570 rem
2462 529 2629 571 suam

374 612 609 688 dicturi,
662 613 948 672 veterani
1002 633 1121 673 non
1171 615 1365 675 solum
1413 616 1687 692 pecunia,
1730 614 1835 675 sed
1882 614 2053 673 etiam
2101 613 2410 673 voluntate
2463 631 2632 673 caru·

372 719 550 774 erunt
603 713 1031 789 possessiones
1081 717 1439 794 instruendi,
1485 719 1628 777 satis
1675 717 2013 777 habueruut
2057 715 2163 774 sibi
2212 713 2286 774 ad
2333 733 2432 790 ea,
2476 733 2632 792 quae

260 897 271 908 ·
368 818 483 876 iam
532 816 945 893 possederunt,
1009 819 1200 879 etiam
1262 821 1515 880 aliorum
1574 820 2006 897 oppidanorum
2067 818 2222 877 bona
2280 819 2566 895 rapuisse.
2589 813 2631 893 ¹)

372 920 543 994 Quae
599 938 733 979 cum
794 919 878 979 ita
923 926 1144 998 essent,
1209 923 1282 982 L.
1327 923 1625 982 Antonius
1671 927 1730 982 et
1772 922 1981 981 Fulvia
2028 921 2223 981 denuo
2269 921 2527 981 animum
2573 926 2633 981 et

371 1021 590 1099 agendi
649 1022 940 1083 rationem
990 1028 1399 1086 mutaverunt.
1502 1027 1654 1085 Nam
1703 1028 1987 1102 patronos
2034 1024 2374 1084 miserorum
2422 1024 2630 1101 oppid-

370 1142 619 1184 anorum
680 1142 744 1184 se
806 1127 1032 1200 gesturi
1098 1129 1407 1188 veteranis
1471 1146 1581 1203 pro
1646 1128 1817 1187 bonis
1862 1127 2142 1202 pecunias
2188 1125 2434 1201 polliciti
2478 1129 2632 1186 sunt.

371 1256 455 1266 —
514 1225 631 1286 Sed
688 1227 799 1286 hac
860 1246 925 1287 re
999 1229 1356 1289 offensiones
1420 1234 1479 1289 et
1544 1231 1701 1289 inter
1745 1229 2072 1289 Antonium
2137 1234 2196 1288 et
2241 1229 2510 1288 Fulviam
2574 1232 2634 1287 et

370 1329 527 1389 inter
591 1331 699 1389 hos
762 1334 820 1390 et
885 1328 1283 1391 Octavianum
1348 1333 1406 1391 in
1467 1332 1595 1390 dies
1656 1332 2136 1391 vehementiores
2187 1329 2348 1406 fieri,
2405 1329 2632 1390 frustra

374 1434 639 1492 veterani
688 1433 799 1491 iam
850 1434 1132 1493 Anconae
1184 1432 1425 1493 deducti
1474 1435 1742 1493 rixantes
1803 1434 2123 1492 conciliare
2171 1433 2392 1492 conari.
2477 1434 2628 1492 Nam

374 1552 504 1593 eum
554 1538 613 1593 et
659 1533 1024 1595 Octavianus
1072 1540 1131 1594 et
1180 1535 1475 1594 Antonius
1532 1537 1846 1595 consilium
1895 1540 2319 1594 veteranorum
2366 1535 2633 1594 secuturi

372 1635 447 1695 ad
511 1636 872 1712 colloquium
940 1636 1165 1696 Gabios
1225 1639 1550 1697 convenire
1625 1638 1876 1712 vellent,
1935 1637 2154 1696 bellum
2209 1640 2480 1695 exortum
2529 1642 2633 1696 est.

372 1738 669 1798 Antonius
714 1739 995 1798 Perusiae
1049 1743 1443 1818 oppugnatus
1492 1740 1714 1817 oppido
1761 1744 1935 1816 capto
1983 1739 2212 1798 veniam
2260 1738 2505 1813 accepit.

543 1840 691 1900 Inde
736 1848 932 1901 autem
983 1843 1296 1918 Augustus
1348 1843 1512 1902 solus
1561 1844 1824 1904 colonias
1870 1842 2136 1901 deduxit.
2221 1843 2294 1901 Et
2332 1840 2631 1912 videntur⁷

374 1962 507 2002 eum
573 1942 789 2002 bellum
852 1942 1149 2002 Sic-ilicum
1208 1943 1623 2016 (716—718)
1683 1951 2023 2020 gereretur,
2083 1942 2352 2003 coloniae
2413 1943 2633 2019 Philip-

366 2063 589 2132 penses
653 2044 914 2104 noudum
978 2064 1183 2106 omnes
1229 2046 1520 2106 deductae
1566 2047 1767 2106 fuisse.
1870 2047 2022 2105 Nam
2073 2051 2212 2106 ante
2257 2065 2307 2104 a.
2356 2048 2476 2105 716
2521 2046 2631 2105 Re-

373 2148 533 2222 gium
581 2153 641 2206 et
690 2148 839 2207 Vibo
887 2147 1107 2223 oppida
1152 2149 1227 2208 ab
1275 2150 1385 2207 hac
1434 2151 1650 2208 misera
1718 2148 2071 2209 condicione
2120 2149 2377 2208 liberata
2421 2143 2632 2219 sunffl)

374 2251 549 2308 Anno
596 2254 789 2308 autem
847 2252 967 2309 718
1032 2250 1321 2309 seditione
1375 2251 1528 2310 inter
1582 2253 1796 2310 milites
1852 2256 2056 2309 coorta
2118 2249 2487 2310 Octavianus
2532 2268 2630 2309 ve·

372 2355 633 2426 teranos²
678 2352 775 2428 qui
826 2351 940 2410 iam
987 2351 1145 2427 apud
1182 2353 1469 2412 Mutinam
1520 2357 1578 2412 ct
1616 2353 1923 2430 Philippos
1968 2356 2404 2428 pugnaverant,
2442 2351 2634 2411 dimit-

370 2458 499 2513 tere
568 2460 626 2513 et
692 2453 993 2513 deducere
1062 2460 1305 2514 coactus
1373 2462 1479 2515 est.
1619 2457 1694 2514 Et
1778 2454 2120 2530 accepimus
2197 2454 2302 2515 illo
2367 2460 2636 2531 tempore

332 2555 690 2615 *deductam
738 2573 867 2614 esse
917 2555 1220 2633 Capuam,
1283 2562 1341 2616 et
1387 2558 1656 2635 Regium,
1703 2558 1844 2635 quia
1889 2575 2142 2616 vacuum
2192 2560 2377 2633 esset,
2436 2557 2633 2616 classi-

371 2658 531 2717 arios
578 2658 786 2717 missos
833 2675 996 2729 esse,
1056 2657 1160 2718 sed
1211 2659 1324 2718 hac
1378 2660 1756 2734 condicione,
1819 2664 1883 2719 ut
1933 2657 2214 2736 oppidum
2262 2659 2320 2716 in
2368 2659 2634 2719 coloniae

372 2760 620 2819 formam
669 2777 785 2819 non
833 2759 1207 2835 redigeretur
1264 2762 1437 2833 (CIL.
1468 2763 1536 2822 X.
1581 2782 1638 2839 p.
1672 2767 1728 2838 3,
1775 2763 1932 2821 Mon.
1965 2761 2111 2820 Anc.
2157 2780 2213 2837 p.
2245 2758 2370 2831 40).
2458 2762 2634 2821 Anno

374 2862 648 2937 sequenti
715 2865 834 2922 719
899 2859 1265 2923 Octavianus
1299 2857 1472 2922 'bella
1529 2865 1717 2939 gessit
1781 2882 1914 2923 cum
1963 2863 2201 2940 populis
2245 2862 2492 2940 Alpinis,
2540 2863 2633 2922 Li·

375 2964 584 3023 burnis
631 2964 917 3039 aliisque,
981 2964 1199 3039 quibus
1260 2965 1549 3025 confectis
1612 2968 1668 3025 in
1719 2966 1910 3026 Gallia
1968 2965 2379 3040 transpadana
2422 2965 2635 3024 milites

376 3066 697 3125 deduxisse
746 3064 983 3125 videtur
1034 3067 1235 3126 Polam
1284 3069 1630 3143 Tergestem
1687 3069 2031 3128 Parentium
2079 3066 2486 3127 Concordiam.

546 3167 661 3227 Sed
709 3169 902 3227 coloni
949 3187 1098 3245 quos
1145 3170 1410 3246 undique
1460 3170 1857 3246 disperserat,
1924 3170 2238 3229 verisimile
2284 3188 2404 3229 non
2452 3169 2636 3245 quieti

378 3276 755 3341 manserunt,
818 3290 952 3331 cum
1019 3273 1220 3348 paullo
1275 3277 1411 3349 post
1456 3273 1677 3332 bellum
1730 3291 1860 3332 cum
1909 3272 2170 3332 Antonio
2217 3276 2277 3331 et
2321 3271 2637 3347 Cleopatra
2692 3339 2695 3342 ⁴

378 3378 749 3434 exureretur.
853 3373 1166 3447 Quomodo
1228 3376 1570 3451 imperatori
1635 3356 1944 3434 auxilium·
1978 3374 2258 3451 tulerint,
2311 3392 2429 3433 non
2478 3392 2636 3433 eom-

382 3481 761 3536 memoratur.
824 3505 906 3515 —
982 3476 1211 3551 Insigni
1273 3477 1503 3552 proelio
1568 3476 1730 3555 apud
1793 3477 2030 3536 Actium
2091 3475 2250 3535 facto
2308 3475 2520 3536 milites
2575 3476 2634 3536 in

378 3578 551 3637 Italia
610 3577 964 3637 seditionem
1027 3582 1378 3657 moverunt,
1449 3579 1714 3658 praemia
1783 3577 2213 3656 stipendiorum
2277 3584 2336 3638 et
2396 3578 2632 3638 victori·

377 3698 545 3739 arum
593 3686 1016 3756 poposcerunt.
1121 3682 1304 3742 Cuius
1347 3684 1431 3741 rei
1479 3701 1612 3741 cum
1658 3701 1693 3741 a
1738 3683 2087 3741 Maecenate
2128 3679 2204 3739 ad
2236 3677 2632 3740 Octavianum

379 3782 621 3841 nuntius
684 3783 902 3842 allatus
967 3789 1152 3860 esset,
1214 3783 1412 3844 statim
1470 3784 1853 3844 Brundisium
1910 3783 2253 3861 profectus,
2310 3785 2510 3842 tamen
2571 3782 2632 3843 in

380 3885 553 3943 ltalia
614 3885 802 3943 solum
868 3885 1079 3961 viginti
1135 3892 1365 3962 septem
1413 3885 1539 3945 dies
1587 3893 1980 3946 commoratus
2041 3885 2188 3945 satis
2235 3884 2442 3944 lia-buit
2488 3888 2634 3944 natu

380 3987 666 4046 maximos
711 3992 770 4046 et
815 3987 1214 4048 ferocissimos
1273 3988 1513 4048 sedasse
1561 3992 1622 4047 et
1667 3989 2026 4057 collocasse;
2103 3992 2262 4047 certe
2309 3987 2469 4046 intra
2516 3987 2631 4045 hoc

555 4221 595 4281 ¹)
631 4216 702 4272 ef.
742 4225 1030 4286 poetarum
1067 4218 1281 4273 Tibulli
1317 4217 1596 4287 Propertii
1633 4217 1846 4272 Horatii
1881 4216 2105 4283 Virgilii
2143 4220 2398 4285 questus.

551 4306 596 4371 2)
632 4301 784 4372 App.
824 4305 856 4358 Ι.
894 4305 926 4358 1.
966 4303 1092 4358 1111.
1131 4308 1211 4359 84.
1295 4304 1484 4358 Drum.
1524 4304 1651 4358 1111.
1690 4306 1804 4357 266.
