3166 4871
1117 297 1202 353 De
1236 297 1435 352 nomin.
1469 298 1531 351 in
1566 316 1731 362 -αιος.
1805 301 1837 364 s
1874 301 1957 352 79.
2537 302 2660 363 243

414 495 539 536 non
606 494 740 537 esse
809 480 1071 555 constat,
1145 495 1328 553 quum
1394 477 1557 553 apud
1639 476 1856 537 Aesch.
1917 476 2061 538 Cho.
2130 471 2247 534 180
2312 476 2663 553 simpliciter

416 578 496 637 sit
540 578 851 656 detonsus,
895 578 1057 656 apud
1103 580 1246 639 Eur.
1276 577 1377 639 Or.
1409 577 1531 636 955
1588 568 1906 657 κούριμος
1962 568 2233 657 σίδαρος
2277 578 2563 656 tondens;
2607 581 2668 639 et

414 678 715 753 aliorum).
776 682 866 741 Ae
896 681 1151 742 vidimus
1181 700 1369 758 supra
1400 682 1576 757 plane
1607 671 1861 742 eandem'
1896 700 2025 743 esse
2055 686 2114 740 et
2141 686 2361 741 sortem
2394 686 2455 741 et
2483 680 2662 758 signi-

411 782 750 843 ficationem
773 803 986 844 vocum
1011 773 1287 862 νόμιμος
1318 788 1378 843 et
1407 773 1683 862 νόμαιος
1716 785 1798 862 (p.
1822 781 1990 861 204),
2032 773 2374 861 πόμπιμος
2404 787 2464 843 et
2492 799 2661 861 πομ-

411 890 616 955 παῖος
662 885 746 963 (p.
777 882 944 960 210).
1035 888 1232 947 Minus
1287 890 1452 948 certa
1506 887 1676 964 origo
1724 891 1814 947 est
1861 886 2281 947 vocabulorum
2328 887 2391 949 in
2436 898 2661 964 -σιμος

412 987 681 1061 Quorum
739 990 1038 1066 permulta
1097 1008 1133 1049 a
1193 989 1532 1049 nominibus
1594 990 1913 1071 abstractis
1974 990 2035 1049 in
2097 1001 2234 1060 -σις
2282 988 2661 1049 descendere
2716 992 2723 1001 '

411 1110 534 1150 non
583 1096 782 1168 potest
826 1093 1053 1170 negari.
1145 1094 1221 1152 Ut
1266 1079 1605 1173 ἁλώσιμος
1651 1082 1835 1168 βάξις
1880 1112 1977 1170 ap.
2021 1091 2239 1152 Aeseh.
2267 1093 2382 1169 Ag.
2420 1088 2493 1148 10
2540 1110 2660 1152 non

408 1198 614 1271 potest
671 1211 801 1254 esse
861 1196 976 1255 nisi
1035 1196 1277 1255 nuntius
1338 1182 1683 1267 ἁλώσεως,
1753 1195 2141 1271 similiterque
2199 1196 2456 1255 maxima
2517 1214 2659 1272 pars

408 1314 618 1355 eorum
665 1314 822 1372 quae
866 1298 933 1356 L.
982 1300 1188 1373 Meyer
1235 1303 1544 1359 enumerat
1589 1319 1646 1377 p.
1692 1295 1807 1355 621
1861 1298 1936 1357 ad
1980 1298 2220 1359 nomina
2259 1298 2569 1358 abstracta
2598 1297 2659 1357 in

408 1412 513 1469 σις
558 1399 904 1460 revocanda
949 1401 1205 1461 videtur.
1293 1401 1410 1463 Sed
1456 1406 1596 1463 suut
1641 1402 1816 1463 etiam
1860 1400 1923 1461 in
1971 1400 2065 1461 his
2111 1419 2267 1479 quae
2298 1400 2659 1477 participiali

406 1506 662 1561 utantur
730 1502 1188 1581 significatione,
1268 1508 1328 1564 et
1393 1523 1528 1563 cum
1593 1504 2057 1581 compositorum
2123 1504 2323 1580 potius
2389 1502 2659 1580 partibus

404 1604 713 1681 prioribus
756 1606 816 1664 in
863 1618 926 1663 σι
974 1605 1384 1666 desinentibus
1415 1612 1756 1683 congruant
1784 1625 1961 1683 quam
1995 1625 2129 1667 cum
2173 1593 2507 1667 abstractis.
2579 1607 2661 1666 Ut

403 1696 851 1785 βακχεύσιμος
896 1728 991 1785 ap.
1039 1710 1180 1768 Eur.
1225 1710 1572 1786 simpliciter
1631 1713 1724 1769 est
1784 1709 2111 1787 bacchans,
2173 1701 2513 1788 ἐρείψιμος
2564 1726 2658 1784 ap.

405 1810 590 1870 eund.
652 1811 954 1887 collapsus
1027 1810 1128 1883 (cf.
1195 1804 1682 1890 ἐρειψί-τοιχος
1746 1832 1840 1888 ap.
1908 1811 2177 1889 Aesch.)‚
2251 1796 2660 1889 εὐθνήσιμος

402 1913 628 1973 Aesch.
673 1912 908 1973 facilem
981 1919 1227 1974 mortem
1288 1916 1572 1993 afferens,
1647 1904 1922 1991 λύσιμος
1978 1914 2194 1974 Aesch.
2253 1913 2493 1973 solvens
2558 1912 2657 1985 (cf.

411 2006 843 2093 λυσι-μελής),
874 2006 1220 2095 πτώσιμος
1249 2018 1463 2077 Aesch.
1493 2043 1575 2063 =
1619 2005 2019 2095 πεπτωκώς,
2050 2005 2659 2099 necatusLG-cdoqaeog

404 2118 652 2196 stabilis,
699 2120 734 2178 i.
765 2138 815 2179 6.
853 2120 1013 2196 qnod
1047 2120 1279 2180 firmum
1314 2122 1743 2197 immotumque
1773 2126 1908 2180 stat.
1983 2122 2149 2194 Quae
2182 2137 2304 2196 quo
2336 2119 2509 2179 modo
2555 2137 2654 2179 ex-

403 2221 687 2299 plicanda
730 2223 851 2282 sint
895 2222 1034 2281 mihi
1081 2243 1198 2283 non
1242 2224 1452 2300 liquet,
1496 2224 1848 2300 praesertim
1887 2241 2066 2300 quum
2101 2224 2279 2283 etiam
2310 2222 2387 2282 de
2418 2240 2655 2299 compo·

402 2326 653 2384 sitorum
716 2325 986 2402 partibus
1041 2326 1162 2385 illis
1214 2325 1516 2404 prioribus
1561 2325 1762 2386 adhuc
1804 2326 2094 2386 acerrime
2140 2325 2500 2385 dissentiant
2543 2324 2654 2384 viri

403 2427 596 2505 docti3
643 2427 719 2488 cf.
763 2427 984 2489 Clemm
1032 2427 1199 2489 Stud.
1249 2431 1375 2508 VII,
1417 2449 1475 2507 p.
1523 2427 1595 2487 51
1635 2448 1770 2507 sqq.

575 2530 915 2591 Ad'omnia
957 2533 1138 2608 igitur
1183 2533 1330 2592 haec
1374 2533 1803 2593 vocabulorum
1850 2533 1907 2592 in
1957 2549 2066 2610 ιμο
2114 2532 2507 2593 desinentium
2555 2551 2653 2608 ge·

403 2652 554 2694 nera
598 2633 863 2711 affigitur
905 2634 1184 2694 suffixum
1232 2653 1361 2707 αιο,
1407 2641 1590 2712 atque
1636 2637 1809 2695 etiam
1857 2635 1931 2695 ad
1979 2655 2067 2712 ea,
2112 2653 2269 2712 quae
2307 2650 2417 2712 ιμο
2449 2635 2655 2712 ampli-

401 2735 623 2796 ficandi
669 2741 898 2797 tantum
949 2756 1131 2797 causa
1177 2738 1543 2815 adiecerant,
1588 2744 1654 2798 ut
1699 2739 1815 2815 jam
1862 2738 1982 2798 duo
2025 2737 2246 2797 suffixa
2276 2736 2478 2797 addita
2508 2735 2652 2797 nihil

406 2838 534 2898 fere
589 2839 1009 2916 significationi
1063 2842 1320 2901 afferant
1373 2841 1734 2901 mutationis,
1822 2841 2007 2902 Cuius
2050 2841 2290 2918 generis
2335 2845 2480 2899 sunt
2522 2859 2572 2901 6.
2604 2859 2654 2899 6.

401 2926 998 3018 αποβολιματος
1052 2943 1155 3003 Ar.
1201 2944 1340 3003 Pae.
1387 2940 1541 3000 677.
1620 2937 1702 3002 Εἰ
1758 2932 1882 3021 γάρ
1935 2929 2094 3003 ποτ’
2139 2936 2412 3017 ἐξέλθοι
2458 2953 2652 3021 στρα-
2691 2997 2695 3008 ,

401 3061 664 3124 urm-⁷79,
711 3030 969 3117 εὐθέως
1000 3031 1493 3123 ἀποβολιμαῖος
1524 3045 1665 3105 τῶν
1706 3031 1946 3105 ὅπλωι
1991 3040 2316 3125 ἐγίγνετο,
2360 3070 2443 3091 -·--
2489 3029 2653 3102 ἄπο-

399 3135 608 3228 βόλος
667 3140 996 3226 ἐγίγνετο,
1041 3174 1122 3196 =
1170 3134 1460 3222 ἀπέβαλε
1526 3139 1608 3207 τὰ
1671 3134 1869 3208 οπλα.
1930 3180 2011 3188 -—
2065 3135 2654 3225 ὑποβολιμαῖος

401 3250 477 3309 (16
521 3249 850 3310 infantibus
895 3251 1215 3312 subditivis
1262 3252 1403 3312 Hdt.
1441 3251 1491 3328 1,
1545 3249 1678 3311 137.
1733 3253 1821 3311 Pl.
1851 3271 1897 3311 r.
1943 3272 2000 3329 p.
2033 3248 2096 3328 7,
2144 3246 2264 3307 537
2300 3250 2349 3309 E
2393 3250 2470 3309 al.
2557 3249 2653 3310 Ab

399 3352 665 3429 Hesych.
711 3354 882 3413 Phot.
925 3353 1092 3414 Suid.
1150 3355 1482 3432 explicatur
1540 3342 2109 3432 ὑποβαλλόμενος.
2154 3382 2242 3394 ·-
2288 3349 2654 3430 συλλογι-

398 3459 636 3533 μαῖος
698 3456 879 3516 Arist.
926 3461 1169 3517 meteor.
1215 3454 1272 3537 2,
1325 3456 1388 3516 1:
1453 3454 1593 3517 τῶν
1656 3452 1997 3534 στασίμων
2058 3444 2327 3516 ὑδάτων
2387 3445 2473 3514 τὰ
2529 3449 2653 3534 μέν

401 3551 541 3616 ἐστι
585 3565 865 3637 πηγαῖα,
909 3548 992 3616 τὰ
1036 3553 1107 3618 δὲ
1155 3558 1606 3638 συλλογιμαῐα.
1650 3562 1795 3621 Luc.
1825 3561 1977 3621 Tox.
2015 3555 2087 3617 19
2137 3553 2652 3637 συλλογιμαίους

401 3651 588 3730 τινὰς,-
646 3645 1081 3740 ἇυθρώπους.
1172 3662 1398 3739 Phryn.
1429 3662 1622 3724 Bekk.
1669 3682 1762 3723 an.
1805 3683 1864 3741 p.
1894 3661 1994 3741 63,
2048 3661 2119 3720 12
2182 3661 2651 3741 συλλογιμαϊος

399 3752 720 3841 ‹popm-(59,
765 3756 877 3822 ἐπί
921 3780 1106 3833 τινος
1151 3749 1430 3835 οὐδενὸς
1474 3749 1670 3841 ἀξίου
1700 3749 2103 3842 ἀνθρώπου.
2180 3767 2290 3827 Est
2320 3767 2503 3841 igitur
2533 3767 2569 3825 i.
2593 3785 2651 3843 q.

401 3854 783 3935 συλλεκτός.
829 3894 916 3907 --
960 3865 1207 3925 κλοπι
1222 3872 1451 3950 ματος
1509 3888 1604 3945 ap.
1657 3868 1805 3928 Luc.
1850 3870 2001 3928 Iear.
2047 3864 2155 3946 20,
2212 3868 2350 3928 Ant.
2394 3869 2522 3928 Lib.
2567 3866 2648 3928 23

399 3968 554 4028 idem
602 3973 695 4028 est
738 3973 921 4046 atque
964 3959 1248 4048 κλοπός,
1304 3960 1620 4048 κλόπιος,
1675 3969 2034 4044 κλοπαῑος,
2094 3971 2425 4047 eademque
2469 3973 2651 4049 sigui-

397 4071 671 4132 ficatione
715 4069 1193 4150 κλεψιμαῑος
1256 4073 1418 4151 apud
1465 4073 1629 4133 LXX
1673 4079 1734 4135 et
1777 4091 1890 4134 scr.
1936 4074 2082 4136 eccl.
2129 4109 2210 4118 —
2257 4065 2323 4132 αἱ
2366 4090 2649 4153 τροφι-

398 4179 622 4250 μαῑαι
669 4175 825 4234 Phil.
865 4178 905 4234 t.
937 4172 994 4251 2,
1039 4195 1097 4253 p.
1127 4173 1271 4253 443,
1318 4171 1397 4234 49
1443 4181 1586 4237 sunt
1629 4177 1894 4254 virgines
1941 4176 2202 4237 noudum
2248 4175 2305 4235 in
2354 4177 2648 4236 matrimo-

400 4275 560 4336 nium
608 4276 806 4355 datac‚
851 4296 1008 4355 quae
1051 4272 1434 4357 τρέφονται.
2454 4289 2463 4298 “
