<?xml version="1.0" encoding="UTF-8"?>
<!DOCTYPE html PUBLIC "-//W3C//DTD XHTML 1.0 Transitional//EN"
    "http://www.w3.org/TR/xhtml1/DTD/xhtml1-transitional.dtd">
<html xmlns="http://www.w3.org/1999/xhtml" xml:lang="en" lang="en">
 <head>
  <title>
</title>
<meta http-equiv="Content-Type" content="text/html;charset=utf-8" />
  <meta name='ocr-system' content='tesseract 3.04.00' />
  <meta name='ocr-capabilities' content='ocr_page ocr_carea ocr_par ocr_line ocrx_word'/>
</head>
<body>
  <div class='ocr_page' id='page_1' title='image "./dissertationesp00hallgoog_0163.png"; bbox 0 0 3166 4871; ppageno 0'>
   <div class='ocr_carea' id='block_1_1' title="bbox 1009 373 2547 446">
    <p class='ocr_par' dir='ltr' id='par_1_1' title="bbox 1009 373 2547 446">
     <span class='ocr_line' id='line_1_1' title="bbox 1009 373 2547 446; baseline 0.008 -17"><span class='ocrx_word' id='word_1_1' title='bbox 1009 373 1092 429; x_wconf 88' lang='lat' dir='ltr'><strong>De</strong></span> <span class='ocrx_word' id='word_1_2' title='bbox 1128 375 1331 430; x_wconf 83' lang='lat' dir='ltr'><strong>nomin.</strong></span> <span class='ocrx_word' id='word_1_3' title='bbox 1366 374 1423 430; x_wconf 89' lang='lat' dir='ltr'><strong>in</strong></span> <span class='ocrx_word' id='word_1_4' title='bbox 1459 393 1624 440; x_wconf 81' lang='grc' dir='ltr'><em>-αιος,</em></span> <span class='ocrx_word' id='word_1_5' title='bbox 1695 377 1729 446; x_wconf 62' lang='grc' dir='ltr'><strong>ξ</strong></span> <span class='ocrx_word' id='word_1_6' title='bbox 1764 379 1846 430; x_wconf 86' lang='grc'><strong>51.</strong></span> <span class='ocrx_word' id='word_1_7' title='bbox 2427 380 2547 441; x_wconf 87' lang='grc'><strong>143</strong></span> 
     </span>
    </p>
   </div>
   <div class='ocr_carea' id='block_1_2' title="bbox 288 541 2551 4422">
    <p class='ocr_par' dir='ltr' id='par_1_2' title="bbox 295 541 2551 1246">
     <span class='ocr_line' id='line_1_2' title="bbox 470 541 2551 632; baseline 0.001 -21"><span class='ocrx_word' id='word_1_8' title='bbox 470 541 811 632; x_wconf 74' lang='grc' dir='ltr'><em>ἓδραῖος</em></span> <span class='ocrx_word' id='word_1_9' title='bbox 863 551 986 614; x_wconf 80' lang='lat' dir='ltr'><strong>Att.</strong></span> <span class='ocrx_word' id='word_1_10' title='bbox 1028 552 1202 626; x_wconf 83' lang='lat' dir='ltr'><strong>Quod</strong></span> <span class='ocrx_word' id='word_1_11' title='bbox 1248 554 1606 615; x_wconf 85' lang='lat' dir='ltr'><strong>vocabulum</strong></span> <span class='ocrx_word' id='word_1_12' title='bbox 1650 553 1957 615; x_wconf 87' lang='lat' dir='ltr'><strong>luculento</strong></span> <span class='ocrx_word' id='word_1_13' title='bbox 2000 556 2092 614; x_wconf 78' lang='lat' dir='ltr'><strong>eet</strong></span> <span class='ocrx_word' id='word_1_14' title='bbox 2132 554 2431 632; x_wconf 87' lang='lat' dir='ltr'><strong>exemplo,</strong></span> <span class='ocrx_word' id='word_1_15' title='bbox 2475 572 2551 614; x_wconf 84' lang='lat' dir='ltr'><strong>ex</strong></span> 
     </span>
     <span class='ocr_line' id='line_1_3' title="bbox 303 654 2550 733; baseline 0 -18"><span class='ocrx_word' id='word_1_16' title='bbox 303 655 702 717; x_wconf 74' lang='lat' dir='ltr'><strong>substantivis</strong></span> <span class='ocrx_word' id='word_1_17' title='bbox 748 654 1011 715; x_wconf 86' lang='lat' dir='ltr'><strong>derivari</strong></span> <span class='ocrx_word' id='word_1_18' title='bbox 1048 674 1224 733; x_wconf 79' lang='lat' dir='ltr'><strong>posse</strong></span> <span class='ocrx_word' id='word_1_19' title='bbox 1254 657 1554 717; x_wconf 83' lang='lat' dir='ltr'><strong>vocabula</strong></span> <span class='ocrx_word' id='word_1_20' title='bbox 1582 657 1815 718; x_wconf 83' lang='lat' dir='ltr'><strong>verbali</strong></span> <span class='ocrx_word' id='word_1_21' title='bbox 1843 656 2278 733; x_wconf 77' lang='lat' dir='ltr'><strong>significatione</strong></span> <span class='ocrx_word' id='word_1_22' title='bbox 2310 657 2550 717; x_wconf 83' lang='lat' dir='ltr'><strong>utentia.</strong></span> 
     </span>
     <span class='ocr_line' id='line_1_4' title="bbox 297 747 2547 838; baseline -0.001 -19"><span class='ocrx_word' id='word_1_23' title='bbox 297 760 452 819; x_wconf 85' lang='lat' dir='ltr'><strong>Nam</strong></span> <span class='ocrx_word' id='word_1_24' title='bbox 501 747 769 835; x_wconf 71' lang='grc' dir='ltr'><em>ἑδραῖος</em></span> <span class='ocrx_word' id='word_1_25' title='bbox 814 775 888 818; x_wconf 87' lang='lat' dir='ltr'><strong>ex</strong></span> <span class='ocrx_word' id='word_1_26' title='bbox 931 759 1118 819; x_wconf 75' lang='lat' dir='ltr'><strong>subet.</strong></span> <span class='ocrx_word' id='word_1_27' title='bbox 1164 748 1350 838; x_wconf 73' lang='grc' dir='ltr'><em>ἕδρα,</em></span> <span class='ocrx_word' id='word_1_28' title='bbox 1393 778 1515 820; x_wconf 89' lang='lat' dir='ltr'><strong>non</strong></span> <span class='ocrx_word' id='word_1_29' title='bbox 1562 777 1639 821; x_wconf 86' lang='lat' dir='ltr'><strong>ex</strong></span> <span class='ocrx_word' id='word_1_30' title='bbox 1681 759 1861 819; x_wconf 81' lang='lat' dir='ltr'><strong>huius</strong></span> <span class='ocrx_word' id='word_1_31' title='bbox 1904 758 2109 820; x_wconf 80' lang='lat' dir='ltr'>radice</span> <span class='ocrx_word' id='word_1_32' title='bbox 2156 748 2231 817; x_wconf 77' lang='grc' dir='ltr'><strong>ἓδ</strong></span> <span class='ocrx_word' id='word_1_33' title='bbox 2271 748 2547 837; x_wconf 67' lang='grc' dir='ltr'><strong>(ἕξομαι)</strong></span> 
     </span>
     <span class='ocr_line' id='line_1_5' title="bbox 296 859 2548 938; baseline 0 -17"><span class='ocrx_word' id='word_1_34' title='bbox 296 861 635 922; x_wconf 82' lang='lat' dir='ltr'><strong>derivatum</strong></span> <span class='ocrx_word' id='word_1_35' title='bbox 680 878 813 921; x_wconf 61' lang='lat' dir='ltr'><strong>eme</strong></span> <span class='ocrx_word' id='word_1_36' title='bbox 856 859 1048 920; x_wconf 82' lang='lat' dir='ltr'><strong>forma</strong></span> <span class='ocrx_word' id='word_1_37' title='bbox 1090 860 1474 937; x_wconf 80' lang='lat' dir='ltr'><strong>demonstrat,</strong></span> <span class='ocrx_word' id='word_1_38' title='bbox 1520 864 1585 921; x_wconf 87' lang='lat' dir='ltr'><strong>et</strong></span> <span class='ocrx_word' id='word_1_39' title='bbox 1628 861 2075 922; x_wconf 72' lang='lat' dir='ltr'><strong>denomInativa</strong></span> <span class='ocrx_word' id='word_1_40' title='bbox 2116 860 2548 938; x_wconf 75' lang='lat' dir='ltr'><strong>significatione</strong></span> 
     </span>
     <span class='ocr_line' id='line_1_6' title="bbox 296 947 2548 1043; baseline -0.001 -19"><span class='ocrx_word' id='word_1_41' title='bbox 296 965 487 1025; x_wconf 83' lang='lat' dir='ltr'><strong>utitur</strong></span> <span class='ocrx_word' id='word_1_42' title='bbox 524 981 618 1041; x_wconf 88' lang='lat' dir='ltr'><strong>ap.</strong></span> <span class='ocrx_word' id='word_1_43' title='bbox 647 963 856 1041; x_wconf 82' lang='lat' dir='ltr'><strong>Eurip.</strong></span> <span class='ocrx_word' id='word_1_44' title='bbox 885 963 1072 1024; x_wconf 87' lang='lat' dir='ltr'><strong>Andr.</strong></span> <span class='ocrx_word' id='word_1_45' title='bbox 1100 958 1225 1021; x_wconf 84' lang='grc'><strong>266</strong></span> <span class='ocrx_word' id='word_1_46' title='bbox 1267 947 1513 1043; x_wconf 75' lang='grc' dir='ltr'><strong><em>κᾶθησ’</em></strong></span> <span class='ocrx_word' id='word_1_47' title='bbox 1558 953 1806 1043; x_wconf 77' lang='grc' dir='ltr'><em>ἓδραία.</em></span> <span class='ocrx_word' id='word_1_48' title='bbox 1894 965 2072 1024; x_wconf 72' lang='lat' dir='ltr'><strong>Rhea.</strong></span> <span class='ocrx_word' id='word_1_49' title='bbox 2103 959 2226 1021; x_wconf 87' lang='lat'><strong>783</strong></span> <span class='ocrx_word' id='word_1_50' title='bbox 2275 953 2548 1043; x_wconf 74' lang='grc' dir='ltr'><em>ἑδραίαν</em></span> 
     </span>
     <span class='ocr_line' id='line_1_7' title="bbox 295 1055 2548 1144; baseline 0 -20"><span class='ocrx_word' id='word_1_51' title='bbox 295 1055 527 1144; x_wconf 56' lang='lat' dir='ltr'><strong>(icium</strong></span> <span class='ocrx_word' id='word_1_52' title='bbox 594 1065 702 1126; x_wconf 79' lang='lat' dir='ltr'><strong>sed</strong></span> <span class='ocrx_word' id='word_1_53' title='bbox 757 1065 922 1142; x_wconf 88' lang='lat' dir='ltr'><strong>apud</strong></span> <span class='ocrx_word' id='word_1_54' title='bbox 976 1066 1290 1126; x_wconf 78' lang='lat' dir='ltr'><strong>Platonem</strong></span> <span class='ocrx_word' id='word_1_55' title='bbox 1350 1070 1411 1125; x_wconf 84' lang='lat' dir='ltr'><strong>et</strong></span> <span class='ocrx_word' id='word_1_56' title='bbox 1453 1066 1907 1143; x_wconf 77' lang='lat' dir='ltr'><strong>Xenophontem</strong></span> <span class='ocrx_word' id='word_1_57' title='bbox 1953 1066 2257 1127; x_wconf 73' lang='lat' dir='ltr'><strong>verbalem</strong></span> <span class='ocrx_word' id='word_1_58' title='bbox 2290 1070 2548 1144; x_wconf 80' lang='lat' dir='ltr'><strong>‘semper</strong></span> 
     </span>
     <span class='ocr_line' id='line_1_8' title="bbox 299 1163 1813 1246; baseline 0.001 -19"><span class='ocrx_word' id='word_1_59' title='bbox 299 1169 485 1229; x_wconf 87' lang='lat' dir='ltr'><strong>habet</strong></span> <span class='ocrx_word' id='word_1_60' title='bbox 530 1167 1021 1245; x_wconf 77' lang='lat' dir='ltr'><strong>significationem</strong></span> <span class='ocrx_word' id='word_1_61' title='bbox 1066 1168 1341 1246; x_wconf 78' lang='lat' dir='ltr'><strong>„sedene,</strong></span> <span class='ocrx_word' id='word_1_62' title='bbox 1384 1163 1813 1229; x_wconf 78' lang='lat' dir='ltr'><strong>sedentarius“.</strong></span> 
     </span>
    </p>

    <p class='ocr_par' dir='ltr' id='par_1_3' title="bbox 475 1262 1538 1348">
     <span class='ocr_line' id='line_1_9' title="bbox 475 1262 1538 1348; baseline 0.001 -19"><span class='ocrx_word' id='word_1_63' title='bbox 475 1288 506 1329; x_wconf 86' lang='grc' dir='ltr'><em>ε</em></span> <span class='ocrx_word' id='word_1_64' title='bbox 519 1262 544 1328; x_wconf 81' lang='grc' dir='ltr'><strong><em>ἰ</em></strong></span> <span class='ocrx_word' id='word_1_65' title='bbox 553 1287 596 1329; x_wconf 89' lang='grc' dir='ltr'><em>κ</em></span> <span class='ocrx_word' id='word_1_66' title='bbox 608 1287 646 1330; x_wconf 95' lang='grc' dir='ltr'><em>ο</em></span> <span class='ocrx_word' id='word_1_67' title='bbox 660 1281 748 1329; x_wconf 90' lang='grc' dir='ltr'><strong>στ</strong></span> <span class='ocrx_word' id='word_1_68' title='bbox 759 1287 801 1328; x_wconf 92' lang='grc' dir='ltr'><em>α</em></span> <span class='ocrx_word' id='word_1_69' title='bbox 811 1275 885 1329; x_wconf 93' lang='grc' dir='ltr'><em>ῖο</em></span> <span class='ocrx_word' id='word_1_70' title='bbox 897 1288 931 1340; x_wconf 93' lang='grc' dir='ltr'><em>ς</em></span> <span class='ocrx_word' id='word_1_71' title='bbox 974 1270 1263 1348; x_wconf 88' lang='lat' dir='ltr'><strong>Hippocr.</strong></span> <span class='ocrx_word' id='word_1_72' title='bbox 1307 1270 1538 1348; x_wconf 86' lang='lat' dir='ltr'><strong>Thphr.</strong></span> 
     </span>
    </p>

    <p class='ocr_par' dir='ltr' id='par_1_4' title="bbox 473 1365 1301 1451">
     <span class='ocr_line' id='line_1_10' title="bbox 473 1365 1301 1451; baseline 0.004 -21"><span class='ocrx_word' id='word_1_73' title='bbox 473 1365 882 1451; x_wconf 80' lang='grc' dir='ltr'><em>εἰρηναῖος</em></span> <span class='ocrx_word' id='word_1_74' title='bbox 926 1372 1068 1433; x_wconf 79' lang='lat' dir='ltr'><strong>Hdt.</strong></span> <span class='ocrx_word' id='word_1_75' title='bbox 1111 1372 1301 1433; x_wconf 86' lang='lat' dir='ltr'><strong>Thuc.</strong></span> 
     </span>
    </p>

    <p class='ocr_par' dir='ltr' id='par_1_5' title="bbox 474 1464 1197 1545">
     <span class='ocr_line' id='line_1_11' title="bbox 474 1464 1197 1545; baseline 0.001 -12"><span class='ocrx_word' id='word_1_76' title='bbox 474 1464 798 1545; x_wconf 76' lang='grc' dir='ltr'><em>ἑκταῖος</em></span> <span class='ocrx_word' id='word_1_77' title='bbox 841 1474 1020 1534; x_wconf 84' lang='lat' dir='ltr'><strong>Diod.</strong></span> <span class='ocrx_word' id='word_1_78' title='bbox 1065 1474 1197 1536; x_wconf 83' lang='lat' dir='ltr'><strong>Gal.</strong></span> 
     </span>
    </p>

    <p class='ocr_par' dir='ltr' id='par_1_6' title="bbox 471 1559 1090 1647">
     <span class='ocr_line' id='line_1_12' title="bbox 471 1559 1090 1647; baseline 0.003 -12"><span class='ocrx_word' id='word_1_79' title='bbox 471 1568 845 1647; x_wconf 80' lang='grc' dir='ltr'><em>ἐναταῖος</em></span> <span class='ocrx_word' id='word_1_80' title='bbox 887 1559 1090 1638; x_wconf 69' lang='grc' dir='ltr'><strong>ΤὴιιοῙ</strong></span> 
     </span>
    </p>

    <p class='ocr_par' dir='ltr' id='par_1_7' title="bbox 471 1669 1323 1760">
     <span class='ocr_line' id='line_1_13' title="bbox 471 1669 1323 1760; baseline 0.002 -22"><span class='ocrx_word' id='word_1_81' title='bbox 471 1669 995 1760; x_wconf 74' lang='grc' dir='ltr'><em>ἑξηκοσταῖος</em></span> <span class='ocrx_word' id='word_1_82' title='bbox 1037 1680 1323 1757; x_wconf 88' lang='lat' dir='ltr'><strong>Hippocr.</strong></span> 
     </span>
    </p>

    <p class='ocr_par' dir='ltr' id='par_1_8' title="bbox 471 1771 1121 1861">
     <span class='ocr_line' id='line_1_14' title="bbox 471 1771 1121 1861; baseline 0.005 -21"><span class='ocrx_word' id='word_1_83' title='bbox 471 1771 840 1861; x_wconf 75' lang='grc' dir='ltr'><em>ἓορταῖος</em></span> <span class='ocrx_word' id='word_1_84' title='bbox 883 1783 999 1844; x_wconf 82' lang='grc' dir='ltr'><strong>ΒΗ</strong></span> <span class='ocrx_word' id='word_1_85' title='bbox 1043 1783 1121 1843; x_wconf 85' lang='lat' dir='ltr'><strong>al.</strong></span> 
     </span>
    </p>

    <p class='ocr_par' dir='ltr' id='par_1_9' title="bbox 470 1874 1404 1964">
     <span class='ocr_line' id='line_1_15' title="bbox 470 1874 1404 1964; baseline 0.003 -21"><span class='ocrx_word' id='word_1_86' title='bbox 470 1874 788 1964; x_wconf 75' lang='grc' dir='ltr'><em>ἑρσαῖος</em></span> <span class='ocrx_word' id='word_1_87' title='bbox 815 1885 1102 1946; x_wconf 63' lang='lat' dir='ltr'><strong>roscidus</strong></span> <span class='ocrx_word' id='word_1_88' title='bbox 1143 1884 1404 1963; x_wconf 68' lang='lat' dir='ltr'><strong>Hesych.</strong></span> 
     </span>
    </p>

    <p class='ocr_par' dir='ltr' id='par_1_10' title="bbox 405 1970 2545 2065">
     <span class='ocr_line' id='line_1_16' title="bbox 405 1970 2545 2065; baseline 0 -19"><span class='ocrx_word' id='word_1_89' title='bbox 405 1970 418 1978; x_wconf 37' lang='lat'>⁸</span> <span class='ocrx_word' id='word_1_90' title='bbox 472 1970 797 2058; x_wconf 74' lang='grc' dir='ltr'><em>εὐναῖος</em></span> <span class='ocrx_word' id='word_1_91' title='bbox 852 1989 956 2065; x_wconf 87' lang='lat' dir='ltr'><strong>qui</strong></span> <span class='ocrx_word' id='word_1_92' title='bbox 998 1988 1059 2046; x_wconf 90' lang='lat' dir='ltr'><strong>in</strong></span> <span class='ocrx_word' id='word_1_93' title='bbox 1107 1986 1261 2047; x_wconf 82' lang='lat' dir='ltr'><strong>lecto</strong></span> <span class='ocrx_word' id='word_1_94' title='bbox 1307 1991 1414 2048; x_wconf 77' lang='lat' dir='ltr'><strong>est.</strong></span> <span class='ocrx_word' id='word_1_95' title='bbox 1499 1986 1672 2047; x_wconf 87' lang='lat' dir='ltr'><strong>Pind.</strong></span> <span class='ocrx_word' id='word_1_96' title='bbox 1715 1987 1837 2049; x_wconf 80' lang='lat' dir='ltr'><strong>Att.</strong></span> <span class='ocrx_word' id='word_1_97' title='bbox 1879 2018 1966 2029; x_wconf 89' lang='lat'><strong>—</strong></span> <span class='ocrx_word' id='word_1_98' title='bbox 2008 1977 2102 2047; x_wconf 79' lang='grc' dir='ltr'><strong>τὰ</strong></span> <span class='ocrx_word' id='word_1_99' title='bbox 2146 1972 2419 2047; x_wconf 76' lang='grc' dir='ltr'><em>εὗναῑα</em></span> <span class='ocrx_word' id='word_1_100' title='bbox 2460 2014 2545 2035; x_wconf 89' lang='lat'><strong><em>=</em></strong></span> 
     </span>
    </p>

    <p class='ocr_par' dir='ltr' id='par_1_11' title="bbox 293 2074 2545 2987">
     <span class='ocr_line' id='line_1_17' title="bbox 296 2074 2545 2169; baseline 0 -20"><span class='ocrx_word' id='word_1_101' title='bbox 296 2074 463 2169; x_wconf 71' lang='grc' dir='ltr'><em>εόνή</em></span> <span class='ocrx_word' id='word_1_102' title='bbox 524 2088 712 2167; x_wconf 89' lang='lat' dir='ltr'><strong>Orpb.</strong></span> <span class='ocrx_word' id='word_1_103' title='bbox 765 2089 924 2150; x_wconf 87' lang='lat' dir='ltr'><strong>Litb.</strong></span> <span class='ocrx_word' id='word_1_104' title='bbox 969 2085 1112 2148; x_wconf 80' lang='lat'><strong>221.</strong></span> <span class='ocrx_word' id='word_1_105' title='bbox 1153 2119 1242 2130; x_wconf 93' lang='lat'><strong>—-</strong></span> <span class='ocrx_word' id='word_1_106' title='bbox 1284 2089 1590 2166; x_wconf 80' lang='lat' dir='ltr'><strong>epitheton</strong></span> <span class='ocrx_word' id='word_1_107' title='bbox 1651 2090 2195 2167; x_wconf 75' lang='lat' dir='ltr'><strong>gubernaculorum</strong></span> <span class='ocrx_word' id='word_1_108' title='bbox 2253 2075 2545 2149; x_wconf 77' lang='grc' dir='ltr'><em>εὐναίων</em></span> 
     </span>
     <span class='ocr_line' id='line_1_18' title="bbox 296 2175 2542 2273; baseline 0 -21"><span class='ocrx_word' id='word_1_109' title='bbox 296 2186 659 2273; x_wconf 72' lang='grc' dir='ltr'><strong>πηδαλίων</strong></span> <span class='ocrx_word' id='word_1_110' title='bbox 701 2192 844 2252; x_wconf 86' lang='lat' dir='ltr'><strong>Eur.</strong></span> <span class='ocrx_word' id='word_1_111' title='bbox 889 2192 1019 2269; x_wconf 87' lang='lat' dir='ltr'><strong>Iph.</strong></span> <span class='ocrx_word' id='word_1_112' title='bbox 1062 2193 1132 2253; x_wconf 87' lang='grc' dir='ltr'><strong>Τ.</strong></span> <span class='ocrx_word' id='word_1_113' title='bbox 1177 2188 1318 2251; x_wconf 81' lang='grc'><strong>432.</strong></span> <span class='ocrx_word' id='word_1_114' title='bbox 1362 2222 1447 2231; x_wconf 91' lang='lat'>—</span> <span class='ocrx_word' id='word_1_115' title='bbox 1490 2175 1790 2271; x_wconf 78' lang='grc' dir='ltr'><em>Εὗναὶη</em></span> <span class='ocrx_word' id='word_1_116' title='bbox 1837 2194 2028 2270; x_wconf 78' lang='lat' dir='ltr'><strong>quiea,</strong></span> <span class='ocrx_word' id='word_1_117' title='bbox 2070 2192 2321 2255; x_wconf 80' lang='lat' dir='ltr'><strong>daemon</strong></span> <span class='ocrx_word' id='word_1_118' title='bbox 2367 2211 2542 2269; x_wconf 87' lang='lat' dir='ltr'><strong>quem</strong></span> 
     </span>
     <span class='ocr_line' id='line_1_19' title="bbox 300 2278 2543 2375; baseline -0.001 -20"><span class='ocrx_word' id='word_1_119' title='bbox 300 2296 476 2374; x_wconf 87' lang='lat' dir='ltr'><strong>ponit</strong></span> <span class='ocrx_word' id='word_1_120' title='bbox 521 2294 916 2372; x_wconf 79' lang='lat' dir='ltr'><strong>Empedocles</strong></span> <span class='ocrx_word' id='word_1_121' title='bbox 967 2312 1025 2353; x_wconf 82' lang='lat' dir='ltr'><strong>v.</strong></span> <span class='ocrx_word' id='word_1_122' title='bbox 1055 2288 1169 2355; x_wconf 82' lang='lat'><strong>28:</strong></span> <span class='ocrx_word' id='word_1_123' title='bbox 1227 2278 1483 2374; x_wconf 76' lang='grc' dir='ltr'><em>Εὖναὶη</em></span> <span class='ocrx_word' id='word_1_124' title='bbox 1528 2288 1643 2353; x_wconf 90' lang='grc' dir='ltr'><em>καὶ</em></span> <span class='ocrx_word' id='word_1_125' title='bbox 1676 2280 1978 2373; x_wconf 81' lang='grc' dir='ltr'><strong>Ἐγερσις.</strong></span> <span class='ocrx_word' id='word_1_126' title='bbox 2020 2324 2106 2335; x_wconf 88' lang='lat'><em>-</em></span> <span class='ocrx_word' id='word_1_127' title='bbox 2151 2279 2417 2375; x_wconf 73' lang='grc' dir='ltr'><strong>εὗναὶη</strong></span> <span class='ocrx_word' id='word_1_128' title='bbox 2460 2320 2543 2342; x_wconf 86' lang='lat'><strong><em>=</em></strong></span> 
     </span>
     <span class='ocr_line' id='line_1_20' title="bbox 297 2383 2544 2478; baseline 0.001 -20"><span class='ocrx_word' id='word_1_129' title='bbox 297 2383 459 2478; x_wconf 75' lang='grc' dir='ltr'><em>εὐνή</em></span> <span class='ocrx_word' id='word_1_130' title='bbox 520 2416 748 2461; x_wconf 87' lang='lat' dir='ltr'><strong>ancora</strong></span> <span class='ocrx_word' id='word_1_131' title='bbox 803 2398 917 2475; x_wconf 82' lang='lat' dir='ltr'><strong>Ap.</strong></span> <span class='ocrx_word' id='word_1_132' title='bbox 960 2396 1070 2459; x_wconf 89' lang='lat' dir='ltr'><strong>Rh.</strong></span> <span class='ocrx_word' id='word_1_133' title='bbox 1119 2395 1178 2474; x_wconf 90' lang='lat' dir='ltr'><strong>l,</strong></span> <span class='ocrx_word' id='word_1_134' title='bbox 1225 2392 1366 2458; x_wconf 85' lang='grc'><strong>955.</strong></span> <span class='ocrx_word' id='word_1_135' title='bbox 1415 2393 1596 2458; x_wconf 88' lang='grc'><strong>1277.</strong></span> <span class='ocrx_word' id='word_1_136' title='bbox 1654 2392 1722 2477; x_wconf 83' lang='grc'><strong>2,</strong></span> <span class='ocrx_word' id='word_1_137' title='bbox 1771 2393 1949 2459; x_wconf 84' lang='grc'><strong>1282.</strong></span> <span class='ocrx_word' id='word_1_138' title='bbox 2007 2399 2176 2460; x_wconf 89' lang='lat' dir='ltr'><strong>Paul.</strong></span> <span class='ocrx_word' id='word_1_139' title='bbox 2220 2398 2320 2461; x_wconf 85' lang='lat' dir='ltr'><strong>Sil.</strong></span> <span class='ocrx_word' id='word_1_140' title='bbox 2364 2399 2544 2460; x_wconf 84' lang='lat' dir='ltr'><strong>Anth.</strong></span> 
     </span>
     <span class='ocr_line' id='line_1_21' title="bbox 296 2495 2542 2580; baseline -0.001 -18"><span class='ocrx_word' id='word_1_141' title='bbox 296 2503 387 2562; x_wconf 89' lang='lat' dir='ltr'><strong>Pl.</strong></span> <span class='ocrx_word' id='word_1_142' title='bbox 418 2499 478 2579; x_wconf 87' lang='lat'><strong>4,</strong></span> <span class='ocrx_word' id='word_1_143' title='bbox 526 2496 665 2580; x_wconf 83' lang='lat'><strong>118,</strong></span> <span class='ocrx_word' id='word_1_144' title='bbox 710 2499 766 2560; x_wconf 82' lang='lat'><strong>4.</strong></span> <span class='ocrx_word' id='word_1_145' title='bbox 809 2495 1300 2580; x_wconf 66' lang='lat' dir='ltr'><strong>Hesych&#39;Apoll.</strong></span> <span class='ocrx_word' id='word_1_146' title='bbox 1328 2499 1442 2561; x_wconf 84' lang='lat' dir='ltr'><strong>lex.</strong></span> <span class='ocrx_word' id='word_1_147' title='bbox 1470 2500 1646 2561; x_wconf 88' lang='lat' dir='ltr'><strong>Hom.</strong></span> <span class='ocrx_word' id='word_1_148' title='bbox 1675 2501 1870 2578; x_wconf 83' lang='lat' dir='ltr'><strong>Apoll.</strong></span> <span class='ocrx_word' id='word_1_149' title='bbox 1900 2500 1975 2561; x_wconf 88' lang='lat' dir='ltr'><strong>de</strong></span> <span class='ocrx_word' id='word_1_150' title='bbox 2007 2500 2143 2561; x_wconf 83' lang='lat' dir='ltr'><strong>adv.</strong></span> <span class='ocrx_word' id='word_1_151' title='bbox 2172 2519 2230 2577; x_wconf 90' lang='lat' dir='ltr'><strong>p.</strong></span> <span class='ocrx_word' id='word_1_152' title='bbox 2257 2497 2405 2578; x_wconf 83' lang='lat'><strong>598,</strong></span> <span class='ocrx_word' id='word_1_153' title='bbox 2439 2498 2542 2579; x_wconf 76' lang='lat'><strong>163</strong></span> 
     </span>
     <span class='ocr_line' id='line_1_22' title="bbox 295 2599 2544 2681; baseline -0 -17"><span class='ocrx_word' id='word_1_154' title='bbox 295 2605 466 2664; x_wconf 81' lang='lat' dir='ltr'><strong>Euat.</strong></span> <span class='ocrx_word' id='word_1_155' title='bbox 511 2603 580 2664; x_wconf 91' lang='lat' dir='ltr'><strong>ll.</strong></span> <span class='ocrx_word' id='word_1_156' title='bbox 608 2620 668 2680; x_wconf 88' lang='lat' dir='ltr'><strong>p.</strong></span> <span class='ocrx_word' id='word_1_157' title='bbox 698 2599 843 2681; x_wconf 82' lang='lat'><strong>474,</strong></span> <span class='ocrx_word' id='word_1_158' title='bbox 887 2600 968 2660; x_wconf 84' lang='lat'><strong>45</strong></span> <span class='ocrx_word' id='word_1_159' title='bbox 998 2599 1332 2681; x_wconf 78' lang='grc' dir='ltr'><em>τραγικῶς</em></span> <span class='ocrx_word' id='word_1_160' title='bbox 1375 2602 1462 2662; x_wconf 92' lang='lat' dir='ltr'><strong>ita</strong></span> <span class='ocrx_word' id='word_1_161' title='bbox 1507 2601 1625 2662; x_wconf 85' lang='lat' dir='ltr'><strong>dici</strong></span> <span class='ocrx_word' id='word_1_162' title='bbox 1669 2602 1944 2663; x_wconf 84' lang='lat' dir='ltr'><strong>affirmat.</strong></span> <span class='ocrx_word' id='word_1_163' title='bbox 2018 2604 2199 2681; x_wconf 83' lang='lat' dir='ltr'><strong>Apud</strong></span> <span class='ocrx_word' id='word_1_164' title='bbox 2243 2603 2373 2664; x_wconf 89' lang='lat' dir='ltr'><strong>Ael.</strong></span> <span class='ocrx_word' id='word_1_165' title='bbox 2404 2605 2460 2663; x_wconf 90' lang='lat' dir='ltr'><strong>h.</strong></span> <span class='ocrx_word' id='word_1_166' title='bbox 2491 2623 2544 2664; x_wconf 81' lang='lat' dir='ltr'><strong>a.</strong></span> 
     </span>
     <span class='ocr_line' id='line_1_23' title="bbox 295 2690 2544 2785; baseline -0 -19"><span class='ocrx_word' id='word_1_167' title='bbox 295 2707 430 2784; x_wconf 83' lang='lat' dir='ltr'>XII,</span> <span class='ocrx_word' id='word_1_168' title='bbox 460 2701 564 2784; x_wconf 82' lang='lat'><strong>43,</strong></span> <span class='ocrx_word' id='word_1_169' title='bbox 591 2701 692 2763; x_wconf 83' lang='lat'><strong>20.</strong></span> <span class='ocrx_word' id='word_1_170' title='bbox 720 2704 851 2766; x_wconf 89' lang='lat' dir='ltr'><strong>ead.</strong></span> <span class='ocrx_word' id='word_1_171' title='bbox 879 2705 1077 2783; x_wconf 80' lang='lat' dir='ltr'><strong>signif.</strong></span> <span class='ocrx_word' id='word_1_172' title='bbox 1105 2704 1365 2766; x_wconf 82' lang='lat' dir='ltr'><strong>traditus</strong></span> <span class='ocrx_word' id='word_1_173' title='bbox 1409 2709 1500 2766; x_wconf 76' lang='lat' dir='ltr'><strong>eet</strong></span> <span class='ocrx_word' id='word_1_174' title='bbox 1543 2705 1846 2783; x_wconf 74' lang='lat' dir='ltr'><strong>genitivus</strong></span> <span class='ocrx_word' id='word_1_175' title='bbox 1890 2690 2200 2765; x_wconf 71' lang='grc' dir='ltr'><em>εὐναίων.</em></span> <span class='ocrx_word' id='word_1_176' title='bbox 2270 2707 2367 2785; x_wconf 74' lang='lat' dir='ltr'><strong>„Si</strong></span> <span class='ocrx_word' id='word_1_177' title='bbox 2396 2724 2544 2767; x_wconf 86' lang='lat' dir='ltr'><strong>vera</strong></span> 
     </span>
     <span class='ocr_line' id='line_1_24' title="bbox 293 2792 2543 2886; baseline 0 -18"><span class='ocrx_word' id='word_1_178' title='bbox 293 2814 389 2868; x_wconf 75' lang='lat' dir='ltr'><strong>eat</strong></span> <span class='ocrx_word' id='word_1_179' title='bbox 449 2796 769 2886; x_wconf 85' lang='grc' dir='ltr'><em>τόνωσις,</em></span> <span class='ocrx_word' id='word_1_180' title='bbox 828 2826 942 2868; x_wconf 88' lang='lat' dir='ltr'><strong>nec</strong></span> <span class='ocrx_word' id='word_1_181' title='bbox 988 2792 1281 2866; x_wconf 74' lang='grc' dir='ltr'><em>εύναιῶν</em></span> <span class='ocrx_word' id='word_1_182' title='bbox 1332 2805 1471 2885; x_wconf 84' lang='lat' dir='ltr'><strong>fuit,</strong></span> <span class='ocrx_word' id='word_1_183' title='bbox 1529 2797 1614 2866; x_wconf 81' lang='grc' dir='ltr'><strong>τὰ</strong></span> <span class='ocrx_word' id='word_1_184' title='bbox 1658 2792 1893 2866; x_wconf 77' lang='grc' dir='ltr'><em>εὖναῖα</em></span> <span class='ocrx_word' id='word_1_185' title='bbox 1946 2807 2104 2868; x_wconf 90' lang='lat' dir='ltr'><strong>idem</strong></span> <span class='ocrx_word' id='word_1_186' title='bbox 2157 2825 2287 2868; x_wconf 76' lang='lat' dir='ltr'><strong>esee</strong></span> <span class='ocrx_word' id='word_1_187' title='bbox 2339 2809 2543 2886; x_wconf 87' lang='lat' dir='ltr'><strong>debet,</strong></span> 
     </span>
     <span class='ocr_line' id='line_1_25' title="bbox 297 2893 2357 2987; baseline -0 -16"><span class='ocrx_word' id='word_1_188' title='bbox 297 2909 467 2987; x_wconf 90' lang='lat' dir='ltr'><strong>quod</strong></span> <span class='ocrx_word' id='word_1_189' title='bbox 513 2894 780 2969; x_wconf 75' lang='grc' dir='ltr'><em>εὖναῖαι</em></span> <span class='ocrx_word' id='word_1_190' title='bbox 822 2911 950 2971; x_wconf 78' lang='lat' dir='ltr'><strong>eive</strong></span> <span class='ocrx_word' id='word_1_191' title='bbox 995 2893 1185 2969; x_wconf 66' lang='grc' dir='ltr'><em>εὐναί</em></span> <span class='ocrx_word' id='word_1_192' title='bbox 1227 2911 1264 2969; x_wconf 88' lang='lat' dir='ltr'><strong>i.</strong></span> <span class='ocrx_word' id='word_1_193' title='bbox 1294 2927 1344 2969; x_wconf 87' lang='lat' dir='ltr'><strong>e.</strong></span> <span class='ocrx_word' id='word_1_194' title='bbox 1391 2899 1640 2987; x_wconf 67' lang='grc' dir='ltr'><em>ἕρματα</em></span> <span class='ocrx_word' id='word_1_195' title='bbox 1681 2906 1826 2967; x_wconf 80' lang='grc' dir='ltr'><em>τῶν</em></span> <span class='ocrx_word' id='word_1_196' title='bbox 1869 2903 2082 2969; x_wconf 52' lang='grc' dir='ltr'><strong>νεῶν(ι</strong></span> <span class='ocrx_word' id='word_1_197' title='bbox 2124 2911 2357 2970; x_wconf 77' lang='lat' dir='ltr'><strong>Jacobs.</strong></span> 
     </span>
    </p>

    <p class='ocr_par' dir='ltr' id='par_1_12' title="bbox 288 3001 2546 3299">
     <span class='ocr_line' id='line_1_26' title="bbox 466 3001 2532 3086; baseline -0.001 -15"><span class='ocrx_word' id='word_1_198' title='bbox 466 3001 885 3083; x_wconf 79' lang='grc' dir='ltr'><em>ἑνεύναιος</em></span> <span class='ocrx_word' id='word_1_199' title='bbox 917 3012 1118 3073; x_wconf 82' lang='lat' dir='ltr'><strong>&#39;Hom.</strong></span> <span class='ocrx_word' id='word_1_200' title='bbox 1163 3028 1204 3070; x_wconf 89' lang='grc' dir='ltr'><em>ν</em></span> <span class='ocrx_word' id='word_1_201' title='bbox 1234 3010 1335 3071; x_wconf 87' lang='grc'><strong>51.</strong></span> <span class='ocrx_word' id='word_1_202' title='bbox 1377 3028 1430 3070; x_wconf 80' lang='grc' dir='ltr'><strong><em>π</em></strong></span> <span class='ocrx_word' id='word_1_203' title='bbox 1461 3007 1561 3072; x_wconf 83' lang='grc'><strong>35.</strong></span> <span class='ocrx_word' id='word_1_204' title='bbox 1649 3010 1824 3086; x_wconf 84' lang='lat' dir='ltr'><strong>Quod</strong></span> <span class='ocrx_word' id='word_1_205' title='bbox 1879 3012 1955 3072; x_wconf 90' lang='lat' dir='ltr'><strong>ab</strong></span> <span class='ocrx_word' id='word_1_206' title='bbox 2015 3012 2187 3072; x_wconf 87' lang='lat' dir='ltr'><strong>Hom.</strong></span> <span class='ocrx_word' id='word_1_207' title='bbox 2232 3010 2343 3072; x_wconf 90' lang='lat' dir='ltr'><strong>Od.</strong></span> <span class='ocrx_word' id='word_1_208' title='bbox 2387 3029 2428 3070; x_wconf 91' lang='grc' dir='ltr'><em>ν</em></span> <span class='ocrx_word' id='word_1_209' title='bbox 2462 3012 2532 3070; x_wconf 87' lang='grc'><strong>51</strong></span> 
     </span>
     <span class='ocr_line' id='line_1_27' title="bbox 292 3103 2546 3194; baseline 0 -21"><span class='ocrx_word' id='word_1_210' title='bbox 292 3108 506 3194; x_wconf 79' lang='grc' dir='ltr'><em>δέρμα</em></span> <span class='ocrx_word' id='word_1_211' title='bbox 565 3103 939 3194; x_wconf 76' lang='grc' dir='ltr'><em>ἐνεύναιον,</em></span> <span class='ocrx_word' id='word_1_212' title='bbox 1008 3114 1071 3175; x_wconf 90' lang='lat' dir='ltr'><strong>id</strong></span> <span class='ocrx_word' id='word_1_213' title='bbox 1128 3114 1202 3175; x_wconf 88' lang='lat' dir='ltr'><strong>ab</strong></span> <span class='ocrx_word' id='word_1_214' title='bbox 1261 3114 1485 3175; x_wconf 88' lang='lat' dir='ltr'><strong>Herod.</strong></span> <span class='ocrx_word' id='word_1_215' title='bbox 1518 3118 1607 3174; x_wconf 58' lang='lat' dir='ltr'><strong>‹et</strong></span> <span class='ocrx_word' id='word_1_216' title='bbox 1670 3114 1819 3174; x_wconf 90' lang='lat' dir='ltr'><strong>Poll.</strong></span> <span class='ocrx_word' id='word_1_217' title='bbox 1881 3113 2233 3191; x_wconf 77' lang='lat' dir='ltr'><strong>simpliciter</strong></span> <span class='ocrx_word' id='word_1_218' title='bbox 2290 3119 2546 3175; x_wconf 77' lang='lat' dir='ltr'><strong>vocatur</strong></span> 
     </span>
     <span class='ocr_line' id='line_1_28' title="bbox 288 3200 2294 3299; baseline -0 -22"><span class='ocrx_word' id='word_1_219' title='bbox 288 3205 744 3278; x_wconf 79' lang='grc' dir='ltr'><em>ἐνεύναιον.</em></span> <span class='ocrx_word' id='word_1_220' title='bbox 789 3248 876 3260; x_wconf 84' lang='lat'><strong>--</strong></span> <span class='ocrx_word' id='word_1_221' title='bbox 918 3204 1340 3295; x_wconf 81' lang='grc' dir='ltr'><em>ὁμεύναιος</em></span> <span class='ocrx_word' id='word_1_222' title='bbox 1381 3241 1466 3263; x_wconf 83' lang='lat'><strong>==</strong></span> <span class='ocrx_word' id='word_1_223' title='bbox 1512 3200 1801 3294; x_wconf 79' lang='grc' dir='ltr'><em>ὅμευνος</em></span> <span class='ocrx_word' id='word_1_224' title='bbox 1844 3214 1999 3293; x_wconf 88' lang='lat' dir='ltr'><strong>Opp.</strong></span> <span class='ocrx_word' id='word_1_225' title='bbox 2290 3295 2294 3299; x_wconf 19' lang='grc' dir='ltr'>ι</span> 
     </span>
    </p>

    <p class='ocr_par' dir='ltr' id='par_1_13' title="bbox 289 3313 2546 4422">
     <span class='ocr_line' id='line_1_29' title="bbox 466 3313 2543 3398; baseline 0 -19"><span class='ocrx_word' id='word_1_226' title='bbox 466 3313 869 3397; x_wconf 76' lang='grc' dir='ltr'><em>ἐχιδναῖος</em></span> <span class='ocrx_word' id='word_1_227' title='bbox 913 3320 1056 3382; x_wconf 82' lang='lat' dir='ltr'><strong>Call.</strong></span> <span class='ocrx_word' id='word_1_228' title='bbox 1098 3319 1281 3380; x_wconf 84' lang='lat' dir='ltr'><strong>Anth.</strong></span> <span class='ocrx_word' id='word_1_229' title='bbox 1323 3320 1525 3380; x_wconf 83' lang='lat' dir='ltr'><strong>Noun.</strong></span> <span class='ocrx_word' id='word_1_230' title='bbox 1612 3320 1731 3379; x_wconf 87' lang='lat' dir='ltr'><strong>Pro</strong></span> <span class='ocrx_word' id='word_1_231' title='bbox 1790 3319 1904 3379; x_wconf 86' lang='lat' dir='ltr'><strong>bac</strong></span> <span class='ocrx_word' id='word_1_232' title='bbox 1962 3318 2155 3379; x_wconf 85' lang='lat' dir='ltr'><strong>forma</strong></span> <span class='ocrx_word' id='word_1_233' title='bbox 2210 3319 2395 3379; x_wconf 79' lang='lat' dir='ltr'><strong>semel</strong></span> <span class='ocrx_word' id='word_1_234' title='bbox 2448 3337 2543 3398; x_wconf 84' lang='lat' dir='ltr'><strong>ap.</strong></span> 
     </span>
     <span class='ocr_line' id='line_1_30' title="bbox 291 3405 2542 3500; baseline -0.002 -15"><span class='ocrx_word' id='word_1_235' title='bbox 291 3421 677 3485; x_wconf 70' lang='lat' dir='ltr'><strong>Nicandrum</strong></span> <span class='ocrx_word' id='word_1_236' title='bbox 721 3421 1004 3484; x_wconf 80' lang='lat' dir='ltr'><strong>traditum</strong></span> <span class='ocrx_word' id='word_1_237' title='bbox 1048 3427 1142 3484; x_wconf 82' lang='lat' dir='ltr'><strong>est</strong></span> <span class='ocrx_word' id='word_1_238' title='bbox 1185 3415 1559 3500; x_wconf 77' lang='grc' dir='ltr'><em>ἐχιναῖος,</em></span> <span class='ocrx_word' id='word_1_239' title='bbox 1601 3421 1755 3481; x_wconf 81' lang='lat' dir='ltr'><strong>ther.</strong></span> <span class='ocrx_word' id='word_1_240' title='bbox 1783 3417 1908 3479; x_wconf 83' lang='lat'><strong>230</strong></span> <span class='ocrx_word' id='word_1_241' title='bbox 1953 3411 2271 3480; x_wconf 79' lang='grc' dir='ltr'><em>κωκυτὸν</em></span> <span class='ocrx_word' id='word_1_242' title='bbox 2314 3405 2375 3481; x_wconf 73' lang='lat'><strong>&lt;5³</strong></span> <span class='ocrx_word' id='word_1_243' title='bbox 2417 3414 2542 3500; x_wconf 78' lang='grc' dir='ltr'><em>ἐχι-</em></span> 
     </span>
     <span class='ocr_line' id='line_1_31' title="bbox 291 3510 2542 3602; baseline 0 -18"><span class='ocrx_word' id='word_1_244' title='bbox 291 3531 494 3584; x_wconf 85' lang='grc' dir='ltr'><em>ναῖον</em></span> <span class='ocrx_word' id='word_1_245' title='bbox 541 3517 998 3584; x_wconf 75' lang='grc' dir='ltr'><em>ἐπικλείουσιν</em></span> <span class='ocrx_word' id='word_1_246' title='bbox 1042 3510 1280 3597; x_wconf 81' lang='grc' dir='ltr'><em>ὁδῖται,</em></span> <span class='ocrx_word' id='word_1_247' title='bbox 1338 3525 1443 3602; x_wconf 87' lang='lat' dir='ltr'><strong>qui</strong></span> <span class='ocrx_word' id='word_1_248' title='bbox 1486 3541 1703 3584; x_wconf 78' lang='lat' dir='ltr'><strong>versus</strong></span> <span class='ocrx_word' id='word_1_249' title='bbox 1748 3528 2246 3585; x_wconf 77' lang='lat' dir='ltr'><strong>commemoratur</strong></span> <span class='ocrx_word' id='word_1_250' title='bbox 2291 3524 2367 3584; x_wconf 88' lang='lat' dir='ltr'><strong>ab</strong></span> <span class='ocrx_word' id='word_1_251' title='bbox 2411 3525 2542 3585; x_wconf 83' lang='grc' dir='ltr'><strong>ΕΜ.</strong></span> 
     </span>
     <span class='ocr_line' id='line_1_32' title="bbox 289 3612 2542 3707; baseline 0 -21"><span class='ocrx_word' id='word_1_252' title='bbox 289 3647 350 3704; x_wconf 83' lang='lat' dir='ltr'><strong>p.</strong></span> <span class='ocrx_word' id='word_1_253' title='bbox 373 3624 522 3704; x_wconf 86' lang='lat'>404,</span> <span class='ocrx_word' id='word_1_254' title='bbox 553 3622 634 3685; x_wconf 87' lang='grc'><strong>33</strong></span> <span class='ocrx_word' id='word_1_255' title='bbox 679 3616 867 3707; x_wconf 79' lang='grc' dir='ltr'><em>παρὰ</em></span> <span class='ocrx_word' id='word_1_256' title='bbox 907 3616 987 3685; x_wconf 90' lang='grc' dir='ltr'><strong>τὸ</strong></span> <span class='ocrx_word' id='word_1_257' title='bbox 1032 3612 1189 3705; x_wconf 78' lang='grc' dir='ltr'><em>ἄχος</em></span> <span class='ocrx_word' id='word_1_258' title='bbox 1234 3617 1386 3704; x_wconf 80' lang='grc' dir='ltr'><em>ἔχις,</em></span> <span class='ocrx_word' id='word_1_259' title='bbox 1429 3613 1470 3705; x_wconf 83' lang='grc' dir='ltr'><em>ἡ</em></span> <span class='ocrx_word' id='word_1_260' title='bbox 1515 3613 1702 3685; x_wconf 82' lang='grc' dir='ltr'><em>πάνυ</em></span> <span class='ocrx_word' id='word_1_261' title='bbox 1748 3622 2090 3685; x_wconf 78' lang='grc' dir='ltr'><em>λυποῦσα·</em></span> <span class='ocrx_word' id='word_1_262' title='bbox 2136 3619 2253 3685; x_wconf 80' lang='grc' dir='ltr'><em>καὶ</em></span> <span class='ocrx_word' id='word_1_263' title='bbox 2296 3621 2542 3686; x_wconf 74' lang='grc' dir='ltr'><em>Νίκαν-</em></span> 
     </span>
     <span class='ocr_line' id='line_1_33' title="bbox 290 3713 2542 3808; baseline 0.001 -19"><span class='ocrx_word' id='word_1_264' title='bbox 290 3724 484 3808; x_wconf 86' lang='grc' dir='ltr'><em>δρος·</em></span> <span class='ocrx_word' id='word_1_265' title='bbox 527 3717 847 3787; x_wconf 77' lang='grc' dir='ltr'><em>κωκυτὸν</em></span> <span class='ocrx_word' id='word_1_266' title='bbox 891 3713 950 3787; x_wconf 67' lang='grc' dir='ltr'><strong>δ’</strong></span> <span class='ocrx_word' id='word_1_267' title='bbox 993 3721 1290 3806; x_wconf 80' lang='grc' dir='ltr'><em>ἐχιναῖον</em></span> <span class='ocrx_word' id='word_1_268' title='bbox 1333 3725 1479 3786; x_wconf 77' lang='grc' dir='ltr'><em>κτλ.</em></span> <span class='ocrx_word' id='word_1_269' title='bbox 1568 3729 1667 3788; x_wconf 82' lang='lat' dir='ltr'><strong>Ad</strong></span> <span class='ocrx_word' id='word_1_270' title='bbox 1712 3730 1873 3790; x_wconf 87' lang='lat' dir='ltr'><strong>hunc</strong></span> <span class='ocrx_word' id='word_1_271' title='bbox 1914 3745 2158 3790; x_wconf 74' lang='lat' dir='ltr'><strong>versum</strong></span> <span class='ocrx_word' id='word_1_272' title='bbox 2202 3728 2272 3790; x_wconf 91' lang='grc' dir='ltr'><strong>Ο.</strong></span> <span class='ocrx_word' id='word_1_273' title='bbox 2302 3729 2542 3791; x_wconf 87' lang='lat' dir='ltr'><strong>Schnei-</strong></span> 
     </span>
     <span class='ocr_line' id='line_1_34' title="bbox 292 3826 2546 3910; baseline 0.001 -19"><span class='ocrx_word' id='word_1_274' title='bbox 292 3831 479 3892; x_wconf 79' lang='lat' dir='ltr'><strong>derua</strong></span> <span class='ocrx_word' id='word_1_275' title='bbox 511 3849 570 3909; x_wconf 91' lang='lat' dir='ltr'><strong>p.</strong></span> <span class='ocrx_word' id='word_1_276' title='bbox 601 3826 721 3888; x_wconf 83' lang='lat'><strong>139</strong></span> <span class='ocrx_word' id='word_1_277' title='bbox 750 3831 996 3893; x_wconf 82' lang='lat' dir='ltr'><strong>adnotat</strong></span> <span class='ocrx_word' id='word_1_278' title='bbox 1025 3832 1207 3892; x_wconf 81' lang='lat' dir='ltr'><strong>haec:</strong></span> <span class='ocrx_word' id='word_1_279' title='bbox 1253 3831 1455 3909; x_wconf 81' lang='lat' dir='ltr'><strong>„Ergo</strong></span> <span class='ocrx_word' id='word_1_280' title='bbox 1486 3833 1872 3910; x_wconf 76' lang='lat' dir='ltr'><strong>grammatici,</strong></span> <span class='ocrx_word' id='word_1_281' title='bbox 1916 3832 2134 3909; x_wconf 83' lang='lat' dir='ltr'><strong>quibus</strong></span> <span class='ocrx_word' id='word_1_282' title='bbox 2172 3833 2323 3893; x_wconf 88' lang='lat' dir='ltr'><strong>haec</strong></span> <span class='ocrx_word' id='word_1_283' title='bbox 2368 3832 2546 3893; x_wconf 86' lang='lat' dir='ltr'><strong>debet</strong></span> 
     </span>
     <span class='ocr_line' id='line_1_35' title="bbox 291 3933 2542 4013; baseline 0.001 -20"><span class='ocrx_word' id='word_1_284' title='bbox 291 3934 492 4010; x_wconf 78' lang='lat' dir='ltr'><strong>Etym.</strong></span> <span class='ocrx_word' id='word_1_285' title='bbox 539 3935 639 4012; x_wconf 66' lang='lat' dir='ltr'><strong>M„</strong></span> <span class='ocrx_word' id='word_1_286' title='bbox 682 3952 803 3994; x_wconf 87' lang='lat' dir='ltr'><strong>non</strong></span> <span class='ocrx_word' id='word_1_287' title='bbox 846 3933 1138 4012; x_wconf 81' lang='lat' dir='ltr'><strong>putabant</strong></span> <span class='ocrx_word' id='word_1_288' title='bbox 1172 3934 1444 4010; x_wconf 78' lang='lat' dir='ltr'><strong>spurium</strong></span> <span class='ocrx_word' id='word_1_289' title='bbox 1476 3933 1638 3994; x_wconf 88' lang='lat' dir='ltr'><strong>hunc</strong></span> <span class='ocrx_word' id='word_1_290' title='bbox 1668 3952 1801 3996; x_wconf 77' lang='lat' dir='ltr'><strong>ease</strong></span> <span class='ocrx_word' id='word_1_291' title='bbox 1828 3952 2089 4013; x_wconf 81' lang='lat' dir='ltr'><strong>versum,</strong></span> <span class='ocrx_word' id='word_1_292' title='bbox 2132 3935 2296 4011; x_wconf 89' lang='lat' dir='ltr'><strong>quod</strong></span> <span class='ocrx_word' id='word_1_293' title='bbox 2326 3933 2542 3995; x_wconf 78' lang='lat' dir='ltr'><strong>fecisse</strong></span> 
     </span>
     <span class='ocr_line' id='line_1_36' title="bbox 292 4035 2542 4109; baseline 0 -13"><span class='ocrx_word' id='word_1_294' title='bbox 292 4054 414 4096; x_wconf 88' lang='lat' dir='ltr'><strong>non</strong></span> <span class='ocrx_word' id='word_1_295' title='bbox 471 4036 677 4096; x_wconf 74' lang='lat' dir='ltr'><strong>nullos</strong></span> <span class='ocrx_word' id='word_1_296' title='bbox 735 4035 1056 4097; x_wconf 74' lang='lat' dir='ltr'><strong>scholiasta</strong></span> <span class='ocrx_word' id='word_1_297' title='bbox 1111 4039 1402 4098; x_wconf 81' lang='lat' dir='ltr'><strong>memorat</strong></span> <span class='ocrx_word' id='word_1_298' title='bbox 1457 4041 1518 4096; x_wconf 84' lang='lat' dir='ltr'><strong>et</strong></span> <span class='ocrx_word' id='word_1_299' title='bbox 1574 4038 1630 4096; x_wconf 84' lang='lat' dir='ltr'><strong>J.</strong></span> <span class='ocrx_word' id='word_1_300' title='bbox 1674 4036 1742 4098; x_wconf 85' lang='lat' dir='ltr'><strong>G.</strong></span> <span class='ocrx_word' id='word_1_301' title='bbox 1786 4036 2115 4098; x_wconf 82' lang='lat' dir='ltr'><strong>Schneider</strong></span> <span class='ocrx_word' id='word_1_302' title='bbox 2158 4039 2336 4098; x_wconf 88' lang='lat' dir='ltr'><strong>etiam</strong></span> <span class='ocrx_word' id='word_1_303' title='bbox 2381 4035 2542 4109; x_wconf 83' lang='lat' dir='ltr'><strong>fecit,</strong></span> 
     </span>
     <span class='ocr_line' id='line_1_37' title="bbox 298 4122 2545 4216; baseline -0.002 -17"><span class='ocrx_word' id='word_1_304' title='bbox 298 4158 477 4215; x_wconf 83' lang='lat' dir='ltr'><strong>quem</strong></span> <span class='ocrx_word' id='word_1_305' title='bbox 524 4143 772 4200; x_wconf 71' lang='lat' dir='ltr'><strong>secutus</strong></span> <span class='ocrx_word' id='word_1_306' title='bbox 816 4143 908 4199; x_wconf 75' lang='lat' dir='ltr'><strong>eat</strong></span> <span class='ocrx_word' id='word_1_307' title='bbox 949 4137 1255 4199; x_wconf 75' lang='lat' dir='ltr'><strong>Lehraius.</strong></span> <span class='ocrx_word' id='word_1_308' title='bbox 1341 4136 1424 4198; x_wconf 80' lang='lat' dir='ltr'><strong>At</strong></span> <span class='ocrx_word' id='word_1_309' title='bbox 1463 4127 1543 4196; x_wconf 87' lang='grc' dir='ltr'><strong>τὸ</strong></span> <span class='ocrx_word' id='word_1_310' title='bbox 1591 4128 1929 4215; x_wconf 78' lang='grc' dir='ltr'><em>λιχμάζειν</em></span> <span class='ocrx_word' id='word_1_311' title='bbox 1985 4132 2100 4197; x_wconf 88' lang='grc' dir='ltr'><em>καὶ</em></span> <span class='ocrx_word' id='word_1_312' title='bbox 2153 4127 2279 4216; x_wconf 83' lang='grc' dir='ltr'><em>τὴν</em></span> <span class='ocrx_word' id='word_1_313' title='bbox 2331 4122 2545 4216; x_wconf 75' lang='grc' dir='ltr'><em>οὐρὰν</em></span> 
     </span>
     <span class='ocr_line' id='line_1_38' title="bbox 294 4229 2543 4302; baseline -0.003 -1"><span class='ocrx_word' id='word_1_314' title='bbox 294 4231 830 4301; x_wconf 76' lang='grc' dir='ltr'><em>σκωλύπτεσθαι</em></span> <span class='ocrx_word' id='word_1_315' title='bbox 897 4241 1161 4301; x_wconf 75' lang='lat' dir='ltr'><strong>viatores</strong></span> <span class='ocrx_word' id='word_1_316' title='bbox 1223 4258 1440 4301; x_wconf 82' lang='lat' dir='ltr'><strong>vocare</strong></span> <span class='ocrx_word' id='word_1_317' title='bbox 1517 4241 1726 4302; x_wconf 80' lang='lat' dir='ltr'><strong>solitos</strong></span> <span class='ocrx_word' id='word_1_318' title='bbox 1788 4241 1972 4302; x_wconf 78' lang='lat' dir='ltr'><strong>fnisse</strong></span> <span class='ocrx_word' id='word_1_319' title='bbox 2034 4229 2352 4299; x_wconf 81' lang='grc' dir='ltr'><em>κωκυτὸν</em></span> <span class='ocrx_word' id='word_1_320' title='bbox 2417 4234 2543 4296; x_wconf 85' lang='grc' dir='ltr'><strong>τοῦ</strong></span> 
     </span>
     <span class='ocr_line' id='line_1_39' title="bbox 303 4334 2545 4422; baseline -0.002 -20"><span class='ocrx_word' id='word_1_321' title='bbox 303 4334 542 4422; x_wconf 79' lang='grc' dir='ltr'><em>ἔχεως,</em></span> <span class='ocrx_word' id='word_1_322' title='bbox 605 4363 718 4420; x_wconf 84' lang='lat' dir='ltr'><strong>per</strong></span> <span class='ocrx_word' id='word_1_323' title='bbox 773 4361 840 4404; x_wconf 78' lang='lat' dir='ltr'><strong>ae</strong></span> <span class='ocrx_word' id='word_1_324' title='bbox 896 4342 1220 4404; x_wconf 76' lang='lat' dir='ltr'><strong>absurdum</strong></span> <span class='ocrx_word' id='word_1_325' title='bbox 1280 4362 1400 4404; x_wconf 89' lang='lat' dir='ltr'><strong>non</strong></span> <span class='ocrx_word' id='word_1_326' title='bbox 1451 4349 1587 4403; x_wconf 56' lang='lat' dir='ltr'><strong>est-</strong></span> <span class='ocrx_word' id='word_1_327' title='bbox 1660 4344 1871 4420; x_wconf 82' lang='lat' dir='ltr'><strong>Itaque</strong></span> <span class='ocrx_word' id='word_1_328' title='bbox 1927 4345 1989 4403; x_wconf 88' lang='lat' dir='ltr'><strong>in</strong></span> <span class='ocrx_word' id='word_1_329' title='bbox 2045 4340 2204 4401; x_wconf 79' lang='lat' dir='ltr'><strong>istud</strong></span> <span class='ocrx_word' id='word_1_330' title='bbox 2252 4338 2545 4416; x_wconf 88' lang='lat' dir='ltr'><strong>judicium</strong></span> 
     </span>
    </p>
   </div>
  </div>
 </body>
</html>
