3166 4871
659 255 780 316 104
1680 248 1939 304 zacher

646 427 1189 510 stractanducta
1232 431 1424 504 sunt,
1483 444 1709 502 eaque
1760 426 1975 505 plane
2029 424 2275 486 eadem
2322 443 2459 501 qua
2502 427 2896 501 prototypa

646 532 925 613 utentia
979 529 1558 608 significatione:
1623 519 1800 608 μάτη
1844 521 2075 606 pavia,
2133 515 2357 606 σπάνη
2404 520 2675 598 σπανία,
2720 514 2892 604 μονή

639 625 876 710 ⁴teovla,
946 624 1211 711 ἔλεγχος
1270 624 1562 711 ἐλεγχείη
1622 623 1763 708 (pro
1816 622 2207 710 ἑλεγχεσίη),
2272 615 2533 698 ὄνειδος
2590 612 2895 707 ὀνειδείη,

643 724 905 804 πένθος
949 724 1265 813 πένθεια,
1320 717 1580 814 ἀνάγκη
1625 717 1979 813 ἀναγκαίη,
2033 721 2288 811 γαλήνη
2329 726 2658 811 γαληναίη
2700 719 2895 809 γαλή-

642 854 818 908 veta,
865 823 993 916 (ἱρή
1039 822 1253 918 ἀρειή,
1313 855 1471 914 quae
1515 835 1674 898 falso
1719 855 1757 898 a
1800 835 2106 897 Lobeckio
2162 854 2274 913 pro
2325 835 2641 914 adjectivis
2685 833 2892 894 haberi

644 958 828 1016 supra
907 940 1373 1001 demonstratum
1450 945 1558 1000 est.
1665 938 1840 1013 Quod
1914 940 1962 998 si
2037 939 2133 999 cui
2200 940 2410 998 mirum
2476 937 2752 997 videatur
2815 938 2893 997 ab

641 1044 957 1103 abstractis
1003 1043 1260 1103 derivari
1307 1043 1576 1118 potuisse
1625 1061 1781 1102 nova
1826 1041 2128 1102 abstracta
2181 1041 2388 1101 eadem
2433 1038 2897 1119 significatione,

642 1146 793 1205 idem
837 1147 899 1204 in
947 1149 1155 1205 nostra
1198 1164 1441 1222 quoque
1487 1146 1693 1221 lingua
1738 1144 1961 1204 factum
2007 1162 2138 1206 esse
2195 1144 2545 1204 meminerit.
2634 1142 2894 1218 Majores

643 1249 799 1309 enim
839 1249 1027 1308 nostri
1059 1249 1302 1327 saepius
1332 1247 1536 1308 addita
1565 1247 2000 1323 syllaba‘-lzeit
2027 1244 2213 1324 (quae
2249 1264 2433 1323 quum
2477 1246 2648 1306 initio
2683 1245 2895 1304 fuisset

643 1351 1084 1411 substantivum
1145 1352 1236 1411 sui
1294 1351 1446 1427 iuris
1501 1348 1850 1428 significans
1904 1366 2251 1429 personam,
2316 1367 2555 1427 sexum,
2620 1347 2893 1425 gradum,

640 1453 1016 1530 religionem,
1075 1453 1374 1531 habitum,
1430 1471 1568 1513 mox
1620 1451 1680 1512 in
1740 1452 1858 1512 fine
1902 1452 2366 1530 compositorum
2409 1450 2491 1510 ad
2532 1450 2891 1511 abstractam

641 1559 873 1616 tantum
921 1554 1224 1616 notionem
1270 1556 1488 1633 prioris
1533 1554 1782 1615 membri
1841 1554 2301 1632 significandam·
2340 1553 2774 1631 usurpabatur,
2827 1555 2894 1611 ut

641 1658 818 1719 etiam
864 1676 1025 1717 nunc
1070 1663 1430 1735 usurpatur:
1492 1656 1816 1729 wahrheit,
1872 1653 2184 1729 narr-hait)
2240 1674 2315 1716 ex
2371 1656 2687 1717 abstractis
2733 1673 2895 1716 nova

644 1760 949 1821 duxerunt
1012 1760 1346 1820 abstracta:
1417 1758 1619 1819 theod.
1682 1763 1801 1819 vet.
1875 1759 2179 1833 lcamfkeit
2251 1759 2486 1836 militia,
2562 1757 2889 1832 tuyedheit,

644 1863 958 1936 tuomheit,
1001 1861 1362 1935 zwifalhee't,
1407 1861 1710 1921 scanthee't
1754 1862 2057 1934 confusio,
2101 1857 2382 1936 Sldfheit,
2432 1861 2703 1935 topaheit
2750 1859 2889 1919 deli·

643 1969 1004 2043 ramentum,
1049 1960 1262 2025 totheit
1305 1964 1664 2042 mortalitas,
1720 1963 2081 2024 Rimonahee‘t
2127 1962 2535 2041 consuetud03
2600 1981 2729 2022 sax.
2773 1967 2890 2022 vet.

613 2093 616 2098 ·
633 2063 964 2143 juyudhed
996 2068 1313 2145 juventus;
1359 2068 1590 2145 anglos.
1639 2063 1940 2141 camphdd
1978 2067 2203 2143 militia,
2241 2059 2611 2141 yeoqudhad
2650 2064 2891 2142 juveni-

643 2171 794 2232 litas.
897 2171 1120 2230 Grimm
1189 2170 1290 2232 Gr.
1334 2172 1421 2247 11,
1484 2166 1605 2227 497
1620 2158 1756 2246 kq&
1826 2168 2035 2229 eadem
2101 2168 2374 2229 condicio
2439 2166 2553 2228 fuit
2618 2168 2892 2244 syllabae

644 2273 817 2348 scafe
868 2273 1023 2346 scas
1077 2288 1249 2349 Scap,
1318 2271 1503 2332 n'ostr.
1562 2270 1841 2345 -schaftz
1906 2269 2107 2331 theod.
2169 2275 2285 2331 vet.
2346 2270 2634 2345 heriscaf
2684 2269 2895 2329 militia

647 2373 961 2437 multitudo
994 2376 1224 2453 copiae,
1253 2374 1453 2435 theod.
1476 2373 1630 2434 med.
1660 2370 2064 2447 amstrschaft,
2098 2368 2445 2448 homckaft,
2476 2371 2895 2449 sippeschast,

645 2479 984 2553 merschaft
999 2496 1022 2547 ;
1066 2496 1192 2538 sax.
1220 2483 1337 2538 vet.
1383 2477 1775 2552 murdyiscap
1821 2476 2028 2555 fatum,
2072 2477 2386 2552 kuqiscasl
2416 2477 2667 2552 animus,
2711 2474 2896 2552 fides3

647 2580 874 2657 anglos.
903 2580 1285 2655 mc'ioerwcipe
1327 2580 1616 2658 potentia,
1659 2579 2028 2655 hyoesceaft
2055 2597 2241 2654 mens,
2283 2578 2604 2652 von-sceaf!
2634 2578 2895 2655 miseria,

645 2682 1055 2761 infortunium,
1097 2681 1546 2755 meoiudsceaft
1591 2681 1778 2743 fatum
1810 2679 1913 2755 (cf.
1938 2682 2121 2743 Grein
2155 2683 2216 2742 in
2246 2681 2427 2759 gloss,
2449 2699 2496 2740 s.
2519 2700 2573 2741 v.
2595 2677 2896 2752 meamet).

648 2785 872 2848 Grimm
917 2785 1019 2846 Gr.
1062 2786 1140 2862 11,
1185 2781 1308 2842 520
1340 2803 1430 2863 sq.

816 2880 922 2947 35.
1001 2876 1249 2949 Constat
1292 2874 1495 2965 igitur,
1534 2886 1594 2947 in
1641 2905 1891 2949 numero
1936 2887 2245 2949 nominum
2286 2886 2483 2947 ionico
2528 2904 2693 2947 more
2738 2885 2894 2947 deri-

642 2996 920 3052 vatorum
975 3007 1108 3050 esse
1165 3007 1409 3068 quoque
1460 3007 1611 3049 vera
1654 2990 2031 3050 substantiva
2074 2989 2385 3050 abstracta
2427 3008 2465 3050 a
2506 2989 2895 3050 substantivis

645 3093 963 3158 abstractis
1023 3092 1312 3154 derivata.
1411 3093 1491 3153 Et
1548 3094 1733 3169 quum
1793 3091 2097 3153 Lobeckio
2164 3110 2352 3170 supra
2406 3091 2899 3169 concesserimus,

646 3198 765 3259 alia
823 3196 885 3257 id
945 3214 1138 3274 genus
1200 3195 1495 3257 vocabula
1562 3194 1994 3272 adiectivorum
2064 3196 2123 3254 in
2191 3210 2336 3264 αιος
2402 3193 2686 3254 feminina
2742 3210 2898 3271 esse,

649 3304 853 3376 restat,
900 3303 968 3359 ut
1009 3299 1159 3359 haec
1205 3297 1324 3359 duo
1373 3297 1798 3359 vocabulorum
1842 3315 2071 3376 genera
2115 3297 2295 3359 certis
2340 3295 2561 3357 finibus
2604 3295 2893 3373 distingu-

642 3405 837 3463 antur.
939 3400 1058 3463 Sed
1104 3399 1218 3461 hoc
1278 3400 1438 3460 haud
1481 3400 1606 3461 scio
1662 3419 1739 3459 au
1801 3418 2105 3476 nunquam
2162 3398 2290 3489 fieri
2351 3400 2567 3478 possit,
2627 3416 2757 3459 eam
2815 3398 2894 3459 ob

646 3522 886 3565 causam
952 3500 1116 3580 quod
1179 3500 1398 3562 Graeci
1463 3502 1578 3579 ipsi
1646 3501 1723 3562 de
1788 3504 2216 3580 plerorumque
2283 3501 2715 3563 vocabulorum
2778 3501 2895 3562 hac

644 3608 880 3667 ratione
935 3604 1328 3665 formatorum
1384 3609 1603 3665 natura
1647 3623 1718 3665 ac
1764 3604 2202 3684 significatione
2246 3606 2493 3683 propria
2534 3605 2573 3665 i.
2604 3623 2655 3664 e.
2698 3620 2892 3681 gram·

647 3708 900 3769 maticae
930 3694 1159 3784 regulis
1190 3707 1581 3768 conveniente
1614 3708 1801 3768 nescii
1840 3705 2104 3787 fuerunt,
2145 3707 2263 3785 vel,
2305 3711 2375 3768 ut
2417 3708 2640 3768 rectius
2684 3706 2899 3785 dicam,

645 3810 806 3889 quod
852 3809 1068 3887 sentio,
1129 3810 1270 3888 quia
1323 3811 1679 3888 pleraque
1736 3810 1809 3870 id
1863 3828 2090 3888 genus
2146 3809 2506 3871 vocabula
2558 3828 2697 3871 uon
2750 3813 2896 3870 tam

645 3915 975 3975 derivata
1015 3917 1188 3974 sunt
1228 3932 1266 3973 a
1293 3914 1739 3992 prototypis,
1783 3913 1907 3975 sed
1948 3932 2085 3992 pro
2108 3912 2586 3990 amplificatis
2614 3915 2893 3973 tantum

645 4017 938 4078 illorum
993 4014 1242 4076 formis
1301 4021 1371 4076 et
1399 4020 1568 4076 tuuc
1628 4015 1873 4077 habita
1931 4017 2111 4095 sint,
2184 4021 2256 4078 et
2310 4015 2520 4077 uobis
2572 4016 2725 4076 sint
2772 4014 2891 4074 ha·

644 4117 894 4182 benda-
937 4117 1219 4180 Similiter
1248 4119 1311 4178 in
1342 4117 1617 4179 omnibus
1643 4117 1772 4179 fere
1803 4119 2025 4195 linguis
2057 4117 2184 4179 fieri
2216 4122 2468 4196 constat,
2498 4122 2566 4179 ut
2592 4117 2895 4177 vocabula

644 4223 840 4299 specie
885 4221 1288 4283 derivatorum
1336 4221 1566 4281 utentia
1611 4239 1824 4281 revera
1866 4222 2012 4281 nihil
2057 4220 2339 4282 differant
2397 4220 2472 4283 ab
2527 4220 2671 4299 illis,
2730 4219 2894 4281 unde
