<?xml version="1.0" encoding="UTF-8"?>
<!DOCTYPE html PUBLIC "-//W3C//DTD XHTML 1.0 Transitional//EN"
    "http://www.w3.org/TR/xhtml1/DTD/xhtml1-transitional.dtd">
<html xmlns="http://www.w3.org/1999/xhtml" xml:lang="en" lang="en">
 <head>
  <title>
</title>
<meta http-equiv="Content-Type" content="text/html;charset=utf-8" />
  <meta name='ocr-system' content='tesseract 3.04.00' />
  <meta name='ocr-capabilities' content='ocr_page ocr_carea ocr_par ocr_line ocrx_word'/>
</head>
<body>
  <div class='ocr_page' id='page_1' title='image "./dissertationesp00hallgoog_0622.png"; bbox 0 0 3166 4871; ppageno 0'>
   <div class='ocr_carea' id='block_1_1' title="bbox 509 281 632 342">
    <p class='ocr_par' dir='ltr' id='par_1_1' title="bbox 509 281 632 342">
     <span class='ocr_line' id='line_1_1' title="bbox 509 281 632 342; baseline 0 -1"><span class='ocrx_word' id='word_1_1' title='bbox 509 281 632 342; x_wconf 78' lang='lat'>264</span> 
     </span>
    </p>
   </div>
   <div class='ocr_carea' id='block_1_2' title="bbox 509 454 2754 2073">
    <p class='ocr_par' dir='ltr' id='par_1_2' title="bbox 509 454 2748 738">
     <span class='ocr_line' id='line_1_2' title="bbox 513 454 2748 533; baseline -0 -18"><span class='ocrx_word' id='word_1_2' title='bbox 513 472 647 515; x_wconf 91' lang='lat' dir='ltr'>eum</span> <span class='ocrx_word' id='word_1_3' title='bbox 697 474 815 516; x_wconf 89' lang='lat' dir='ltr'>non</span> <span class='ocrx_word' id='word_1_4' title='bbox 866 457 1134 533; x_wconf 77' lang='lat' dir='ltr'>coegerit</span> <span class='ocrx_word' id='word_1_5' title='bbox 1175 458 1233 516; x_wconf 89' lang='lat' dir='ltr'>in</span> <span class='ocrx_word' id='word_1_6' title='bbox 1280 454 1493 516; x_wconf 90' lang='lat' dir='ltr'>studiis</span> <span class='ocrx_word' id='word_1_7' title='bbox 1538 455 1661 515; x_wconf 90' lang='lat' dir='ltr'>suis</span> <span class='ocrx_word' id='word_1_8' title='bbox 1707 456 2145 533; x_wconf 79' lang='lat' dir='ltr'>obmutescere3</span> <span class='ocrx_word' id='word_1_9' title='bbox 2205 455 2462 533; x_wconf 87' lang='lat' dir='ltr'>denique</span> <span class='ocrx_word' id='word_1_10' title='bbox 2509 472 2748 514; x_wconf 89' lang='lat' dir='ltr'>versum</span> 
     </span>
     <span class='ocr_line' id='line_1_3' title="bbox 509 556 1302 636; baseline 0.004 -20"><span class='ocrx_word' id='word_1_11' title='bbox 509 557 641 634; x_wconf 84' lang='lat' dir='ltr'>ejus</span> <span class='ocrx_word' id='word_1_12' title='bbox 685 556 788 631; x_wconf 89' lang='lat' dir='ltr'>(ad</span> <span class='ocrx_word' id='word_1_13' title='bbox 834 558 957 618; x_wconf 83' lang='lat' dir='ltr'>Att.</span> <span class='ocrx_word' id='word_1_14' title='bbox 988 560 1045 636; x_wconf 90' lang='lat'>9,</span> <span class='ocrx_word' id='word_1_15' title='bbox 1080 561 1173 629; x_wconf 85' lang='lat'>13,</span> <span class='ocrx_word' id='word_1_16' title='bbox 1210 556 1302 630; x_wconf 85' lang='lat'>1):</span> 
     </span>
     <span class='ocr_line' id='line_1_4' title="bbox 1207 644 2053 738; baseline 0 -19"><span class='ocrx_word' id='word_1_17' title='bbox 1207 644 1333 719; x_wconf 74' lang='grc' dir='ltr'>οὐκ</span> <span class='ocrx_word' id='word_1_18' title='bbox 1378 645 1509 719; x_wconf 76' lang='grc' dir='ltr'>ἔστ’</span> <span class='ocrx_word' id='word_1_19' title='bbox 1554 651 1792 738; x_wconf 77' lang='grc' dir='ltr'><strong><em>ἔτυμος</em></strong></span> <span class='ocrx_word' id='word_1_20' title='bbox 1836 649 2053 738; x_wconf 77' lang='grc' dir='ltr'>λόγος,</span> 
     </span>
    </p>

    <p class='ocr_par' dir='ltr' id='par_1_3' title="bbox 509 750 2754 1352">
     <span class='ocr_line' id='line_1_5' title="bbox 512 750 2753 851; baseline -0.001 -29"><span class='ocrx_word' id='word_1_21' title='bbox 512 780 686 840; x_wconf 90' lang='lat' dir='ltr'>quem</span> <span class='ocrx_word' id='word_1_22' title='bbox 746 758 1180 835; x_wconf 78' lang='grc' dir='ltr'><strong><em>Παλινωδίας</em></strong></span> <span class='ocrx_word' id='word_1_23' title='bbox 1238 756 1331 834; x_wconf 81' lang='grc' dir='ltr'>εἰς</span> <span class='ocrx_word' id='word_1_24' title='bbox 1376 750 1651 851; x_wconf 56' lang='grc' dir='ltr'><strong><em>Ἑλέῳαν</em></strong></span> <span class='ocrx_word' id='word_1_25' title='bbox 1719 764 1948 824; x_wconf 86' lang='lat' dir='ltr'>initium</span> <span class='ocrx_word' id='word_1_26' title='bbox 2011 763 2195 824; x_wconf 86' lang='lat' dir='ltr'>fuisse</span> <span class='ocrx_word' id='word_1_27' title='bbox 2250 762 2425 823; x_wconf 87' lang='lat' dir='ltr'>Plato</span> <span class='ocrx_word' id='word_1_28' title='bbox 2483 766 2753 837; x_wconf 85' lang='lat' dir='ltr'>testatur,</span> 
     </span>
     <span class='ocr_line' id='line_1_6' title="bbox 511 863 2749 927; baseline 0 -3"><span class='ocrx_word' id='word_1_29' title='bbox 511 883 646 925; x_wconf 84' lang='lat' dir='ltr'>mox</span> <span class='ocrx_word' id='word_1_30' title='bbox 679 864 1001 926; x_wconf 88' lang='lat' dir='ltr'>solemnem</span> <span class='ocrx_word' id='word_1_31' title='bbox 1032 867 1190 927; x_wconf 89' lang='lat' dir='ltr'>inter</span> <span class='ocrx_word' id='word_1_32' title='bbox 1234 865 1447 927; x_wconf 87' lang='lat' dir='ltr'>doctos</span> <span class='ocrx_word' id='word_1_33' title='bbox 1478 865 1749 926; x_wconf 88' lang='lat' dir='ltr'>homines</span> <span class='ocrx_word' id='word_1_34' title='bbox 1787 864 2153 926; x_wconf 83' lang='lat' dir='ltr'>retractandi</span> <span class='ocrx_word' id='word_1_35' title='bbox 2183 863 2495 926; x_wconf 83' lang='lat' dir='ltr'>formulam</span> <span class='ocrx_word' id='word_1_36' title='bbox 2526 864 2749 925; x_wconf 83' lang='lat' dir='ltr'>factum</span> 
     </span>
     <span class='ocr_line' id='line_1_7' title="bbox 509 965 2748 1045; baseline -0.001 -18"><span class='ocrx_word' id='word_1_37' title='bbox 509 985 641 1028; x_wconf 87' lang='lat' dir='ltr'>esse</span> <span class='ocrx_word' id='word_1_38' title='bbox 683 967 814 1029; x_wconf 91' lang='lat' dir='ltr'>iure</span> <span class='ocrx_word' id='word_1_39' title='bbox 874 974 1077 1030; x_wconf 88' lang='lat' dir='ltr'>censet</span> <span class='ocrx_word' id='word_1_40' title='bbox 1120 970 1434 1029; x_wconf 85' lang='lat' dir='ltr'>Ernestius</span> <span class='ocrx_word' id='word_1_41' title='bbox 1492 970 1552 1030; x_wconf 90' lang='lat' dir='ltr'>in</span> <span class='ocrx_word' id='word_1_42' title='bbox 1601 967 1803 1030; x_wconf 85' lang='lat' dir='ltr'>Orellii</span> <span class='ocrx_word' id='word_1_43' title='bbox 1851 965 2061 1030; x_wconf 91' lang='lat' dir='ltr'>Onom.</span> <span class='ocrx_word' id='word_1_44' title='bbox 2107 969 2225 1030; x_wconf 86' lang='lat' dir='ltr'>Cic.</span> <span class='ocrx_word' id='word_1_45' title='bbox 2253 968 2364 1044; x_wconf 87' lang='lat'>111,</span> <span class='ocrx_word' id='word_1_46' title='bbox 2404 986 2462 1045; x_wconf 88' lang='lat' dir='ltr'>p.</span> <span class='ocrx_word' id='word_1_47' title='bbox 2495 972 2569 1029; x_wconf 82' lang='lat'>71</span> <span class='ocrx_word' id='word_1_48' title='bbox 2620 985 2664 1027; x_wconf 91' lang='lat' dir='ltr'>s.</span> <span class='ocrx_word' id='word_1_49' title='bbox 2695 987 2748 1026; x_wconf 87' lang='lat' dir='ltr'>v.</span> 
     </span>
     <span class='ocr_line' id='line_1_8' title="bbox 509 1068 2754 1149; baseline 0 -20"><span class='ocrx_word' id='word_1_50' title='bbox 509 1070 602 1130; x_wconf 90' lang='lat' dir='ltr'>De</span> <span class='ocrx_word' id='word_1_51' title='bbox 631 1068 936 1132; x_wconf 79' lang='lat' dir='ltr'>Simonide</span> <span class='ocrx_word' id='word_1_52' title='bbox 967 1071 1169 1148; x_wconf 92' lang='lat' dir='ltr'>paullo</span> <span class='ocrx_word' id='word_1_53' title='bbox 1200 1076 1336 1149; x_wconf 90' lang='lat' dir='ltr'>post</span> <span class='ocrx_word' id='word_1_54' title='bbox 1364 1071 1712 1132; x_wconf 87' lang='lat' dir='ltr'>videbimus.</span> <span class='ocrx_word' id='word_1_55' title='bbox 1788 1071 2134 1133; x_wconf 86' lang='lat' dir='ltr'>Ceterorum</span> <span class='ocrx_word' id='word_1_56' title='bbox 2169 1075 2367 1131; x_wconf 88' lang='lat' dir='ltr'>autem</span> <span class='ocrx_word' id='word_1_57' title='bbox 2411 1070 2754 1148; x_wconf 73' lang='lat' dir='ltr'><strong>lyricorum,</strong></span> 
     </span>
     <span class='ocr_line' id='line_1_9' title="bbox 511 1171 2750 1252; baseline -0 -20"><span class='ocrx_word' id='word_1_58' title='bbox 511 1178 578 1232; x_wconf 88' lang='lat' dir='ltr'>ut</span> <span class='ocrx_word' id='word_1_59' title='bbox 619 1173 951 1251; x_wconf 87' lang='lat' dir='ltr'>Alcmanis,</span> <span class='ocrx_word' id='word_1_60' title='bbox 994 1174 1359 1252; x_wconf 87' lang='lat' dir='ltr'>Terpandri,</span> <span class='ocrx_word' id='word_1_61' title='bbox 1413 1173 1723 1251; x_wconf 78' lang='lat' dir='ltr'>Sapphus,</span> <span class='ocrx_word' id='word_1_62' title='bbox 1778 1174 2031 1235; x_wconf 88' lang='lat' dir='ltr'>aliorum</span> <span class='ocrx_word' id='word_1_63' title='bbox 2092 1192 2165 1234; x_wconf 90' lang='lat' dir='ltr'>ne</span> <span class='ocrx_word' id='word_1_64' title='bbox 2211 1173 2452 1233; x_wconf 89' lang='lat' dir='ltr'>nomina</span> <span class='ocrx_word' id='word_1_65' title='bbox 2507 1171 2750 1250; x_wconf 87' lang='lat' dir='ltr'>quidem</span> 
     </span>
     <span class='ocr_line' id='line_1_10' title="bbox 509 1264 1462 1352; baseline 0.005 -18"><span class='ocrx_word' id='word_1_66' title='bbox 509 1264 673 1352; x_wconf 87' lang='lat' dir='ltr'>apud</span> <span class='ocrx_word' id='word_1_67' title='bbox 718 1275 1068 1337; x_wconf 76' lang='lat' dir='ltr'><strong>Ciceronem</strong></span> <span class='ocrx_word' id='word_1_68' title='bbox 1113 1275 1462 1350; x_wconf 80' lang='lat' dir='ltr'>exstant.⁷⁷)</span> 
     </span>
    </p>

    <p class='ocr_par' dir='ltr' id='par_1_4' title="bbox 509 1377 2752 2073">
     <span class='ocr_line' id='line_1_11' title="bbox 668 1377 2751 1458; baseline -0 -21"><span class='ocrx_word' id='word_1_69' title='bbox 668 1378 1066 1455; x_wconf 81' lang='lat' dir='ltr'>Relinquitur,</span> <span class='ocrx_word' id='word_1_70' title='bbox 1087 1385 1153 1441; x_wconf 88' lang='lat' dir='ltr'>ut</span> <span class='ocrx_word' id='word_1_71' title='bbox 1176 1380 1252 1441; x_wconf 91' lang='lat' dir='ltr'>de</span> <span class='ocrx_word' id='word_1_72' title='bbox 1273 1380 1345 1440; x_wconf 91' lang='lat' dir='ltr'>iis</span> <span class='ocrx_word' id='word_1_73' title='bbox 1367 1382 1560 1458; x_wconf 91' lang='lat' dir='ltr'>poetis</span> <span class='ocrx_word' id='word_1_74' title='bbox 1583 1380 1877 1441; x_wconf 89' lang='lat' dir='ltr'>nonnulla</span> <span class='ocrx_word' id='word_1_75' title='bbox 1899 1378 2132 1455; x_wconf 82' lang='lat' dir='ltr'><strong>addam,</strong></span> <span class='ocrx_word' id='word_1_76' title='bbox 2161 1379 2262 1454; x_wconf 88' lang='lat' dir='ltr'>qui</span> <span class='ocrx_word' id='word_1_77' title='bbox 2288 1378 2473 1454; x_wconf 89' lang='lat' dir='ltr'>elegis</span> <span class='ocrx_word' id='word_1_78' title='bbox 2496 1377 2751 1437; x_wconf 84' lang='lat' dir='ltr'>maxime</span> 
     </span>
     <span class='ocr_line' id='line_1_12' title="bbox 509 1480 2748 1560; baseline 0 -21"><span class='ocrx_word' id='word_1_79' title='bbox 509 1483 571 1539; x_wconf 91' lang='lat' dir='ltr'>et</span> <span class='ocrx_word' id='word_1_80' title='bbox 614 1480 1062 1557; x_wconf 75' lang='lat' dir='ltr'>epigrammatis</span> <span class='ocrx_word' id='word_1_81' title='bbox 1106 1483 1398 1559; x_wconf 88' lang='lat' dir='ltr'>poeticam</span> <span class='ocrx_word' id='word_1_82' title='bbox 1446 1482 1558 1543; x_wconf 90' lang='lat' dir='ltr'>sibi</span> <span class='ocrx_word' id='word_1_83' title='bbox 1597 1490 1963 1560; x_wconf 84' lang='lat' dir='ltr'>pepererunt</span> <span class='ocrx_word' id='word_1_84' title='bbox 2006 1482 2275 1559; x_wconf 77' lang='lat' dir='ltr'>gloriam.</span> <span class='ocrx_word' id='word_1_85' title='bbox 2365 1481 2457 1540; x_wconf 87' lang='lat' dir='ltr'>Ac</span> <span class='ocrx_word' id='word_1_86' title='bbox 2499 1480 2748 1557; x_wconf 90' lang='lat' dir='ltr'>primum</span> 
     </span>
     <span class='ocr_line' id='line_1_13' title="bbox 510 1581 2749 1662; baseline 0.001 -22"><span class='ocrx_word' id='word_1_87' title='bbox 510 1581 753 1659; x_wconf 86' lang='lat' dir='ltr'>quidem</span> <span class='ocrx_word' id='word_1_88' title='bbox 813 1602 847 1643; x_wconf 91' lang='lat' dir='ltr'>e</span> <span class='ocrx_word' id='word_1_89' title='bbox 892 1581 1128 1645; x_wconf 89' lang='lat' dir='ltr'>Solonis</span> <span class='ocrx_word' id='word_1_90' title='bbox 1182 1585 1540 1646; x_wconf 74' lang='lat' dir='ltr'>carminibus</span> <span class='ocrx_word' id='word_1_91' title='bbox 1598 1615 1682 1625; x_wconf 92' lang='lat'><strong>—</strong></span> <span class='ocrx_word' id='word_1_92' title='bbox 1737 1584 1824 1644; x_wconf 91' lang='lat' dir='ltr'>illi</span> <span class='ocrx_word' id='word_1_93' title='bbox 1867 1585 2024 1645; x_wconf 90' lang='lat' dir='ltr'>enim</span> <span class='ocrx_word' id='word_1_94' title='bbox 2088 1583 2232 1662; x_wconf 91' lang='lat' dir='ltr'>loci,</span> <span class='ocrx_word' id='word_1_95' title='bbox 2290 1582 2391 1644; x_wconf 91' lang='lat' dir='ltr'>ubi</span> <span class='ocrx_word' id='word_1_96' title='bbox 2452 1581 2632 1660; x_wconf 87' lang='lat' dir='ltr'>hujus</span> <span class='ocrx_word' id='word_1_97' title='bbox 2689 1583 2749 1642; x_wconf 90' lang='lat' dir='ltr'>in</span> 
     </span>
     <span class='ocr_line' id='line_1_14' title="bbox 510 1683 2748 1765; baseline 0 -22"><span class='ocrx_word' id='word_1_98' title='bbox 510 1683 743 1761; x_wconf 87' lang='lat' dir='ltr'>legibus</span> <span class='ocrx_word' id='word_1_99' title='bbox 788 1685 1117 1747; x_wconf 76' lang='lat' dir='ltr'>condendis</span> <span class='ocrx_word' id='word_1_100' title='bbox 1162 1691 1268 1748; x_wconf 87' lang='lat' dir='ltr'>aut</span> <span class='ocrx_word' id='word_1_101' title='bbox 1310 1688 1371 1748; x_wconf 91' lang='lat' dir='ltr'>in</span> <span class='ocrx_word' id='word_1_102' title='bbox 1427 1687 1735 1765; x_wconf 81' lang='lat' dir='ltr'>republica</span> <span class='ocrx_word' id='word_1_103' title='bbox 1786 1687 2256 1748; x_wconf 88' lang='lat' dir='ltr'>administranda</span> <span class='ocrx_word' id='word_1_104' title='bbox 2299 1686 2580 1746; x_wconf 83' lang='lat' dir='ltr'>virtutem</span> <span class='ocrx_word' id='word_1_105' title='bbox 2623 1684 2748 1745; x_wconf 82' lang='lat' dir='ltr'>lau·</span> 
     </span>
     <span class='ocr_line' id='line_1_15' title="bbox 511 1785 2752 1868; baseline 0.001 -23"><span class='ocrx_word' id='word_1_106' title='bbox 511 1785 685 1847; x_wconf 88' lang='lat' dir='ltr'>dibus</span> <span class='ocrx_word' id='word_1_107' title='bbox 744 1789 944 1864; x_wconf 82' lang='lat' dir='ltr'>effert,</span> <span class='ocrx_word' id='word_1_108' title='bbox 1002 1790 1239 1850; x_wconf 89' lang='lat' dir='ltr'>minime</span> <span class='ocrx_word' id='word_1_109' title='bbox 1299 1789 1418 1851; x_wconf 88' lang='lat' dir='ltr'>huc</span> <span class='ocrx_word' id='word_1_110' title='bbox 1461 1790 1768 1868; x_wconf 83' lang='lat' dir='ltr'>pertinent</span> <span class='ocrx_word' id='word_1_111' title='bbox 1826 1824 1906 1834; x_wconf 88' lang='lat'>—-</span> <span class='ocrx_word' id='word_1_112' title='bbox 1970 1789 2222 1850; x_wconf 92' lang='lat' dir='ltr'>duorum</span> <span class='ocrx_word' id='word_1_113' title='bbox 2282 1789 2549 1849; x_wconf 89' lang='lat' dir='ltr'>locorum</span> <span class='ocrx_word' id='word_1_114' title='bbox 2607 1786 2752 1848; x_wconf 83' lang='lat' dir='ltr'>facit</span> 
     </span>
     <span class='ocr_line' id='line_1_16' title="bbox 509 1890 2748 1970; baseline 0.001 -22"><span class='ocrx_word' id='word_1_115' title='bbox 509 1891 887 1967; x_wconf 84' lang='lat' dir='ltr'>mentionem,</span> <span class='ocrx_word' id='word_1_116' title='bbox 940 1891 1189 1954; x_wconf 90' lang='lat' dir='ltr'>alterius</span> <span class='ocrx_word' id='word_1_117' title='bbox 1246 1899 1306 1954; x_wconf 90' lang='lat' dir='ltr'>et</span> <span class='ocrx_word' id='word_1_118' title='bbox 1360 1895 1537 1953; x_wconf 76' lang='lat' dir='ltr'>&#39;l&#39;usc.</span> <span class='ocrx_word' id='word_1_119' title='bbox 1586 1898 1638 1965; x_wconf 91' lang='lat'>1,</span> <span class='ocrx_word' id='word_1_120' title='bbox 1683 1898 1800 1955; x_wconf 84' lang='grc'>117</span> <span class='ocrx_word' id='word_1_121' title='bbox 1862 1900 1921 1952; x_wconf 86' lang='lat' dir='ltr'>ct</span> <span class='ocrx_word' id='word_1_122' title='bbox 1984 1892 2106 1954; x_wconf 85' lang='lat' dir='ltr'>Cat.</span> <span class='ocrx_word' id='word_1_123' title='bbox 2141 1896 2242 1970; x_wconf 80' lang='lat'>73,</span> <span class='ocrx_word' id='word_1_124' title='bbox 2301 1895 2558 1969; x_wconf 91' lang='lat' dir='ltr'>utroque</span> <span class='ocrx_word' id='word_1_125' title='bbox 2616 1890 2748 1950; x_wconf 93' lang='lat' dir='ltr'>loco</span> 
     </span>
     <span class='ocr_line' id='line_1_17' title="bbox 510 1993 2750 2073; baseline 0 -22"><span class='ocrx_word' id='word_1_126' title='bbox 510 2010 643 2052; x_wconf 90' lang='lat' dir='ltr'>cum</span> <span class='ocrx_word' id='word_1_127' title='bbox 676 1993 926 2055; x_wconf 85' lang='lat' dir='ltr'>Graecis</span> <span class='ocrx_word' id='word_1_128' title='bbox 968 1996 1170 2056; x_wconf 82' lang='lat' dir='ltr'>verbis</span> <span class='ocrx_word' id='word_1_129' title='bbox 1215 1996 1409 2057; x_wconf 92' lang='lat' dir='ltr'>locum</span> <span class='ocrx_word' id='word_1_130' title='bbox 1456 1996 1754 2073; x_wconf 86' lang='lat' dir='ltr'>quendam</span> <span class='ocrx_word' id='word_1_131' title='bbox 1802 2016 1874 2055; x_wconf 85' lang='lat' dir='ltr'>ex</span> <span class='ocrx_word' id='word_1_132' title='bbox 1912 1996 2086 2059; x_wconf 89' lang='lat' dir='ltr'>Ennii</span> <span class='ocrx_word' id='word_1_133' title='bbox 2134 1995 2330 2071; x_wconf 87' lang='lat' dir='ltr'>elogio</span> <span class='ocrx_word' id='word_1_134' title='bbox 2377 2009 2750 2070; x_wconf 85' lang='lat' dir='ltr'>comparans,</span> 
     </span>
    </p>
   </div>
   <div class='ocr_carea' id='block_1_3' title="bbox 509 2094 2748 2365">
    <p class='ocr_par' dir='ltr' id='par_1_5' title="bbox 509 2094 2748 2365">
     <span class='ocr_line' id='line_1_18' title="bbox 510 2094 2746 2176; baseline -0 -21"><span class='ocrx_word' id='word_1_135' title='bbox 510 2112 687 2172; x_wconf 87' lang='lat' dir='ltr'>quem</span> <span class='ocrx_word' id='word_1_136' title='bbox 736 2096 1037 2157; x_wconf 89' lang='lat' dir='ltr'>meliorem</span> <span class='ocrx_word' id='word_1_137' title='bbox 1069 2115 1203 2159; x_wconf 89' lang='lat' dir='ltr'>esse</span> <span class='ocrx_word' id='word_1_138' title='bbox 1246 2097 1505 2159; x_wconf 86' lang='lat' dir='ltr'>affirmat</span> <span class='ocrx_word' id='word_1_139' title='bbox 1551 2128 1635 2138; x_wconf 90' lang='lat'>—</span> <span class='ocrx_word' id='word_1_140' title='bbox 1679 2117 2039 2176; x_wconf 89' lang='lat' dir='ltr'>quamquam</span> <span class='ocrx_word' id='word_1_141' title='bbox 2086 2098 2201 2157; x_wconf 85' lang='lat' dir='ltr'>hoc</span> <span class='ocrx_word' id='word_1_142' title='bbox 2233 2097 2360 2158; x_wconf 91' lang='lat' dir='ltr'>sine</span> <span class='ocrx_word' id='word_1_143' title='bbox 2405 2094 2586 2156; x_wconf 92' lang='lat' dir='ltr'>dubio</span> <span class='ocrx_word' id='word_1_144' title='bbox 2626 2112 2746 2155; x_wconf 91' lang='lat' dir='ltr'>non</span> 
     </span>
     <span class='ocr_line' id='line_1_19' title="bbox 510 2197 2747 2279; baseline -0 -23"><span class='ocrx_word' id='word_1_145' title='bbox 510 2201 630 2257; x_wconf 92' lang='lat' dir='ltr'>tam</span> <span class='ocrx_word' id='word_1_146' title='bbox 676 2197 752 2257; x_wconf 90' lang='lat' dir='ltr'>ad</span> <span class='ocrx_word' id='word_1_147' title='bbox 807 2200 1100 2276; x_wconf 88' lang='lat' dir='ltr'>poeticam</span> <span class='ocrx_word' id='word_1_148' title='bbox 1148 2205 1556 2279; x_wconf 84' lang='lat' dir='ltr'>venustatem,</span> <span class='ocrx_word' id='word_1_149' title='bbox 1619 2219 1794 2278; x_wconf 89' lang='lat' dir='ltr'>qnam</span> <span class='ocrx_word' id='word_1_150' title='bbox 1843 2199 1918 2260; x_wconf 92' lang='lat' dir='ltr'>ad</span> <span class='ocrx_word' id='word_1_151' title='bbox 1965 2197 2267 2277; x_wconf 85' lang='lat' dir='ltr'>cogitandi</span> <span class='ocrx_word' id='word_1_152' title='bbox 2329 2199 2614 2259; x_wconf 89' lang='lat' dir='ltr'>rationem</span> <span class='ocrx_word' id='word_1_153' title='bbox 2660 2214 2747 2256; x_wconf 89' lang='lat' dir='ltr'>re·</span> 
     </span>
     <span class='ocr_line' id='line_1_20' title="bbox 509 2299 2748 2365; baseline -0 -6"><span class='ocrx_word' id='word_1_154' title='bbox 509 2299 825 2361; x_wconf 84' lang='lat' dir='ltr'>ferendum</span> <span class='ocrx_word' id='word_1_155' title='bbox 880 2306 971 2362; x_wconf 88' lang='lat' dir='ltr'>est</span> <span class='ocrx_word' id='word_1_156' title='bbox 1033 2333 1119 2344; x_wconf 95' lang='lat'>—</span> <span class='ocrx_word' id='word_1_157' title='bbox 1184 2304 1430 2364; x_wconf 86' lang='lat' dir='ltr'>alterius</span> <span class='ocrx_word' id='word_1_158' title='bbox 1484 2304 1610 2365; x_wconf 87' lang='lat' dir='ltr'>Cat.</span> <span class='ocrx_word' id='word_1_159' title='bbox 1642 2308 1722 2365; x_wconf 84' lang='lat'>26</span> <span class='ocrx_word' id='word_1_160' title='bbox 1776 2308 1836 2363; x_wconf 92' lang='lat' dir='ltr'>et</span> <span class='ocrx_word' id='word_1_161' title='bbox 1888 2307 1986 2363; x_wconf 84' lang='lat'>50.</span> <span class='ocrx_word' id='word_1_162' title='bbox 2071 2301 2153 2362; x_wconf 86' lang='lat' dir='ltr'>At</span> <span class='ocrx_word' id='word_1_163' title='bbox 2212 2319 2344 2360; x_wconf 90' lang='lat' dir='ltr'>cum</span> <span class='ocrx_word' id='word_1_164' title='bbox 2401 2300 2484 2360; x_wconf 90' lang='lat' dir='ltr'>illi</span> <span class='ocrx_word' id='word_1_165' title='bbox 2538 2317 2748 2359; x_wconf 79' lang='lat' dir='ltr'>versus</span> 
     </span>
    </p>
   </div>
   <div class='ocr_carea' id='block_1_4' title="bbox 510 2400 2753 3966">
    <p class='ocr_par' dir='ltr' id='par_1_6' title="bbox 510 2400 2753 3923">
     <span class='ocr_line' id='line_1_21' title="bbox 510 2400 2751 2484; baseline -0.001 -20"><span class='ocrx_word' id='word_1_166' title='bbox 510 2403 629 2464; x_wconf 85' lang='lat' dir='ltr'>sint</span> <span class='ocrx_word' id='word_1_167' title='bbox 660 2403 963 2475; x_wconf 85' lang='lat' dir='ltr'>notissimi,</span> <span class='ocrx_word' id='word_1_168' title='bbox 1008 2405 1307 2482; x_wconf 85' lang='lat' dir='ltr'>posterior</span> <span class='ocrx_word' id='word_1_169' title='bbox 1349 2411 1545 2467; x_wconf 87' lang='lat' dir='ltr'>autem</span> <span class='ocrx_word' id='word_1_170' title='bbox 1580 2409 1893 2484; x_wconf 88' lang='lat' dir='ltr'>praeterea</span> <span class='ocrx_word' id='word_1_171' title='bbox 1921 2403 2258 2466; x_wconf 88' lang='lat' dir='ltr'>sententiae</span> <span class='ocrx_word' id='word_1_172' title='bbox 2301 2421 2452 2482; x_wconf 90' lang='lat' dir='ltr'>prae</span> <span class='ocrx_word' id='word_1_173' title='bbox 2494 2420 2561 2463; x_wconf 91' lang='lat' dir='ltr'>se</span> <span class='ocrx_word' id='word_1_174' title='bbox 2597 2400 2751 2463; x_wconf 86' lang='lat' dir='ltr'>ferat</span> 
     </span>
     <span class='ocr_line' id='line_1_22' title="bbox 511 2507 2746 2586; baseline 0 -21"><span class='ocrx_word' id='word_1_175' title='bbox 511 2507 800 2583; x_wconf 90' lang='lat' dir='ltr'>speciem,</span> <span class='ocrx_word' id='word_1_176' title='bbox 868 2513 1223 2585; x_wconf 86' lang='lat' dir='ltr'>argumento</span> <span class='ocrx_word' id='word_1_177' title='bbox 1287 2527 1420 2569; x_wconf 90' lang='lat' dir='ltr'>essc</span> <span class='ocrx_word' id='word_1_178' title='bbox 1492 2529 1611 2569; x_wconf 91' lang='lat' dir='ltr'>non</span> <span class='ocrx_word' id='word_1_179' title='bbox 1671 2513 1923 2586; x_wconf 90' lang='lat' dir='ltr'>possunt</span> <span class='ocrx_word' id='word_1_180' title='bbox 1998 2507 2233 2568; x_wconf 89' lang='lat' dir='ltr'>Solonis</span> <span class='ocrx_word' id='word_1_181' title='bbox 2294 2508 2559 2567; x_wconf 87' lang='lat' dir='ltr'>carmina</span> <span class='ocrx_word' id='word_1_182' title='bbox 2613 2524 2746 2567; x_wconf 90' lang='lat' dir='ltr'>eum</span> 
     </span>
     <span class='ocr_line' id='line_1_23' title="bbox 513 2610 2748 2690; baseline -0 -21"><span class='ocrx_word' id='word_1_183' title='bbox 513 2610 844 2686; x_wconf 85' lang='lat' dir='ltr'>perlegisse</span> <span class='ocrx_word' id='word_1_184' title='bbox 890 2628 1289 2688; x_wconf 87' lang='lat' dir='ltr'>magnamque</span> <span class='ocrx_word' id='word_1_185' title='bbox 1335 2631 1407 2671; x_wconf 84' lang='lat' dir='ltr'>ex</span> <span class='ocrx_word' id='word_1_186' title='bbox 1455 2612 1526 2671; x_wconf 90' lang='lat' dir='ltr'>iis</span> <span class='ocrx_word' id='word_1_187' title='bbox 1571 2612 1914 2690; x_wconf 84' lang='lat' dir='ltr'>percepisse</span> <span class='ocrx_word' id='word_1_188' title='bbox 1958 2611 2344 2690; x_wconf 87' lang='lat' dir='ltr'>voluptatem,</span> <span class='ocrx_word' id='word_1_189' title='bbox 2389 2627 2748 2687; x_wconf 88' lang='lat' dir='ltr'>quamquam</span> 
     </span>
     <span class='ocr_line' id='line_1_24' title="bbox 513 2712 2751 2793; baseline 0 -21"><span class='ocrx_word' id='word_1_190' title='bbox 513 2730 623 2789; x_wconf 89' lang='lat' dir='ltr'>per</span> <span class='ocrx_word' id='word_1_191' title='bbox 667 2730 732 2774; x_wconf 90' lang='lat' dir='ltr'>se</span> <span class='ocrx_word' id='word_1_192' title='bbox 779 2713 940 2773; x_wconf 85' lang='lat' dir='ltr'>haud</span> <span class='ocrx_word' id='word_1_193' title='bbox 986 2713 1331 2774; x_wconf 85' lang='lat' dir='ltr'>incredibile</span> <span class='ocrx_word' id='word_1_194' title='bbox 1377 2719 1468 2774; x_wconf 91' lang='lat' dir='ltr'>est</span> <span class='ocrx_word' id='word_1_195' title='bbox 1512 2714 1879 2793; x_wconf 89' lang='lat' dir='ltr'>Ciceronem,</span> <span class='ocrx_word' id='word_1_196' title='bbox 1923 2718 1989 2774; x_wconf 90' lang='lat' dir='ltr'>ut</span> <span class='ocrx_word' id='word_1_197' title='bbox 2019 2715 2357 2775; x_wconf 86' lang='lat' dir='ltr'>accuratius</span> <span class='ocrx_word' id='word_1_198' title='bbox 2385 2712 2751 2791; x_wconf 88' lang='lat' dir='ltr'>perspiceret</span> 
     </span>
     <span class='ocr_line' id='line_1_25' title="bbox 513 2814 2752 2895; baseline -0 -20"><span class='ocrx_word' id='word_1_199' title='bbox 513 2814 675 2875; x_wconf 91' lang='lat' dir='ltr'>illius</span> <span class='ocrx_word' id='word_1_200' title='bbox 720 2814 797 2875; x_wconf 91' lang='lat' dir='ltr'>de</span> <span class='ocrx_word' id='word_1_201' title='bbox 842 2833 908 2877; x_wconf 92' lang='lat' dir='ltr'>re</span> <span class='ocrx_word' id='word_1_202' title='bbox 953 2814 1190 2893; x_wconf 90' lang='lat' dir='ltr'>publica</span> <span class='ocrx_word' id='word_1_203' title='bbox 1234 2816 1705 2878; x_wconf 88' lang='lat' dir='ltr'>administranda</span> <span class='ocrx_word' id='word_1_204' title='bbox 1748 2817 2124 2895; x_wconf 87' lang='lat' dir='ltr'>sententiam,</span> <span class='ocrx_word' id='word_1_205' title='bbox 2168 2818 2343 2877; x_wconf 87' lang='lat' dir='ltr'>etiam</span> <span class='ocrx_word' id='word_1_206' title='bbox 2391 2814 2752 2876; x_wconf 86' lang='lat' dir='ltr'>carminibus</span> 
     </span>
     <span class='ocr_line' id='line_1_26' title="bbox 514 2916 2749 2998; baseline -0.001 -20"><span class='ocrx_word' id='word_1_207' title='bbox 514 2918 646 2996; x_wconf 88' lang='lat' dir='ltr'>ejus</span> <span class='ocrx_word' id='word_1_208' title='bbox 685 2918 960 2996; x_wconf 88' lang='lat' dir='ltr'>legendis</span> <span class='ocrx_word' id='word_1_209' title='bbox 1003 2936 1244 2996; x_wconf 89' lang='lat' dir='ltr'>operam</span> <span class='ocrx_word' id='word_1_210' title='bbox 1277 2919 1528 2981; x_wconf 89' lang='lat' dir='ltr'>dedisse.</span> <span class='ocrx_word' id='word_1_211' title='bbox 1573 2950 1656 2960; x_wconf 91' lang='lat'><strong>—</strong></span> <span class='ocrx_word' id='word_1_212' title='bbox 1700 2919 2014 2983; x_wconf 87' lang='lat' dir='ltr'>Simonidis</span> <span class='ocrx_word' id='word_1_213' title='bbox 2057 2937 2222 2998; x_wconf 84' lang='lat' dir='ltr'>vero,</span> <span class='ocrx_word' id='word_1_214' title='bbox 2266 2919 2517 2996; x_wconf 90' lang='lat' dir='ltr'>quinon</span> <span class='ocrx_word' id='word_1_215' title='bbox 2561 2916 2749 2979; x_wconf 90' lang='lat' dir='ltr'>solum</span> 
     </span>
     <span class='ocr_line' id='line_1_27' title="bbox 512 3020 2750 3099; baseline -0 -18"><span class='ocrx_word' id='word_1_216' title='bbox 512 3026 763 3099; x_wconf 87' lang='lat' dir='ltr'>propter</span> <span class='ocrx_word' id='word_1_217' title='bbox 808 3022 1133 3082; x_wconf 85' lang='lat' dir='ltr'>carminum</span> <span class='ocrx_word' id='word_1_218' title='bbox 1166 3022 1508 3083; x_wconf 89' lang='lat' dir='ltr'>melicorum</span> <span class='ocrx_word' id='word_1_219' title='bbox 1554 3023 1925 3095; x_wconf 81' lang='lat' dir='ltr'>suavitatem,</span> <span class='ocrx_word' id='word_1_220' title='bbox 1968 3021 2072 3083; x_wconf 88' lang='lat' dir='ltr'>sed</span> <span class='ocrx_word' id='word_1_221' title='bbox 2118 3022 2294 3082; x_wconf 87' lang='lat' dir='ltr'>etiam</span> <span class='ocrx_word' id='word_1_222' title='bbox 2339 3025 2588 3098; x_wconf 89' lang='lat' dir='ltr'>propter</span> <span class='ocrx_word' id='word_1_223' title='bbox 2631 3020 2750 3098; x_wconf 88' lang='lat' dir='ltr'>epi-</span> 
     </span>
     <span class='ocr_line' id='line_1_28' title="bbox 511 3123 2750 3202; baseline -0.001 -18"><span class='ocrx_word' id='word_1_224' title='bbox 511 3129 905 3201; x_wconf 88' lang='lat' dir='ltr'>grammatum</span> <span class='ocrx_word' id='word_1_225' title='bbox 953 3124 1306 3202; x_wconf 81' lang='lat' dir='ltr'>elegantiam</span> <span class='ocrx_word' id='word_1_226' title='bbox 1352 3144 1580 3187; x_wconf 89' lang='lat' dir='ltr'>summa</span> <span class='ocrx_word' id='word_1_227' title='bbox 1624 3127 1826 3187; x_wconf 87' lang='lat' dir='ltr'>floruit</span> <span class='ocrx_word' id='word_1_228' title='bbox 1870 3127 2026 3187; x_wconf 90' lang='lat' dir='ltr'>inter</span> <span class='ocrx_word' id='word_1_229' title='bbox 2064 3124 2327 3186; x_wconf 83' lang='lat' dir='ltr'>Graecos</span> <span class='ocrx_word' id='word_1_230' title='bbox 2372 3123 2568 3202; x_wconf 88' lang='lat' dir='ltr'>laude,</span> <span class='ocrx_word' id='word_1_231' title='bbox 2612 3141 2750 3200; x_wconf 90' lang='lat' dir='ltr'>poe-</span> 
     </span>
     <span class='ocr_line' id='line_1_29' title="bbox 514 3224 2750 3304; baseline -0 -19"><span class='ocrx_word' id='word_1_232' title='bbox 514 3230 673 3286; x_wconf 89' lang='lat' dir='ltr'>mata</span> <span class='ocrx_word' id='word_1_233' title='bbox 703 3228 804 3288; x_wconf 87' lang='lat' dir='ltr'>vel</span> <span class='ocrx_word' id='word_1_234' title='bbox 837 3227 1033 3287; x_wconf 88' lang='lat' dir='ltr'>minus</span> <span class='ocrx_word' id='word_1_235' title='bbox 1066 3228 1307 3304; x_wconf 86' lang='lat' dir='ltr'>cognita</span> <span class='ocrx_word' id='word_1_236' title='bbox 1335 3228 1614 3289; x_wconf 88' lang='lat' dir='ltr'>habuisse</span> <span class='ocrx_word' id='word_1_237' title='bbox 1636 3227 1892 3288; x_wconf 87' lang='lat' dir='ltr'>videtur.</span> <span class='ocrx_word' id='word_1_238' title='bbox 1993 3226 2364 3304; x_wconf 80' lang='lat' dir='ltr'>Quamquam</span> <span class='ocrx_word' id='word_1_239' title='bbox 2398 3226 2555 3287; x_wconf 91' lang='lat' dir='ltr'>enim</span> <span class='ocrx_word' id='word_1_240' title='bbox 2589 3224 2750 3286; x_wconf 89' lang='lat' dir='ltr'>haud</span> 
     </span>
     <span class='ocr_line' id='line_1_30' title="bbox 511 3328 2752 3407; baseline -0 -19"><span class='ocrx_word' id='word_1_241' title='bbox 511 3347 649 3389; x_wconf 90' lang='lat' dir='ltr'>raro</span> <span class='ocrx_word' id='word_1_242' title='bbox 680 3330 811 3406; x_wconf 81' lang='lat' dir='ltr'>ejus</span> <span class='ocrx_word' id='word_1_243' title='bbox 855 3330 1213 3391; x_wconf 91' lang='lat' dir='ltr'>mentionem</span> <span class='ocrx_word' id='word_1_244' title='bbox 1255 3330 1415 3407; x_wconf 85' lang='lat' dir='ltr'>facit,</span> <span class='ocrx_word' id='word_1_245' title='bbox 1458 3337 1658 3391; x_wconf 81' lang='lat' dir='ltr'>tamen</span> <span class='ocrx_word' id='word_1_246' title='bbox 1692 3348 1899 3391; x_wconf 90' lang='lat' dir='ltr'>omnes</span> <span class='ocrx_word' id='word_1_247' title='bbox 1936 3328 2064 3390; x_wconf 83' lang='lat' dir='ltr'>fere</span> <span class='ocrx_word' id='word_1_248' title='bbox 2096 3330 2155 3389; x_wconf 89' lang='lat' dir='ltr'>hi</span> <span class='ocrx_word' id='word_1_249' title='bbox 2192 3331 2307 3391; x_wconf 90' lang='lat' dir='ltr'>loci</span> <span class='ocrx_word' id='word_1_250' title='bbox 2337 3330 2412 3390; x_wconf 84' lang='lat' dir='ltr'>sd</span> <span class='ocrx_word' id='word_1_251' title='bbox 2445 3330 2629 3390; x_wconf 91' lang='lat' dir='ltr'>solam</span> <span class='ocrx_word' id='word_1_252' title='bbox 2669 3329 2752 3387; x_wconf 81' lang='lat' dir='ltr'>vi·</span> 
     </span>
     <span class='ocr_line' id='line_1_31' title="bbox 510 3422 2752 3510; baseline -0.001 -18"><span class='ocrx_word' id='word_1_253' title='bbox 510 3436 627 3492; x_wconf 88' lang='lat' dir='ltr'>tam</span> <span class='ocrx_word' id='word_1_254' title='bbox 647 3422 747 3510; x_wconf 79' lang='lat'>⁷⁸),</span> <span class='ocrx_word' id='word_1_255' title='bbox 791 3434 1043 3494; x_wconf 84' lang='lat' dir='ltr'>maxime</span> <span class='ocrx_word' id='word_1_256' title='bbox 1090 3437 1286 3494; x_wconf 90' lang='lat' dir='ltr'>autem</span> <span class='ocrx_word' id='word_1_257' title='bbox 1333 3433 1409 3494; x_wconf 87' lang='lat' dir='ltr'>ad</span> <span class='ocrx_word' id='word_1_258' title='bbox 1460 3434 1734 3494; x_wconf 84' lang='lat' dir='ltr'>eximiam</span> <span class='ocrx_word' id='word_1_259' title='bbox 1781 3432 2121 3494; x_wconf 90' lang='lat' dir='ltr'>memoriam</span> <span class='ocrx_word' id='word_1_260' title='bbox 2141 3430 2217 3506; x_wconf 76' lang='lat'>⁷⁹)</span> <span class='ocrx_word' id='word_1_261' title='bbox 2263 3433 2395 3510; x_wconf 88' lang='lat' dir='ltr'>ejus</span> <span class='ocrx_word' id='word_1_262' title='bbox 2425 3431 2752 3509; x_wconf 81' lang='lat' dir='ltr'>pertinent3</span> 
     </span>
     <span class='ocr_line' id='line_1_32' title="bbox 511 3533 2752 3614; baseline -0 -21"><span class='ocrx_word' id='word_1_263' title='bbox 511 3534 586 3594; x_wconf 88' lang='lat' dir='ltr'>de</span> <span class='ocrx_word' id='word_1_264' title='bbox 630 3535 865 3611; x_wconf 90' lang='lat' dir='ltr'>poetica</span> <span class='ocrx_word' id='word_1_265' title='bbox 909 3553 1056 3595; x_wconf 81' lang='lat' dir='ltr'>vero</span> <span class='ocrx_word' id='word_1_266' title='bbox 1117 3536 1247 3614; x_wconf 87' lang='lat' dir='ltr'>ejus</span> <span class='ocrx_word' id='word_1_267' title='bbox 1309 3536 1597 3597; x_wconf 84' lang='lat' dir='ltr'>facultate</span> <span class='ocrx_word' id='word_1_268' title='bbox 1643 3554 1799 3596; x_wconf 90' lang='lat' dir='ltr'>unus</span> <span class='ocrx_word' id='word_1_269' title='bbox 1845 3539 2039 3596; x_wconf 85' lang='lat' dir='ltr'>exstat</span> <span class='ocrx_word' id='word_1_270' title='bbox 2082 3535 2248 3596; x_wconf 87' lang='lat' dir='ltr'>locus</span> <span class='ocrx_word' id='word_1_271' title='bbox 2300 3533 2381 3608; x_wconf 88' lang='lat' dir='ltr'>(d.</span> <span class='ocrx_word' id='word_1_272' title='bbox 2428 3534 2589 3595; x_wconf 90' lang='lat' dir='ltr'>deor.</span> <span class='ocrx_word' id='word_1_273' title='bbox 2634 3539 2752 3594; x_wconf 88' lang='lat' dir='ltr'>nat.</span> 
     </span>
     <span class='ocr_line' id='line_1_33' title="bbox 516 3635 2753 3716; baseline -0.002 -17"><span class='ocrx_word' id='word_1_274' title='bbox 516 3642 570 3715; x_wconf 89' lang='lat'>1,</span> <span class='ocrx_word' id='word_1_275' title='bbox 602 3635 705 3709; x_wconf 87' lang='lat'>60)</span> <span class='ocrx_word' id='word_1_276' title='bbox 751 3638 921 3715; x_wconf 88' lang='lat' dir='ltr'>isque</span> <span class='ocrx_word' id='word_1_277' title='bbox 979 3642 1098 3697; x_wconf 89' lang='lat' dir='ltr'>tam</span> <span class='ocrx_word' id='word_1_278' title='bbox 1147 3639 1424 3700; x_wconf 86' lang='lat' dir='ltr'>universe</span> <span class='ocrx_word' id='word_1_279' title='bbox 1488 3639 1715 3716; x_wconf 91' lang='lat' dir='ltr'>dictus,</span> <span class='ocrx_word' id='word_1_280' title='bbox 1775 3642 1841 3698; x_wconf 90' lang='lat' dir='ltr'>ut</span> <span class='ocrx_word' id='word_1_281' title='bbox 1900 3638 2120 3699; x_wconf 89' lang='lat' dir='ltr'>nullius</span> <span class='ocrx_word' id='word_1_282' title='bbox 2164 3637 2292 3698; x_wconf 86' lang='lat' dir='ltr'>sere</span> <span class='ocrx_word' id='word_1_283' title='bbox 2337 3638 2413 3698; x_wconf 89' lang='lat' dir='ltr'>sit</span> <span class='ocrx_word' id='word_1_284' title='bbox 2456 3637 2753 3697; x_wconf 90' lang='lat' dir='ltr'>momenti.</span> 
     </span>
     <span class='ocr_line' id='line_1_34' title="bbox 513 3739 2750 3802; baseline -0.002 -1"><span class='ocrx_word' id='word_1_285' title='bbox 513 3740 688 3801; x_wconf 86' lang='lat' dir='ltr'>Cotta</span> <span class='ocrx_word' id='word_1_286' title='bbox 745 3740 899 3799; x_wconf 90' lang='lat' dir='ltr'>enim</span> <span class='ocrx_word' id='word_1_287' title='bbox 1076 3759 1151 3800; x_wconf 84' lang='lat' dir='ltr'>ex</span> <span class='ocrx_word' id='word_1_288' title='bbox 1197 3742 1494 3802; x_wconf 88' lang='lat' dir='ltr'>sententia</span> <span class='ocrx_word' id='word_1_289' title='bbox 1523 3743 1652 3802; x_wconf 90' lang='lat' dir='ltr'>sine</span> <span class='ocrx_word' id='word_1_290' title='bbox 1696 3741 1876 3802; x_wconf 90' lang='lat' dir='ltr'>dubio</span> <span class='ocrx_word' id='word_1_291' title='bbox 1916 3739 2221 3802; x_wconf 85' lang='lat' dir='ltr'>Ciceronis</span> <span class='ocrx_word' id='word_1_292' title='bbox 2262 3770 2349 3781; x_wconf 94' lang='lat'>-—-</span> <span class='ocrx_word' id='word_1_293' title='bbox 2391 3739 2750 3801; x_wconf 83' lang='lat' dir='ltr'>Simonidem</span> 
     </span>
     <span class='ocr_line' id='line_1_35' title="bbox 513 3843 2752 3966; baseline -0.001 -62"><span class='ocrx_word' id='word_1_294' title='bbox 513 3863 633 3904; x_wconf 91' lang='lat' dir='ltr'>non</span> <span class='ocrx_word' id='word_1_295' title='bbox 659 3847 908 3966; x_wconf 85' lang='lat' dir='ltr'>poetam</span> <span class='ocrx_word' id='word_1_296' title='bbox 940 3843 1130 3904; x_wconf 89' lang='lat' dir='ltr'>solum</span> <span class='ocrx_word' id='word_1_297' title='bbox 1163 3860 1428 3923; x_wconf 84' lang='lat' dir='ltr'>suavem,</span> <span class='ocrx_word' id='word_1_298' title='bbox 1454 3863 1665 3906; x_wconf 85' lang='lat' dir='ltr'>verum</span> <span class='ocrx_word' id='word_1_299' title='bbox 1700 3844 1874 3905; x_wconf 89' lang='lat' dir='ltr'>etiam</span> <span class='ocrx_word' id='word_1_300' title='bbox 1909 3844 2216 3922; x_wconf 90' lang='lat' dir='ltr'>ceteroqui</span> <span class='ocrx_word' id='word_1_301' title='bbox 2247 3843 2487 3903; x_wconf 91' lang='lat' dir='ltr'>doctum</span> <span class='ocrx_word' id='word_1_302' title='bbox 2518 3843 2752 3920; x_wconf 88' lang='lat' dir='ltr'>sapien-</span> 
     </span>
    </p>
   </div>
   <div class='ocr_carea' id='block_1_5' title="bbox 511 3961 2754 4332">
    <p class='ocr_par' dir='ltr' id='par_1_7' title="bbox 511 3961 2754 4162">
     <span class='ocr_line' id='line_1_36' title="bbox 683 3961 2754 4077; baseline -0.001 -17"><span class='ocrx_word' id='word_1_303' title='bbox 683 4010 751 4073; x_wconf 88' lang='lat'>⁷⁷)</span> <span class='ocrx_word' id='word_1_304' title='bbox 789 3961 924 4060; x_wconf 80' lang='lat' dir='ltr'>Nam</span> <span class='ocrx_word' id='word_1_305' title='bbox 962 4005 1114 4074; x_wconf 86' lang='lat' dir='ltr'>quod</span> <span class='ocrx_word' id='word_1_306' title='bbox 1151 4003 1306 4061; x_wconf 84' lang='lat' dir='ltr'>Verr.</span> <span class='ocrx_word' id='word_1_307' title='bbox 1346 4009 1392 4074; x_wconf 84' lang='grc'>2,</span> <span class='ocrx_word' id='word_1_308' title='bbox 1429 4011 1477 4075; x_wconf 91' lang='lat'>4,</span> <span class='ocrx_word' id='word_1_309' title='bbox 1521 4010 1614 4060; x_wconf 81' lang='lat'>125</span> <span class='ocrx_word' id='word_1_310' title='bbox 1640 4010 1821 4063; x_wconf 78' lang='lat' dir='ltr'>et126</span> <span class='ocrx_word' id='word_1_311' title='bbox 1858 4006 1928 4061; x_wconf 85' lang='lat' dir='ltr'>de</span> <span class='ocrx_word' id='word_1_312' title='bbox 1963 4011 2150 4061; x_wconf 88' lang='lat' dir='ltr'>statua</span> <span class='ocrx_word' id='word_1_313' title='bbox 2172 4003 2432 4077; x_wconf 83' lang='lat' dir='ltr'>Sapphus</span> <span class='ocrx_word' id='word_1_314' title='bbox 2452 4003 2754 4061; x_wconf 86' lang='lat' dir='ltr'>Silanionis</span> 
     </span>
     <span class='ocr_line' id='line_1_37' title="bbox 511 4089 1514 4162; baseline -0.003 -14"><span class='ocrx_word' id='word_1_315' title='bbox 511 4108 680 4162; x_wconf 86' lang='lat' dir='ltr'>opere</span> <span class='ocrx_word' id='word_1_316' title='bbox 715 4090 888 4147; x_wconf 83' lang='lat' dir='ltr'>verba</span> <span class='ocrx_word' id='word_1_317' title='bbox 921 4089 1072 4160; x_wconf 78' lang='lat' dir='ltr'>facit,</span> <span class='ocrx_word' id='word_1_318' title='bbox 1107 4090 1241 4146; x_wconf 85' lang='lat' dir='ltr'>nihil</span> <span class='ocrx_word' id='word_1_319' title='bbox 1277 4091 1348 4146; x_wconf 93' lang='lat' dir='ltr'>ad</span> <span class='ocrx_word' id='word_1_320' title='bbox 1384 4106 1514 4147; x_wconf 87' lang='lat' dir='ltr'>rem.</span> 
     </span>
    </p>

    <p class='ocr_par' dir='ltr' id='par_1_8' title="bbox 683 4176 2042 4248">
     <span class='ocr_line' id='line_1_38' title="bbox 683 4176 2042 4248; baseline -0.001 -15"><span class='ocrx_word' id='word_1_321' title='bbox 683 4179 751 4247; x_wconf 81' lang='lat'>⁷⁸)</span> <span class='ocrx_word' id='word_1_322' title='bbox 786 4176 853 4233; x_wconf 86' lang='lat' dir='ltr'>cf.</span> <span class='ocrx_word' id='word_1_323' title='bbox 890 4177 943 4232; x_wconf 88' lang='lat' dir='ltr'>d.</span> <span class='ocrx_word' id='word_1_324' title='bbox 978 4192 1094 4246; x_wconf 89' lang='lat' dir='ltr'>rep.</span> <span class='ocrx_word' id='word_1_325' title='bbox 1130 4180 1178 4246; x_wconf 85' lang='lat'>2,</span> <span class='ocrx_word' id='word_1_326' title='bbox 1216 4181 1312 4248; x_wconf 86' lang='grc'>20,</span> <span class='ocrx_word' id='word_1_327' title='bbox 1348 4177 1469 4232; x_wconf 85' lang='lat' dir='ltr'>Cat.</span> <span class='ocrx_word' id='word_1_328' title='bbox 1505 4179 1598 4246; x_wconf 76' lang='lat'>233</span> <span class='ocrx_word' id='word_1_329' title='bbox 1635 4177 1688 4232; x_wconf 88' lang='lat' dir='ltr'>d.</span> <span class='ocrx_word' id='word_1_330' title='bbox 1724 4176 1836 4232; x_wconf 92' lang='lat' dir='ltr'>div.</span> <span class='ocrx_word' id='word_1_331' title='bbox 1882 4182 1923 4246; x_wconf 86' lang='grc'>1,</span> <span class='ocrx_word' id='word_1_332' title='bbox 1960 4181 2042 4232; x_wconf 82' lang='lat'>56.</span> 
     </span>
    </p>

    <p class='ocr_par' dir='ltr' id='par_1_9' title="bbox 682 4259 2247 4332">
     <span class='ocr_line' id='line_1_39' title="bbox 682 4259 2247 4332; baseline -0.001 -15"><span class='ocrx_word' id='word_1_333' title='bbox 682 4265 752 4331; x_wconf 79' lang='lat'>⁷⁹)</span> <span class='ocrx_word' id='word_1_334' title='bbox 786 4259 856 4317; x_wconf 83' lang='lat' dir='ltr'>cf.</span> <span class='ocrx_word' id='word_1_335' title='bbox 894 4262 947 4317; x_wconf 90' lang='lat' dir='ltr'>d.</span> <span class='ocrx_word' id='word_1_336' title='bbox 983 4278 1059 4317; x_wconf 86' lang='lat' dir='ltr'>or.</span> <span class='ocrx_word' id='word_1_337' title='bbox 1099 4265 1145 4331; x_wconf 83' lang='lat'>2,</span> <span class='ocrx_word' id='word_1_338' title='bbox 1182 4266 1448 4332; x_wconf 78' lang='lat'>351—533</span> <span class='ocrx_word' id='word_1_339' title='bbox 1484 4261 1617 4317; x_wconf 83' lang='lat' dir='ltr'>ibid.</span> <span class='ocrx_word' id='word_1_340' title='bbox 1655 4266 1786 4331; x_wconf 76' lang='lat'>3573</span> <span class='ocrx_word' id='word_1_341' title='bbox 1824 4261 1877 4316; x_wconf 83' lang='lat' dir='ltr'>d.</span> <span class='ocrx_word' id='word_1_342' title='bbox 1913 4259 2009 4316; x_wconf 84' lang='lat' dir='ltr'>fin.</span> <span class='ocrx_word' id='word_1_343' title='bbox 2046 4263 2096 4331; x_wconf 81' lang='lat'>2,</span> <span class='ocrx_word' id='word_1_344' title='bbox 2138 4265 2247 4316; x_wconf 81' lang='lat'>104.</span> 
     </span>
    </p>
   </div>
  </div>
 </body>
</html>
