3166 4871
558 226 675 302 162
1543 222 1809 289 zacher

721 408 1088 474 σταδιαὶα
1142 403 1316 493 μάχη
1376 432 1471 490 ap.
1515 414 1640 473 Jos.
1681 412 1740 472 b.
1784 411 1921 473 Jud.
1966 409 2024 489 6,
2056 408 2112 491 2,
2136 408 2194 471 6.
2266 411 2411 472 Luc.
2461 410 2665 471 Parae.
2698 404 2795 469 40.

535 517 697 579 Poll.
735 515 786 596 1,
825 512 961 590 164,
1005 535 1041 576 a
1087 509 1325 575 σταδία
1370 515 1723 575 derivatum.
1768 533 1824 574 v.
1852 514 1889 585 ξ
1922 510 2021 573 69.

719 629 830 697 61.
917 641 1654 715 τεσσαρακοσταῖος
1699 632 2151 711 quadragesimo
2199 634 2295 694 die
2340 633 2522 694 Arist.
2564 614 2795 711 Thphr.

719 755 1183 827 τελευταῖος
1227 756 1364 816 inde
1410 756 1486 815 ab
1531 755 1750 815 Aeseh.
1796 758 1855 815 et
1900 754 2040 813 Hdt.
2127 754 2442 814 Nescimus
2487 758 2687 813 utrum
2720 753 2794 812 ad

546 848 825 938 τελευτή
888 878 963 919 au
1022 858 1100 919 ad
1154 846 1496 916 τελευτάα)
1540 858 1965 917 revocandum.
2050 857 2203 915 Nam
2248 854 2633 925 τελευταῖος
2676 856 2792 932 sig-

550 962 750 1023 uificat
794 954 906 1020 ἐπὶ
948 957 1262 1038 τελευτῆς
1307 945 1423 1036 ῶν,
1468 960 1675 1019 eadem
1723 964 1921 1020 autem
1966 956 2405 1036 significatione
2452 958 2565 1017 dici
2595 962 2795 1036 potest

550 1061 901 1142 τελευτῶν,
944 1082 1076 1122 nam
1112 1052 1451 1121 τελευτάῶ
1498 1063 1597 1121 vel
1640 1062 1833 1121 active
1880 1066 1972 1123 est
2027 1052 2138 1119 ἐπὶ
2183 1049 2503 1138 τελευτήν
2548 1078 2613 1117 τι
2659 1052 2793 1117 δια-

548 1156 986 1246 πράττεσθαι,
1033 1166 1129 1225 vel
1172 1166 1414 1241 passive
1461 1156 1572 1223 ἐπὶ
1615 1161 1933 1244 τελευτῆς
1977 1163 2073 1224 vel
2119 1156 2232 1222 ἐπὶ
2276 1159 2553 1238 τελευτῇ
2586 1156 2792 1240 γίγνε-

550 1270 712 1328 σθαι
772 1286 820 1329 s,
881 1257 1083 1340 εἶναι;
1164 1273 1492 1345 notumque
1539 1276 1656 1343 est,
1717 1263 2060 1325 τελευτῶν
2118 1265 2245 1325 fere
2307 1264 2513 1325 eadem
2573 1263 2793 1341 signifi-

549 1372 782 1432 catione
843 1371 1115 1432 adhiberi
1182 1376 1363 1447 atque
1431 1368 1849 1447 τελευταῖος,
1920 1369 2019 1428 ubi
2090 1386 2198 1429 nos
2267 1366 2469 1427 dicere
2535 1365 2792 1426 solemus

546 1466 872 1552 „zuletzt“‚
916 1492 988 1533 ea
1033 1472 1270 1551 quidem
1314 1474 1671 1549 plerumque
1716 1471 2077 1550 differentia,
2132 1474 2198 1531 ut
2241 1467 2621 1538 τελευταῖος
2667 1459 2792 1548 ἔφη

547 1597 583 1636 a
627 1572 969 1634 τελευτῶν
1029 1565 1155 1654 ἔφη
1217 1574 1453 1635 differat
1511 1580 1576 1633 ut
1629 1560 1856 1653 ἄρχων
1898 1575 1973 1633 ab
2018 1557 2409 1651 ἀρχόμενος,
2473 1572 2702 1650 primus
2759 1591 2795 1631 a

547 1678 820 1755 primum.
920 1678 1150 1737 Tamen
1214 1696 1333 1736 non
1399 1675 1619 1745 desunt
1682 1675 1823 1752 loci,
1890 1675 2107 1753 quibus
2173 1673 2555 1744 τελευταῖος
2620 1674 2792 1750 plane

553 1780 761 1841 eadem
807 1781 866 1839 vi
923 1783 1247 1857 usurpetur
1315 1796 1435 1856 qua
1487 1778 1636 1837 alias
1680 1775 2050 1857 τελευτῶν,
2111 1773 2681 1855 ut'rhue.11‚42‚
2723 1773 2794 1835 2·

551 1876 742 1941 δοκεῖ
799 1874 872 1941 δέ
921 1898 1036 1959 μοι
1096 1876 1350 1960 δηλοῦν
1410 1864 1655 1958 ἀνδρὸς
1715 1864 1961 1959 αρετὴν
2021 1870 2257 1960 πρώτη
2280 1897 2404 1958 μεν
2447 1867 2795 1959 μηνύουσα

547 1978 659 2042 καὶ
720 1977 1074 2043 τελευταία
1135 1980 1495 2058 βεβαιοῦσα
1553 1969 1595 2060 ἡ
1659 1980 1788 2040 νῦν
1858 1977 2072 2041 τῶνδε
2147 1970 2598 2060 καταστροφή.
2709 1979 2793 2043 cf.

549 2087 789 2148 Classen
825 2086 900 2146 ad
933 2086 968 2146 1.
1028 2085 1360 2163 Praecipue
1392 2089 1588 2146 autem
1624 2090 1898 2144 neutrum
1932 2074 2018 2143 τὸ
2063 2082 2537 2143 τελευταῖον
2583 2083 2791 2145 eadem

547 2190 605 2248 vi
637 2190 828 2250 utitur
855 2195 1039 2267 atque
1070 2185 1423 2247 τελευτῶν.
1468 2219 1550 2228 -
1596 2185 2273 2266 παρατελευταῖος
2321 2188 2458 2247 Ath.
2487 2217 2575 2226 -—
2609 2203 2792 2264 προ-

545 2290 1011 2361 τελευταῖος
1055 2291 1180 2352 Ser.
1226 2277 1372 2352 ecel.

716 2416 1185 2489 τεταρταῖος
1230 2416 1444 2489 quarto
1491 2410 1589 2471 die
1634 2410 1786 2470 Plat,
1829 2410 1960 2471 Pol.
2004 2410 2081 2471 al.

717 2536 1096 2611 τεφραῑος
1141 2532 1413 2592 cinereus
1459 2531 1588 2590 Ael.

715 2656 1283 2731 τριακοσταῖος
1325 2650 1573 2727 triginta
1617 2650 1743 2710 dies
1789 2656 1963 2712 natus
2009 2650 2330 2727 Phylareh.

715 2775 1078 2850 τριταῖος
1155 2771 1334 2830 tertio
1397 2769 1492 2830 die
1552 2770 1723 2830 Pind.
1783 2772 1926 2831 Eur.
1985 2770 2128 2830 Hdt.
2181 2771 2349 2831 Pron.
2394 2773 2498 2830 att.
2542 2805 2627 2815 -
2670 2774 2793 2832 tres

546 2873 671 2934 dies
716 2880 895 2933 natus
941 2872 1044 2933 Ar.
1079 2872 1258 2932 Arist.
1302 2871 1485 2931 Ther.
1533 2901 1614 2912 —
1661 2872 1842 2950 Apud
1888 2872 2232 2951 Euripidem
2275 2873 2369 2933 his
2409 2891 2521 2951 pro
2564 2868 2793 2953 τρίτος

545 2979 666 3036 est:
722 2975 866 3035 Hee.
912 2970 992 3033 32
1038 2979 1345 3054 τριταῖον
1387 2960 1515 3054 ἤδη
1563 2969 1805 3054 φέγγος
1848 2963 2334 3052 αἰωρούμενος,
2392 2976 2636 3054 Hippol.
2667 2972 2788 3032 275

521 3073 691 3168 ’.πῶς
735 3061 795 3135 δ’
838 3093 953 3151 ου,
1012 3070 1318 3155 τριταίαν
1371 3089 1498 3135 ουσ
1580 3063 1806 3147 ἄσιτος
1849 3064 2115 3155 ημέραν.
2207 3076 2391 3138 Vides
2429 3078 2789 3138 locutionem

543 3180 832 3256 tragicam
879 3197 1039 3257 esse,
1098 3180 1402 3256 epitheton
1449 3180 1525 3239 ab
1581 3179 1819 3239 homine
1873 3179 1932 3237 in
1979 3180 2173 3257 ipsum
2218 3178 2373 3239 diem
2418 3180 2791 3257 translatum,

544 3301 652 3358 pro
728 3289 1028 3360 τριταῖος
1100 3269 1587 3360 αἰωρούμενος,
1661 3286 1926 3361 τριταῖα
1997 3267 2225 3352 ἄσιτος
2291 3261 2475 3340 οὖσα.
2554 3282 2791 3397 ‘Itaque

543 3384 717 3443 etiam
765 3383 880 3444 hoe
924 3401 964 3444 a
1016 3378 1209 3463 τρίτη
1255 3381 1362 3457 (se.
1407 3371 1644 3463 ἡμέρα)
1690 3382 2026 3444 derivatum
2071 3388 2176 3444 est.
2262 3383 2381 3445 Sed
2426 3370 2583 3463 01:53
2626 3399 2788 3461 προ-

540 3480 794 3564 τεραία,
839 3472 881 3563 ἡ
927 3472 1273 3564 ὑστεραία,
1332 3503 1444 3564 pro
1487 3480 1816 3564 προτέρα,
1859 3472 2121 3564 ὑστέρα.
2167 3515 2250 3525 -
2294 3472 2790 3564 ἡμιτριταῖος

543 3587 725 3646 febris
768 3588 1173 3648 semitertiaua
1215 3588 1504 3665 Hippocr-

709 3696 1110 3790 τροπαῖον
1157 3690 1603 3750 usitatissimum
1637 3656 1795 3767 apud
1826 3690 2081 3767 Atticos,
2122 3708 2161 3748 a
2187 3679 2406 3769 τροπή
2438 3689 2790 3767 derivatum,

541 3811 722 3869 quum
784 3792 1081 3870 significet
1136 3781 1215 3851 τὸ
1261 3784 1372 3852 ἐπὶ
1416 3790 1497 3869 τῇ
1541 3789 1684 3850 τῶν
1727 3786 2076 3869 πολεμίων
2116 3789 2336 3870 τροπῇ
2379 3785 2663 3882 σταθέν,
2724 3797 2790 3851 ut

541 3896 624 3953 ait
665 3894 1056 3971 Thucydides
1088 3891 1144 3972 2,
1177 3891 1289 3954 92:
1336 3885 1626 3974 ἔστησαν
1671 3888 1741 3953 δὲ
1785 3888 1897 3952 καὶ
1943 3886 2009 3952 οἱ
2051 3875 2609 3972 Πελοποννήσιοι
2636 3907 2788 3972 τρο-

537 4002 767 4070 παῖον,
814 3984 905 4066 ὡς
947 3986 1392 4076 νενικηκότες,
1437 3993 1561 4074 τῆς
1603 3992 1879 4075 τροπῆς,
1925 3981 2002 4066 ἃς
2045 3985 2217 4075 πρὸς
2260 3993 2339 4073 τῇ
2385 3993 2465 4074 γῇ
2504 3992 2670 4065 ναῦς
2701 3988 2787 4052 δι-

540 4092 895 4176 έφθειραν,
955 4093 1071 4157 καὶ
1132 4084 1347 4178 ἥνπερ
1404 4090 1653 4171 ἔλαβον
1698 4095 1903 4170 ναῦν,
1962 4082 2299 4157 ἀνέθεσαν
2340 4090 2452 4157 ἐπὶ
2495 4087 2577 4155 τὸ
2612 4085 2789 4155 Ῥίον

536 4189 722 4280 παρὰ
768 4189 849 4258 τό
896 4207 1242 4277 τροπαῖον.
1335 4200 1450 4261 Sed
1501 4201 1573 4260 ef.
1621 4219 1666 4260 s,
1697 4220 1750 4259 v.
1797 4207 2137 4280 τροπαῖος.
