3166 4871
502 305 629 367 262

503 480 585 538 ita
644 485 708 540 ut
765 483 954 558 possit
1007 484 1257 557 cogitari
1322 484 1395 544 ab
1460 504 1530 544 eo
1583 485 1925 544 Ciceronem
1988 486 2135 544 haee
2196 486 2379 544 verba
2441 503 2571 544 csse
2622 503 2745 543 mu·

503 581 850 659 tantumn),
894 584 1111 645 altera:

1032 699 1183 782 δίχα
1229 721 1348 783 μοι
1395 690 1554 776 νόος
1599 689 1946 782 ἀτρέκειαν
1992 697 2206 764 εἰπεῖν

504 820 941 899 quodammodo
987 826 1321 885 sententiae
1378 844 1521 903 prae
1568 843 1634 886 sc
1679 825 1798 886 fert
1839 826 2130 903 speciem3
2187 824 2488 885 secundus
2547 829 2742 885 autem

506 926 673 985 locus
718 926 817 999 (ad
865 927 987 987 Att.
1022 932 1118 1005 12,
1149 932 1204 998 5,
1241 925 1300 1000 1)

1097 1032 1470 1126 Ἄμπνευμα
1515 1037 1761 1126 σεμνὸν
1805 1031 2123 1123 Ἀλφειοῦ,

507 1185 640 1225 cum
688 1167 766 1226 sit
810 1168 1037 1227 initium
1086 1169 1256 1244 primi
1287 1169 1720 1228 Nemeacorum
1771 1167 2092 1227 carminum
2139 1165 2395 1228 fortasse
2441 1168 2497 1226 in
2546 1165 2747 1242 aliquo

506 1287 578 1328 ex
625 1267 698 1327 iis
745 1269 911 1329 libris
942 1269 1189 1331 Graccis
1236 1276 1365 1333 erat
1398 1274 1779 1340 memoratus,
1817 1270 2036 1347 quibus
2081 1269 2157 1329 ad
2207 1270 2533 1329 litterarum
2568 1268 2747 1328 Grac·

508 1389 708 1430 carum
743 1371 1046 1432 scientiam
1095 1373 1569 1450 amplificandam
1605 1374 1812 1435 Cicero
1845 1390 1992 1431 usus
2037 1389 2167 1433 csse
2198 1372 2441 1432 videtur
2486 1371 2745 1447 denique

506 1473 784 1551 Cobetus,
828 1493 953 1534 var.
983 1475 1139 1536 lectt
1172 1495 1230 1552 p.
1261 1480 1384 1537 476
1418 1475 1511 1537 ed.
1545 1477 1616 1535 11.
1662 1480 1823 1536 recte
1857 1475 2077 1535 vidisse
2109 1474 2247 1534 mihi
2295 1474 2533 1533 videtur
2563 1474 2749 1532 verba

506 1575 592 1634 sic
638 1575 856 1635 tradita
900 1576 1001 1651 (ad
1049 1580 1170 1638 Att.
1214 1582 1310 1655 10,
1343 1583 1439 1648 10,
1472 1575 1562 1649 3);

1292 1687 1415 1757 σὺν
1461 1694 1608 1777 θεῷ
1652 1715 1755 1756 τοι
1807 1691 1978 1777 λέγω

506 1797 786 1859 facillima
832 1800 1180 1878 conjectura
1225 1800 1510 1861 mutanda
1555 1818 1687 1860 esse
1736 1800 1791 1860 in

1293 1909 1484 1992 σύνες
1530 1906 1569 1979 ἵ
1616 1936 1721 1979 τοι
1768 1913 1959 1998 λέγω.

498 2034 658 2097 'Sunt
701 2042 899 2099 antem
951 2040 1099 2100 llaec
1145 2040 1326 2101 verba
1370 2039 1618 2100 Pindari
1665 2038 1763 2113 (fr.
1793 2042 1874 2101 82
1922 2036 2166 2117 Bergk),
2211 2044 2274 2098 at
2318 2039 2577 2099 Cobctus
2623 2056 2746 2098 rec·

505 2139 732 2199 tissime
783 2141 1023 2219 judicat
1068 2142 1413 2203 Ciceronem
1476 2162 1548 2202 ea
1608 2161 1728 2202 non
1775 2159 1848 2201 ex
1894 2140 2075 2219 thns
2120 2141 2310 2218 ipsius
2369 2139 2750 2216 carminibus,

508 2240 612 2301 sed
646 2261 718 2301 cx
750 2243 1022 2305 Platonis
1051 2244 1332 2306 Phaedro
1364 2245 1447 2323 (p.
1480 2248 1600 2306 236
1626 2240 1701 2319 D)
1733 2244 2084 2321 sumpsisse,
2132 2244 2368 2304 minime
2400 2244 2583 2320 igitur
2614 2260 2745 2319 pro·

508 2344 651 2403 bant
702 2345 864 2406 illum
927 2348 1077 2408 haec
1136 2350 1399 2408 carmina
1456 2346 1710 2425 legendo
1768 2350 2078 2408 tractasse.
2192 2346 2282 2406 Ae
2344 2345 2471 2406 sine
2546 2345 2749 2421 dubio,

508 2448 788 2524 quoniam
869 2468 1121 2528 magnus
1196 2453 1252 2511 in
1335 2450 1579 2511 Pindari
1658 2450 2021 2511 carminibus
2090 2451 2245 2510 inest
2319 2449 2746 2510 sententiarum

508 2568 810 2630 numerus,
855 2551 1063 2612 harum
1098 2554 1523 2632 compluribus,
1573 2554 1622 2613 si
1668 2571 1771 2613 eas
1802 2553 1947 2614 satis
1991 2553 2261 2629 cognitas
2304 2551 2626 2623 habuisset,
2671 2550 2748 2610 ad

505 2652 888 2714 illustrandas
949 2656 1260 2733 opiniones
1319 2675 1457 2716 suas
1518 2674 1662 2716 usus
1707 2659 1880 2716 esset.
1968 2657 2150 2717 Recte
2210 2660 2436 2732 autem,
2494 2654 2541 2715 si
2603 2652 2749 2729 qnid

508 2754 704 2834 video,
749 2755 1046 2818 affirmare
1093 2758 1232 2818 licet
1261 2757 1549 2830 Ciceroni,
1596 2763 1664 2818 ut
1708 2762 1838 2818 erat
1876 2759 2198 2835 Romanae,
2243 2757 2585 2818 universum
2618 2756 2751 2815 Pin·

509 2857 639 2918 dari
688 2857 922 2920 dicendi
969 2878 1161 2939 genus
1206 2880 1323 2922 non
1356 2861 1534 2922 valde
1577 2879 1713 2922 esse
1758 2861 2105 2939 probatum:
2149 2861 2400 2938 praebet
2444 2859 2597 2918 enim
2631 2876 2750 2917 non

508 2961 696 3021 solum
745 2961 872 3023 sere
919 2963 1152 3023 nimiam
1186 2964 1506 3025 verborum
1555 2963 1975 3042 granditatem,
2020 2962 2123 3024 sed
2177 2964 2351 3024 etiam
2383 2979 2630 3038 magnas
2672 2958 2746 3019 ad

509 3064 977 3143 intellegendum
1024 3065 1421 3127 difficultates.

681 3182 985 3264 Sequitur,
1029 3191 1096 3247 nt
1140 3186 1441 3263 proferam
1489 3204 1795 3266 perpauca
1840 3185 1954 3264 illa,
2006 3202 2162 3262 quae
2206 3173 2282 3245 de
2326 3184 2540 3244 ceteris
2569 3181 2749 3242 Grac·

510 3304 715 3346 corum
761 3287 964 3365 lyricis
1008 3291 1201 3365 poetis
1249 3289 1411 3367 apud
1452 3289 1798 3351 Ciceronem
1847 3291 2104 3348 exstant.
2189 3286 2281 3347 Ac
2324 3285 2575 3364 primum
2624 3284 2748 3362 qui·

512 3388 645 3449 dem
704 3389 1113 3466 quaerendum
1162 3396 1270 3469 est,
1333 3410 1472 3452 num
1536 3390 1682 3469 quid
1744 3392 1890 3450 certi
1937 3393 2227 3466 appareat
2271 3407 2343 3448 ex
2407 3387 2498 3447 his
2552 3387 2751 3446 verbis

511 3489 715 3564 (Tusc.
744 3495 802 3564 4,
834 3491 968 3565 71):
1014 3494 1199 3567 „Quid
1234 3493 1494 3571 deniqne
1525 3493 1798 3554 homines
1829 3491 2159 3553 doctissimi
2190 3496 2251 3551 et
2297 3489 2509 3549 summi
2537 3493 2752 3566 poetae

512 3592 589 3654 de
633 3611 698 3654 se
740 3595 885 3672 ipsis
927 3599 988 3656 et
1031 3596 1395 3656 carminibus
1438 3596 1627 3657 edunt
1670 3600 1731 3656 et
1775 3594 2095 3655 cantibus?
2154 3593 2355 3654 Fortis
2398 3590 2493 3651 vir
2538 3592 2597 3651 in
2641 3608 2753 3650 sua

510 3695 817 3773 republica
883 3698 1160 3776 cognitus
1218 3716 1372 3775 quae
1435 3699 1510 3759 de
1580 3698 1873 3775 Juvenum
1935 3714 2138 3756 amore
2199 3693 2401 3755 scribit
2461 3693 2751 3753 Alcaeus!

511 3816 647 3858 nam
680 3799 1077 3861 Anacreontis
1121 3799 1361 3879 quidem
1394 3804 1521 3861 tota
1564 3800 1766 3878 poesis
1798 3805 1890 3860 est
1931 3799 2243 3868 amatoria3
2288 3813 2563 3857 maxume
2606 3811 2750 3854 vero

682 4050 751 4114 ⁷⁴)
785 4049 871 4103 Ex
905 4049 1104 4105 iisdem
1141 4050 1297 4105 libris
1321 4048 1571 4104 Platonis
1607 4049 1772 4104 etiam
1807 4047 1946 4103 alios
1983 4047 2132 4102 locos
2170 4044 2476 4115 sumpsisse
2511 4042 2752 4098 videtur.

513 4131 862 4200 Confer-atur,
898 4135 947 4189 si
984 4135 1146 4204 libet,
1196 4137 1350 4190 locus
1387 4150 1556 4204 snpra
1592 4134 1853 4189 laudatus
1891 4133 1946 4187 d.
1981 4148 2099 4202 rep.
2136 4135 2183 4199 2,
2224 4136 2250 4185 7
2287 4134 2368 4199 (p.
2404 4133 2500 4184 36⁴
2514 4129 2591 4195 D)
2627 4143 2750 4183 cum

511 4233 598 4286 ep.
646 4219 717 4273 ad
761 4217 888 4274 fam.
937 4226 985 4288 6,
1035 4226 1111 4285 18,
1161 4226 1189 4274 5
1238 4225 1296 4275 et
1340 4220 1595 4292 ejusdem
1647 4219 1835 4289 operis
1873 4224 1922 4288 8,
1963 4222 2019 4273 14
2054 4219 2137 4290 (p.
2163 4221 2260 4272 563
2277 4217 2350 4285 O)
2394 4230 2519 4269 eum
2556 4228 2644 4285 ep.
2681 4211 2753 4268 ad

511 4301 636 4357 Att.
672 4309 721 4374 5,
763 4308 840 4374 11,
877 4310 935 4360 5:
972 4299 1181 4377 οἵαπερ
1217 4299 1250 4376 ἦ
1286 4299 1580 4361 δέσποινα.
