3166 4871
523 258 606 321 98
961 281 974 286 ·
1039 300 1044 309 .
1523 254 1783 311 zacher

528 421 743 512 βοσκὴ
798 432 1010 509 (χιονο
1029 419 1358 511 -βὸσκός),
1416 423 1765 514 ἱστο-δόκη
1792 434 1825 495 ⁰?
1869 422 2217 508 (ἰοδόκος),
2273 421 2447 515 κάκη
2491 422 2766 507 (κακός),

525 521 694 614 ὁλκή
737 524 1239 611 ’(τοξ-ουλκός)
1259 581 1278 609 ,
1350 524 1573 615 πλοκή
1648 522 2042 611 (εὔπλοκος,
2122 523 2764 613 στεφανο-πλόκος),

524 626 794 717 φυλακή
858 627 1243 713 (φύλακος),
1302 624 1661 717 ἁμαρτωλή
1729 625 2203 718 (ἁμαρτωλός),
2271 628 2439 718 βολή
2499 631 2764 718 (ἐλαφη-

525 729 751 814 βόλος,
797 729 1209 817 σύμ-βολος),
1253 730 1466 819 βουλή
1513 733 1979 815 (ἐπί-βουλος),
2028 731 2192 821 λάλη
2237 730 2512 815 (λάλος),
2557 729 2763 819 στολή

522 832 948 916 (ναύ-στολος
966 889 985 917 ,
1056 832 1482 917 ναυ-στόλος)
1500 888 1520 916 ,
1592 833 1903 924 σπατάλη
1974 832 2365 916 (σπαταλός)
2383 889 2403 917 ,
2466 833 2763 922 φειδωλή

521 935 938 1020 (φειδωλός),
982 934 1223 1023 δοκψή
1270 933 1629 1024 (δόκιμος),
1674 936 1983 1026 εἰςδρομή
2031 939 2549 1026 (περί-δρομος),
2596 935 2765 1024 νομή

521 1031 994 1126 ἄστυ-νόμος),
1038 1033 1208 1127 όδμή
1252 1032 1421 1127 όσμή
1468 1033 1850 1127 (εὔ-οσμος),
1908 1038 2062 1130 τιμή
2105 1038 2552 1126 (ξενό-τιμος,
2596 1036 2763 1108 πάν-

521 1149 770 1230 τιμος),
814 1139 986 1229 τομή
1032 1135 1508 1230 (ἄμφι-τόμος,
1553 1142 2041 1231 καρά-τομος),
2087 1142 2255 1231 γονή
2302 1136 2764 1231 (ἀνδρογόνος,

523 1239 893 1333 ὀψίγονος),
940 1248 1090 1334 δίνη
1135 1247 1578 1334 (περί·δινος),
1625 1240 1885 1314 εὔθυνα
1928 1241 2289 1329 (εὔθυνος),
2335 1249 2540 1335 θοίνη
2556 1242 2764 1327 ἱ(σύν--

521 1354 806 1431 θοινος),
850 1347 1024 1436 μονή
1056 1345 1308 1435 (μόνος,
1354 1348 1716 1436 ἔμ-μονος),
1744 1347 1972 1438 πλάνη
2001 1346 2302 1433 (πλάνος,
2342 1347 2764 1429 δύςπλανος),

517 1447 727 1538 ’.ποινή
790 1445 1404 1550 (ὑστςρό-ποινος),
1457 1449 1638 1539 φονή
1686 1443 2248 1538 (ἄνδρο-φόνος),
2308 1448 2505 1538 φωνή
2551 1443 2764 1539 (ηέρό-

521 1560 795 1637 φωνος),
839 1564 1140 1640 permulta
1182 1563 1244 1623 in
1290 1574 1487 1642 -συνη
1533 1566 1593 1622 et
1641 1573 1844 1634 συνος
1887 1567 1952 1624 ut
1981 1551 2331 1642 γηθοσύνη
2363 1551 2763 1643 γηθόσυνος,

521 1654 907 1745 δεσποσύνη
965 1654 1413 1738 δεσπόσυνος,
1472 1655 1859 1746 δουλοσύνη
1914 1653 2359 1738 δουλόσυνος,
2419 1653 2763 1743 ἱπποσύνη

524 1758 938 1840 ἱππόσυνος,
1001 1757 1390 1848 καλλοσύνη
1444 1756 1890 1842 καλλόσυνος,
1958 1757 2309 1849 ἂηδοσύνη
2373 1757 2762 1848 κηδόσυνος,

518 1860 911 1951 μαντοσύνη
979 1860 1402 1949 μα’ντόσυνος
1461 1872 1565 1948 al.;
1640 1869 1859 1932 deinde
1928 1856 2099 1949 ἀκοή
2168 1858 2575 1951 (ἐπ-ήκοος),
2635 1860 2762 1949 βοή

521 1963 734 2049 (βόας,
780 1963 1222 2049 καλλι-βόας),
1266 1962 1473 2053 πνοή,
1519 1957 1832 2053 ἄναπνοή
1878 1958 2356 2048 (ἀντί-πνους),
2400 1960 2525 2053 ῥοή
2570 1955 2764 2051 (ἀψό-

519 2075 781 2156 ρροος),
838 2065 965 2156 χοή
1011 2061 1455 2153 (οἶνο-χόος),
1515 2065 1738 2156 κλοπή
1784 2064 2123 2150 (κλοπός),
2191 2060 2511 2153 ἀποκοπή
2574 2059 2763 2149 (ἀπό-

520 2197 768 2253 κοπος,
831 2168 1318 2260 θυρο-κόπος),
1378 2165 1602 2259 ὄρφνη
1680 2172 1786 2258 (an
1861 2180 2085 2241 rectius
2158 2179 2439 2258 adjectivi
2510 2162 2763 2258 όρφνός

521 2285 868 2345 femininum
890 2283 962 2358 Ρ),
1005 2272 1229 2361 μολπή
1276 2266 1790 2361 (ἅντὶ-μολπος),
1834 2271 2070 2361 πομπή
2116 2270 2442 2360 (πομπάς,
2487 2267 2762 2358 εὔ-πομ-

517 2383 706 2460 πος),
759 2373 939 2465 ῥοπή
987 2379 1259 2466 (παλίρ-
1272 2382 1541 2464 ροπος),
1588 2374 1809 2466 σκοπὴ
1860 2374 2199 2460 (σκοπός),
2253 2374 2475 2465 τροπή
2531 2372 2764 2460 (πολύ-

517 2505 800 2567 τροπος,
846 2472 1320 2568 α’πό-τροπος),
1366 2476 1544 2568 τυπὴ
1587 2477 1858 2562 (τύπος,
1905 2476 2311 2562 ἇλί-τυπος),
2355 2474 2525 2568 ἄγρα
2569 2475 2764 2562 (πάν-

520 2588 774 2670 αγρος),
818 2579 991 2669 βορά
1034 2579 1288 2671 (βορός,
1336 2578 1773 2671 γυιο-βόρος),
1820 2579 1989 2670 δορά
2032 2579 2470 2670 (βου-δόρος),
2516 2579 2763 2669 ἑσπέρα

518 2684 885 2772 (ἕσπερος),
951 2683 1165 2773 ἔχθρα
1224 2681 1553 2772 (ἐχθρός),
1619 2687 1836 2773 λέπρα
1895 2681 2228 2772 (λεπρός),
2299 2681 2524 2773 σπορά
2580 2678 2761 2770 (ὁμό-

529 2792 837 2874 σπορος),
881 2784 1198 2875 φαλάκρα
1227 2785 1644 2875 (φαλακρός),
1689 2784 1925 2875 φθορά
1963 2780 2540 2876 (ἄνδρο-φθόρος),
2585 2784 2765 2875 φορά

517 2887 799 2977 (φοράς),
845 2886 1113 2976 φρουρά
1158 2886 1529 2976 (φρουρός),
1576 2887 1802 2976 *vizon
1847 2887 2175 2978 (ψυχρός),
2219 2887 2421 2978 ψῶρα
2458 2885 2761 2977 (ψωοός),

517 2986 702 3079 ὤχρα
767 2983 1070 3079 (ὦχρός),
1131 2989 1385 3080 βλάστη
1463 2989 1837 3075 (βλαστός),
1907 2990 2111 3081 ἐγγύη
2185 2991 2508 3079 (ἔγγυος),
2579 2988 2760 3077 βαφή

515 3085 765 3175 (ἄνθο-
738 3090 1058 3178 -βάφος),
1131 3091 1351 3183 γραφή
1412 3097 1679 3180 (δελτο-
1651 3090 2013 3183 -γράφος),
2091 3092 2353 3182 στροᾳή
2424 3091 2762 3181 (στρόφος,

516 3190 809 3285 domem
828 3195 1182 3320 στρόφος)
1229 3195 1448 3286 τροφή
1510 3194 1840 3319 &00⁹³ch
1886 3194 2144 3286 βράγκη
2201 3194 2537 3284 (βραγκός)
2594 3189 2759 3283 ἀρχή

514 3293 799 3387 (ἀσκός)
862 3298 1036 3389 μάχη
1100 3292 1549 3388 (ἄνκέμακος),
1623 3293 1834 3388 devm
1901 3293 2241 3387 (ὄφθαλμ·
2259 3297 2574 3388 ωούκος),
2637 3291 2759 3385 ὄκή

515 3396 749 3488 (ὄχος),
811 3398 951 3489 ζωή
1008 3399 1249 3488 (ζωός).
1338 3408 1545 3484 Quid?
1602 3413 1803 3472 omnia
1858 3411 2006 3471 haec
2063 3411 2368 3471 abstracta
2420 3409 2565 3469 nihil
2618 3413 2762 3469 sunt

512 3513 628 3572 nisi
690 3512 975 3573 feminina
1030 3513 1459 3589 adieetivorum
1517 3533 1673 3590 quae
1750 3514 1960 3575 eadem
2032 3518 2282 3575 utuntur
2346 3505 2576 3574 forma?
2678 3512 2760 3571 At

515 3615 694 3691 longe
740 3614 928 3675 maior
971 3615 1184 3677 horum
1228 3614 1663 3693 adJeetivorum
1709 3634 1852 3694 pars
1913 3634 2031 3677 non
2088 3617 2435 3694 qualitatem
2481 3614 2578 3674 vel
2622 3613 2758 3674 sub-

513 3718 792 3778 stantiam
855 3718 1183 3797 signifieat,
1248 3717 1356 3779 sed
1429 3718 1744 3779 transitiva
1816 3720 2006 3780 utitur
2077 3718 2545 3797 significatione,
2616 3720 2759 3778 sunt

519 3820 760 3881 nomina
802 3823 1053 3899 agentis,
1097 3821 1196 3881 vel
1244 3839 1369 3880 rem
1414 3826 1611 3882 aetam
1657 3820 2023 3899 significant:
2078 3821 2228 3882 haee
2272 3825 2470 3882 antem
2517 3820 2758 3880 nomina

514 3941 590 3984 ne
635 3921 979 3984 Lobeekius
1040 3922 1280 4001 quidem
1339 3922 1730 3984 affirmaverit
1784 3922 2071 3984 feminino
2132 3942 2355 4002 genere
2407 3923 2758 4001 simpliciter

515 4044 627 4104 pro
673 4027 992 4087 abstractis
1039 4025 1244 4087 haberi
1289 4044 1486 4104 posse.
1575 4027 1748 4087 Haeo
1790 4026 1974 4103 igitur
2016 4027 2065 4088 si
2113 4045 2232 4087 non
2286 4029 2569 4105 parentes
2614 4030 2758 4085 sunt

511 4130 946 4191 absh-aetorum
1009 4127 1115 4189 sed
1177 4129 1350 4205 quasi
1412 4128 1661 4207 fratres,
1730 4130 1985 4190 diversis
2054 4129 2282 4191 suffixis
2353 4133 2610 4206 utraque
2680 4127 2754 4188 ab

419 4252 430 4260 ·
511 4231 719 4292 eadem
765 4232 996 4309 origine
1044 4230 1348 4311 derivata,
1410 4231 1619 4309 quidni
1666 4232 1873 4295 eodem
1920 4232 2095 4294 modo
2141 4233 2317 4293 etiam
2363 4250 2496 4292 eum
2541 4231 2756 4293 ceteris
