3166 4871
553 353 635 415 76

1609 525 1744 587 141.

711 630 947 727 Ἑρμῆς
993 630 1317 727 Ἀλκείδης
1363 640 1473 704 καὶ
1521 634 1967 725 ἱμαντόμαχος
2013 633 2446 726 Πολυδεύκης

723 741 789 808 οὶ
831 755 1008 829 τρεῖς
1054 733 1471 853 ἇθλήσαντες
1513 733 1990 809 ἄνακτίσσουσί
2034 760 2123 821 σε,
2172 745 2399 828 Θῆβαι.

1617 930 1745 995 142.

731 1052 879 1135 Τρὶς
921 1044 1209 1134 μάκαρες
1255 1046 1465 1115 κεῖνοι
1510 1051 1626 1114 καὶ
1671 1044 1977 1132 τετράκις
2023 1041 2257 1133 ἄνδρες
2303 1046 2571 1113 ἔσονται

723 1152 792 1217 οἳ
833 1147 1066 1237 Πάγον
1111 1147 1456 1238 οἰκήσουσι
1501 1153 1718 1238 πέρην
1761 1150 1971 1238 ἱεροῖο
2018 1151 2342 1237 Μέλητος.

1608 1341 1742 1405 143.

724 1462 901 1546 Ζῆνα
948 1462 1134 1523 θεῶν
1178 1451 1443 1523 ὕπατον
1487 1459 1601 1523 καὶ
1646 1450 1936 1545 Ἀθηνᾶν
1988 1457 2447 1543 Τριτογένειαν

724 1563 957 1646 τιμᾶτε
1001 1561 1304 1645 βροτέων
1351 1560 1424 1625 ἐν
1469 1556 1719 1645 σώματι
1764 1553 2073 1647 κρυπτὸν
2121 1554 2409 1625 ἄνακτα·

725 1659 807 1728 ὃν
850 1659 1012 1741 Ζεὺς
1057 1663 1469 1746 καρτίσταισι
1518 1676 1750 1748 γοναῖς
1795 1660 2098 1748 ἔσπειρεν
2144 1655 2415 1747 ἀρωγὸν

725 1757 1034 1851 εὐνομίης
1080 1771 1436 1852 θνητοῖσιν
1479 1756 1918 1851 ᾏλέξανδρον
1957 1767 2254 1852 βασιλῆα.

1611 1957 1748 2019 144.

712 2066 784 2140 Ὦ
825 2075 1098 2155 βασιλεῦ
1144 2073 1249 2138 σοὶ
1302 2076 1550 2152 Φοῖβος
1596 2066 1633 2136 ὁ
1675 2072 2065 2160 μηλοκέρως
2110 2062 2444 2157 ἀγορεύω·

725 2175 854 2261 εἴγε
900 2176 1123 2253 θέλεις
1163 2174 1398 2243 αἰῶσιν
1446 2167 1833 2262 ἄγηράτοισι
1878 2167 2157 2259 νεὰζειν,

725 2280 903 2362 κτίζε
952 2274 1160 2344 πόλιν
1202 2279 1587 2364 περίφημον
1632 2272 1801 2364 ὑπὲρ
1849 2278 2209 2364 Πρωτηίδα
2253 2278 2483 2363 νῆσον,

730 2470 873 2546 141)
920 2475 1175 2533 Tzetzes
1219 2472 1360 2531 nhil.
1392 2472 1474 2531 VI
1506 2467 1663 2531 418·

725 2562 909 2634 οὕτω
951 2568 1073 2688 μὲν
1119 2562 1635 2654 κατεσκάφησαν
1677 2569 1777 2653 τῷ
1825 2557 2230 2652 Αλεξάνδρφ
2281 2568 2514 2653 Θῆβαι.

719 2666 1010 2757 χρησμὸς
1053 2681 1195 2747 τοῖς
1239 2670 1659 2754 περιλοίποις
1704 2669 1773 2736 δὲ
1821 2671 2083 2736 δίδοται
2125 2673 2268 2735 τῶν
2319 2671 2634 2755 Θηβαίων

723 2774 878 2857 περὶ
919 2774 1037 2858 τῆς
1084 2764 1168 2837 ἄν
1169 2774 1490 2850 ακτίσεως
1535 2796 1720 2846 ουτω
1765 2764 1912 2838 κατ’
1959 2770 2120 2851 ἔπος
2165 2775 2383 2856 λέγων

726 2877 948 2962 Ερμῆς
990 2878 1135 2940 κτλ.

730 2982 789 3045 1:
834 2968 1281 3102 ιμαντόμαχος
1326 2968 1439 3044 ἅπ.
1483 2976 1599 3061 εἰρ.
1633 2977 1654 3060 ΙΙ
1730 2979 1799 3043 2:
1844 2982 1919 3043 cf.
1963 2981 2028 3042 Il.
2065 2979 2361 3043 vl1453:

1414 3076 1543 3165 ἐγώ
1589 3081 1700 3144 καὶ
1749 3081 2002 3160 Φοῖβος
2054 3070 2392 3146 Ἀπόλλων

726 3175 868 3270 ἥρῳ
909 3145 1329 3268 Λαομέδοντι
1372 3183 1789 3266 πολίσσαμεν
1835 3172 2268 3270 αθλήσαντες.

732 3290 875 3365 142)
936 3294 1113 3352 Paus.
1156 3293 1269 3351 VII
1314 3289 1385 3368 5,
1434 3287 1502 3350 3:
1568 3336 1579 3349 .
1641 3338 1652 3348 .
1713 3337 1724 3348 .
1793 3275 2329 3350 ἀποστέλλουσιν
2401 3283 2467 3363 ἐς
2529 3280 2800 3372 Κλάρον

556 3384 866 3473 θεωροὺς
920 3383 986 3453 οἱ
1032 3391 1409 3471 Σμυρναῖοι
1461 3387 1620 3471 περὶ
1672 3389 1815 3451 τῶν
1865 3378 2232 3471 παρόιτων
2286 3388 2513 3469 σφίσιν
2567 3387 2798 3474 ἐρησο-

552 3489 817 3574 μένους,
863 3490 976 3555 καὶ
1021 3479 1251 3566 αὐτοῖς
1296 3485 1569 3573 ἔχρησεν
1615 3477 1652 3552 ὃ
1702 3485 1862 3565 θεὸς
1913 3489 2062 3575 Τρὶς
2105 3541 2119 3553 .
2171 3541 2183 3554 .

732 3597 798 3659 1:
854 3592 996 3677 τρὶς
1052 3585 1343 3676 μάκαρες
1399 3591 1654 3657 Δαναοὶ
1711 3591 1820 3656 καὶ
1882 3587 2189 3677 τετράκις
2240 3591 2309 3657 οἳ
2363 3581 2507 3658 τότ’
2552 3583 2799 3657 ὄλοντο

556 3700 669 3762 Od.
699 3703 753 3762 V
786 3697 928 3760 306.
960 3695 981 3778 ΙΙ
1057 3692 1265 3777 ἱεροῖο
1311 3693 1617 3778 Μέλητος
1662 3701 1849 3779 epigr.
1893 3701 2048 3761 hom.
2080 3701 2162 3761 IV
2195 3697 2250 3760 7.

734 3801 878 3877 143)
925 3803 1090 3864 soor.
1136 3804 1269 3863 hist.
1316 3801 1462 3862 ecel.
1492 3803 1585 3862 111
1614 3798 1721 3861 23:
1765 3798 1890 3862 τοῦ
1923 3796 1992 3862 δὲ
2023 3788 2446 3863 Μακεδόνων
2474 3796 2802 3875 βασιλέως

556 3901 622 3979 ἐς
691 3892 815 3988 τὴν
885 3890 1100 3966 Ἀσίαν
1174 3898 1647 3978 διαβαίνοντος
1713 3896 1778 3963 οὶ
1854 3889 2327 3982 Ἀμφικτύονες
2398 3890 2803 3984 Ἀλεξάνδρῳ

558 4003 949 4088 ἐχαρίζοντο
995 4001 1107 4067 καὶ
1155 3991 1419 4066 ἀνεῖλεν
1463 3993 1505 4088 ἡ
1551 4001 1784 4065 Πυθία
1825 3992 1986 4066 τάδε
2005 4020 2021 4035 ·
2066 4005 2244 4090 Ζῆνα
2291 4007 2427 4067 κτλ.

727 4109 785 4171 in
832 4129 889 4170 v.
921 4107 985 4170 3:
1032 4094 1361 4190 ἀρίσταισι
1406 4109 1579 4170 codd.
1626 4093 1973 4190 ἀρρήτοισι
2015 4111 2310 4189 Reading.
2342 4105 2365 4188 ΙΙ

733 4211 876 4286 144)
949 4215 1046 4273 Ps.
1119 4212 1388 4274 callisth.
1432 4212 1461 4271 I
1508 4209 1623 4291 30,
1685 4209 1797 4274 33:
1871 4200 1908 4272 ὁ
1984 4198 2240 4292 Ἄμμων
2301 4258 2314 4271 .
2378 4257 2393 4272 .
2460 4207 2634 4291 λέγει
2703 4208 2803 4292 τῷ

553 4300 963 4396 Ἀλεξάνδρῳ
1003 4300 1063 4374 ὦ
1107 4308 1380 4390 βασιλεῦ
1425 4311 1573 4374 κτλ.
