3166 4871
600 341 681 404 88
1606 337 1693 392 Za
1703 336 1863 392 eher

598 515 799 576 verbis
855 516 914 575 in
976 532 1077 573 αω
1137 532 1266 573 αιω
1326 512 1465 589 αζω
1511 526 1703 573 ασκω
1759 516 1886 574 sim.
1947 515 2236 593 originem
2297 514 2620 574 duxerunt„
2704 514 2850 573 Non·

597 635 834 695 semper
877 619 1038 678 clare
1081 621 1367 696 apparet,
1425 618 1517 677 eui
1573 636 1651 677 ex
1708 618 1799 677 his
1846 617 2137 680 elassibus
2186 618 2538 677 voeabulum
2596 615 2840 692 aliquod

601 719 1062 782 adscribendum
1094 721 1189 798 sit,
1218 738 1404 797 quum
1436 738 1653 796 magna
1684 720 2101 780 adverbiorum
2134 719 2578 796 verborumque
2608 718 2841 778 illorum

597 841 741 899 pars
786 824 916 900 ipsa
957 841 1068 899 pro
1113 823 1502 882 fundamento
1549 823 1772 882 habeat
1831 822 2267 884 substantivum
2313 823 2540 900 primae
2585 820 2842 881 deelina-

596 925 793 1000 tionis,
837 932 904 985 ut
945 942 1126 1003 saepe
1170 924 1510 1000 ambiguum
1555 925 1637 983 sit
1682 928 1881 984 utrum
1928 942 2002 983 ex
2047 923 2150 984 illo
2194 924 2327 1002 ipso
2374 924 2612 984 nomine
2642 927 2840 1001 proto-

599 1035 743 1105 typo
791 1046 868 1086 an
912 1045 988 1086 ex
1033 1026 1319 1087 adverbio
1367 1027 1464 1086 vel
1509 1027 1695 1086 verbo
1741 1027 1907 1086 illino
1952 1025 2207 1087 oriundo
2256 1026 2503 1086 ductum
2548 1026 2625 1085 sit
2668 1044 2840 1086 voea-

599 1130 806 1189 bulum
852 1131 913 1189 in
959 1145 1104 1198 αιος
1133 1128 1429 1189 desinens.
1520 1128 1655 1203 Qua
1700 1128 1773 1188 de
1818 1128 2171 1205 quaestione
2216 1129 2276 1188 iu
2308 1129 2561 1206 singulis
2589 1127 2843 1189 vocibus

597 1232 923 1291 tractandis
968 1249 1232 1309 agemus.
2836 1303 2839 1306 Α

768 1335 884 1394 Sed
930 1335 1280 1412 priusquam
1326 1332 1627 1415 voeabula
1671 1335 1805 1410 ipsa
1834 1351 2250 1393 enumeremus
2281 1338 2342 1393 et
2368 1350 2843 1410 pereenseamus,

600 1437 981 1497 retractanda
1058 1441 1151 1497 est
1222 1437 1526 1515 quaestio,
1606 1454 1783 1512 quam
1844 1429 2188 1498 Lobeekius
2266 1435 2404 1495 olim
2469 1435 2722 1494 instituit
2781 1435 2839 1493 in

600 1535 1095 1616 Paralipomenon
1142 1538 1564 1600 dissertatione
1614 1539 1853 1615 quinta,

1325 1725 1426 1783 De
1470 1738 1815 1794 paragoge
1859 1723 2107 1781 ionica.

768 1840 881 1907 29.
970 1848 1061 1906 De
1122 1863 1188 1905 re
1252 1846 1384 1922 ipsa
1448 1846 1552 1904 vix
1619 1848 1711 1905 est
1774 1844 1939 1930 quod
2004 1845 2191 1905 verba
2253 1845 2559 1904 faciamus.
2665 1844 2838 1904 Haud

600 1967 796 2026 pauca
839 1950 1229 2025 reperiuntur
1271 1947 1563 2009 voeabula
1607 1948 1668 2006 in
1724 1964 1870 2018 αια,
1931 1966 2089 2023 quae
2147 1948 2222 2007 ab
2283 1947 2413 2006 aliis
2465 1946 2527 2005 in
2572 1964 2613 2026 η
2656 1947 2751 2005 vel
2796 1964 2841 2004 α

608 2050 1019 2111 desinentibus
1061 2051 1230 2110 nulla
1271 2050 1390 2110 alia
1435 2068 1501 2109 re
1545 2050 1826 2109 videntur
1870 2047 2132 2127 differre,
2174 2067 2352 2127 quam
2397 2048 2510 2108 hae
2552 2049 2685 2127 ipsa
2726 2054 2842 2109 ter·

601 2153 940 2231 minatione,
983 2152 1322 2231 significatu
1366 2155 1564 2212 autem
1613 2152 1795 2229 plane
1840 2169 2195 2229 congruere,
2238 2157 2306 2211 ut
2350 2135 2611 2230 ἀνάγκη
2642 2135 2841 2229 ἄναγ-

603 2249 782 2327 καία,
827 2243 1071 2333 σελήνη
1118 2248 1434 2333 σεληναίη
1477 2255 1555 2313 al.
1644 2253 1776 2328 Qua
1821 2253 1897 2313 de
1941 2271 2007 2313 re
2053 2254 2197 2330 quid
2248 2253 2605 2314 tradiderint
2648 2272 2843 2330 gram·

602 2357 815 2435 matioi,
859 2356 1067 2416 videas
1109 2356 1269 2433 apud
1313 2354 1682 2434 Lobeekium
1727 2375 1785 2432 p.
1815 2351 1937 2412 297
1984 2373 2108 2433 sq.,
2149 2339 2292 2417 mihi
2337 2374 2521 2417 unum
2568 2356 2841 2415 attulisse

607 2460 866 2519 sufficiat
906 2458 1206 2536 Apollonii
1250 2458 1476 2536 locum,
1534 2459 1639 2536 qui
1698 2458 1845 2536 quid
1902 2459 1986 2519 illi
2042 2460 2344 2519 senserint
2401 2460 2615 2520 ceteris
2658 2460 2841 2520 mani·

602 2562 814 2622 festius
870 2562 1094 2622 indicat
1151 2560 1227 2622 de
1273 2561 1411 2622 adv.
1455 2580 1513 2639 p.
1545 2556 1705 2637 598,
1770 2558 1881 2620 18:
1940 2555 2055 2620 καὶ
2111 2547 2217 2620 ἐπ’
2274 2546 2632 2639 ὀνομάτων
2693 2545 2842 2620 ἔσθ’

598 2648 712 2724 ὅτε
773 2656 1169 2742 παραγωγαὶ
1229 2656 1533 2742 γίνονται
1596 2651 1772 2722 κατὰ
1833 2659 1976 2721 τῶν
2038 2646 2267 2721 αὐτῶν
2332 2656 2843 2743 σημαινομένων

599 2752 691 2835 ὡς
734 2754 815 2825 τὸ
860 2749 1184 2844 ἀναγκαίη
1231 2758 1345 2824 καὶ
1389 2753 1470 2824 τὸ
1517 2749 1782 2835 εὐναίας
1826 2754 2175 2838 ἐβάλοντο.
2266 2766 2555 2842 Exempla
2582 2782 2620 2823 a
2647 2784 2841 2843 gram-

602 2867 835 2928 maticis
894 2868 1225 2927 afferuntur
1279 2866 1456 2929 haee:
1498 2850 1855 2947 Ἀθηναία,
1914 2851 2188 2941 ἀκταία,
2249 2851 2520 2941 ἀλκαία,
2583 2853 2845 2945 ἁλμαία,

598 2956 921 3049 ἁμαξαία,
991 2952 1359 3049 ἀναγκαία,
1435 2952 1710 3049 ἀρχαία,
1789 2952 2072 3043 αὐλαία,
2146 2962 2506 3049 γαληναία,
2578 2962 2843 3049 γυραία,

600 3066 897 3146 δειλαία,
958 3065 1218 3145 δικαία,
1279 3065 1638 3152 δραχμαία,
1693 3054 2103 3144 ἄπευκταία,
2160 3054 2425 3145 saivala,
2482 3065 2844 3150 καλαμαία,

598 3169 862 3255 κεραία,
907 3168 1211 3252 λιμναία,
1253 3168 1645 3252 μελισσαία,
1692 3158 1963 3254 οὐραία,
2007 3166 2282 3253 περαία,
2333 3167 2844 3252 περικεφαλαία,

598 3270 1017 3354 προνομαία,
1071 3270 1366 3349 πυλαία,
1419 3270 1774 3357 σεληναία,
1819 3262 2054 3354 ὡραία.
2144 3277 2311 3337 Inter
2355 3293 2510 3352 quae
2555 3275 2846 3336 nonnulla

598 3377 747 3438 falso
794 3379 1131 3438 enumerari
1175 3379 1489 3456 apparebit
1527 3376 1621 3451 (ut
1649 3365 1915 3452 ἄλκαία,
1959 3361 2225 3451 αὐλαία,
2266 3371 2622 3455 καλαμαία,
2664 3393 2843 3456 περι·

600 3472 956 3553 κεφαλαία,
998 3474 1405 3558 προνομαία,
1446 3473 1758 3552 arvi-alah
1802 3479 1912 3540 sed
1955 3480 2145 3539 multa
2188 3480 2367 3540 etiam
2396 3478 2542 3540 addi
2567 3484 2844 3558 possunt,

597 3574 1005 3653 σπαθιναία,
1049 3574 1404 3661 γαστραία,
1447 3567 1704 3659 ἡλιαία,
1746 3575 2055 3655 λευκαία,
2097 3575 2478 3661 μελαιναίη,
2533 3565 2844 3661 ὀρφναίη,

592 3675 913 3755 πυκναία,
956 3671 1269 3762 ῥομφαία.

773 3783 868 3844 Ab
899 3784 993 3845 his
1023 3785 1206 3862 igitur
1236 3785 1525 3863 exemplis
1553 3802 1730 3845 orsus
1755 3784 2162 3863 quaestionem
2192 3775 2535 3862 Lobeekius
2572 3785 2847 3862 instituit,

595 3887 768 3947 euius
823 3887 974 3947 haee
1033 3891 1127 3948 est
1184 3905 1445 3948 summa:
1501 3888 1702 3948 omnia
1757 3887 1863 3948 illa
1917 3887 2212 3949 voeabula
2253 3888 2313 3949 in
2373 3904 2485 3947 αια
2528 3906 2650 3948 non
2708 3904 2841 3947 esse

594 4007 744 4049 vera
785 3988 1182 4067 substantiva,
1225 3989 1332 4050 sed
1374 3988 1672 4068 adjectiva
1699 4009 1736 4050 a
1766 3990 2157 4051 substantivis
2186 3990 2525 4068 prototypis
2554 3987 2846 4067 derivata,

595 4110 755 4169 quae
819 4110 952 4153 eam
1012 4092 1202 4168 ipsam
1265 4093 1340 4152 ob
1404 4110 1646 4153 eausam
1710 4080 1886 4154 etiam
1952 4092 2387 4170 significatione
2447 4092 2585 4169 plus
2644 4093 2845 4151 minus

597 4194 672 4254 ab
716 4194 836 4254 illis
882 4193 1242 4273 discrepent.
1331 4195 1502 4270 Quae
1544 4197 1597 4256 si
1643 4194 2024 4257 substantiva
2065 4196 2306 4256 notione
2347 4198 2735 4272 usurpentur,
2750 4193 2841 4253 —id

591 4295 678 4355 ita
737 4296 963 4357 factum
1026 4315 1191 4376 esse,
1252 4301 1322 4357 ut
1379 4297 1679 4376 adjectivo
1743 4297 1907 4358 nudo
1968 4299 2165 4376 posito
2224 4296 2653 4359 subaudiretur
2710 4296 2843 4356 ani-
