<?xml version="1.0" encoding="UTF-8"?>
<!DOCTYPE html PUBLIC "-//W3C//DTD XHTML 1.0 Transitional//EN"
    "http://www.w3.org/TR/xhtml1/DTD/xhtml1-transitional.dtd">
<html xmlns="http://www.w3.org/1999/xhtml" xml:lang="en" lang="en">
 <head>
  <title>
</title>
<meta http-equiv="Content-Type" content="text/html;charset=utf-8" />
  <meta name='ocr-system' content='tesseract 3.04.00' />
  <meta name='ocr-capabilities' content='ocr_page ocr_carea ocr_par ocr_line ocrx_word'/>
</head>
<body>
  <div class='ocr_page' id='page_1' title='image "./dissertationesp00hallgoog_0387.png"; bbox 0 0 3166 4871; ppageno 0'>
   <div class='ocr_carea' id='block_1_1' title="bbox 2492 325 2573 387">
    <p class='ocr_par' dir='ltr' id='par_1_1' title="bbox 2492 325 2573 387">
     <span class='ocr_line' id='line_1_1' title="bbox 2492 325 2573 387; baseline -0.025 0"><span class='ocrx_word' id='word_1_1' title='bbox 2492 325 2573 387; x_wconf 80' lang='lat'><strong><em>35</em></strong></span> 
     </span>
    </p>
   </div>
   <div class='ocr_carea' id='block_1_2' title="bbox 1402 490 1502 555">
    <p class='ocr_par' dir='ltr' id='par_1_2' title="bbox 1402 490 1502 555">
     <span class='ocr_line' id='line_1_2' title="bbox 1402 490 1502 555; baseline 0.05 -6"><span class='ocrx_word' id='word_1_2' title='bbox 1402 490 1502 555; x_wconf 88' lang='lat'><strong><em>21.</em></strong></span> 
     </span>
    </p>
   </div>
   <div class='ocr_carea' id='block_1_3' title="bbox 497 603 2283 998">
    <p class='ocr_par' dir='ltr' id='par_1_3' title="bbox 497 603 2283 998">
     <span class='ocr_line' id='line_1_3' title="bbox 500 603 2283 697; baseline 0.003 -26"><span class='ocrx_word' id='word_1_3' title='bbox 500 609 761 687; x_wconf 84' lang='grc' dir='ltr'><strong><em>Λοιμοῦ</em></strong></span> <span class='ocrx_word' id='word_1_4' title='bbox 806 606 919 669; x_wconf 88' lang='grc' dir='ltr'><strong><em>καὶ</em></strong></span> <span class='ocrx_word' id='word_1_5' title='bbox 968 609 1165 689; x_wconf 86' lang='grc' dir='ltr'><strong><em>λιμοῦ</em></strong></span> <span class='ocrx_word' id='word_1_6' title='bbox 1212 606 1410 684; x_wconf 85' lang='grc' dir='ltr'><strong><em>τέλος</em></strong></span> <span class='ocrx_word' id='word_1_7' title='bbox 1455 604 1714 674; x_wconf 73' lang='grc' dir='ltr'><strong><em>ἔσσεται</em></strong></span> <span class='ocrx_word' id='word_1_8' title='bbox 1758 603 1974 697; x_wconf 83' lang='grc' dir='ltr'><strong><em>ἤνπερ</em></strong></span> <span class='ocrx_word' id='word_1_9' title='bbox 2021 607 2283 677; x_wconf 75' lang='grc' dir='ltr'><strong><em>ἑαυτῶν</em></strong></span> 
     </span>
     <span class='ocr_line' id='line_1_4' title="bbox 499 700 2164 800; baseline 0.004 -29"><span class='ocrx_word' id='word_1_10' title='bbox 499 701 751 790; x_wconf 76' lang='grc' dir='ltr'><strong><em>σώματ’</em></strong></span> <span class='ocrx_word' id='word_1_11' title='bbox 796 700 932 774; x_wconf 83' lang='grc' dir='ltr'><strong><em>ἀπὸ</em></strong></span> <span class='ocrx_word' id='word_1_12' title='bbox 977 705 1237 793; x_wconf 89' lang='grc' dir='ltr'><strong><em>κλήρου</em></strong></span> <span class='ocrx_word' id='word_1_13' title='bbox 1284 702 1492 794; x_wconf 77' lang='grc' dir='ltr'><strong><em>ἄρρεν</em></strong></span> <span class='ocrx_word' id='word_1_14' title='bbox 1537 711 1652 776; x_wconf 85' lang='grc' dir='ltr'><strong><em>καὶ</em></strong></span> <span class='ocrx_word' id='word_1_15' title='bbox 1695 717 1879 798; x_wconf 84' lang='grc' dir='ltr'><strong><em>θῆλυ</em></strong></span> <span class='ocrx_word' id='word_1_16' title='bbox 1922 714 2164 800; x_wconf 84' lang='grc' dir='ltr'><strong><em>νέμητε</em></strong></span> 
     </span>
     <span class='ocr_line' id='line_1_5' title="bbox 497 803 2187 900; baseline 0.004 -26"><span class='ocrx_word' id='word_1_17' title='bbox 497 809 742 887; x_wconf 87' lang='grc' dir='ltr'><strong><em>Μίνωι,</em></strong></span> <span class='ocrx_word' id='word_1_18' title='bbox 789 810 880 884; x_wconf 83' lang='grc' dir='ltr'><strong><em>εἷς</em></strong></span> <span class='ocrx_word' id='word_1_19' title='bbox 924 803 1052 874; x_wconf 72' lang='grc' dir='ltr'><strong><em>ἅλα</em></strong></span> <span class='ocrx_word' id='word_1_20' title='bbox 1100 812 1253 877; x_wconf 86' lang='grc' dir='ltr'><strong><em>δῖαν</em></strong></span> <span class='ocrx_word' id='word_1_21' title='bbox 1298 804 1854 893; x_wconf 82' lang='grc' dir='ltr'><strong><em>ἀποστέλλοντες,</em></strong></span> <span class='ocrx_word' id='word_1_22' title='bbox 1901 807 2187 900; x_wconf 82' lang='grc' dir='ltr'><strong><em>ἀμοιβὴν</em></strong></span> 
     </span>
     <span class='ocr_line' id='line_1_6' title="bbox 498 904 2147 998; baseline 0.004 -21"><span class='ocrx_word' id='word_1_23' title='bbox 498 915 639 977; x_wconf 77' lang='grc' dir='ltr'><strong><em>τῶν</em></strong></span> <span class='ocrx_word' id='word_1_24' title='bbox 683 904 940 977; x_wconf 86' lang='grc' dir='ltr'><strong><em>ἀδίκων</em></strong></span> <span class='ocrx_word' id='word_1_25' title='bbox 985 909 1228 998; x_wconf 77' lang='grc' dir='ltr'><strong><em>ἔργων·</em></strong></span> <span class='ocrx_word' id='word_1_26' title='bbox 1277 907 1462 979; x_wconf 70' lang='grc' dir='ltr'><strong><em>οὕτω</em></strong></span> <span class='ocrx_word' id='word_1_27' title='bbox 1509 912 1672 993; x_wconf 83' lang='grc' dir='ltr'><strong><em>θεὸς</em></strong></span> <span class='ocrx_word' id='word_1_28' title='bbox 1717 913 1901 993; x_wconf 82' lang='grc' dir='ltr'><strong><em>ἵλαος</em></strong></span> <span class='ocrx_word' id='word_1_29' title='bbox 1945 912 2147 984; x_wconf 78' lang='grc' dir='ltr'><strong><em>ἔσται.</em></strong></span> 
     </span>
    </p>
   </div>
   <div class='ocr_carea' id='block_1_4' title="bbox 1394 1102 1492 1168">
    <p class='ocr_par' dir='ltr' id='par_1_4' title="bbox 1394 1102 1492 1168">
     <span class='ocr_line' id='line_1_7' title="bbox 1394 1102 1492 1168; baseline 0.051 -6"><span class='ocrx_word' id='word_1_30' title='bbox 1394 1102 1492 1168; x_wconf 89' lang='grc'><strong><em>22.</em></strong></span> 
     </span>
    </p>
   </div>
   <div class='ocr_carea' id='block_1_5' title="bbox 494 1219 2327 1721">
    <p class='ocr_par' dir='ltr' id='par_1_5' title="bbox 494 1219 2327 1721">
     <span class='ocr_line' id='line_1_8' title="bbox 497 1219 2075 1319; baseline 0.001 -33"><span class='ocrx_word' id='word_1_31' title='bbox 497 1220 772 1305; x_wconf 80' lang='grc' dir='ltr'><strong><em>Αἰγείδη</em></strong></span> <span class='ocrx_word' id='word_1_32' title='bbox 823 1223 1059 1305; x_wconf 81' lang='grc' dir='ltr'><strong><em>Θησεῦ,</em></strong></span> <span class='ocrx_word' id='word_1_33' title='bbox 1107 1222 1478 1305; x_wconf 89' lang='grc' dir='ltr'><strong><em>Πιτθηίδος</em></strong></span> <span class='ocrx_word' id='word_1_34' title='bbox 1523 1219 1757 1319; x_wconf 75' lang='grc' dir='ltr'><strong><em>ἔκγονε</em></strong></span> <span class='ocrx_word' id='word_1_35' title='bbox 1803 1219 2075 1309; x_wconf 79' lang='grc' dir='ltr'><strong><em>κούρης,</em></strong></span> 
     </span>
     <span class='ocr_line' id='line_1_9' title="bbox 494 1321 2207 1413; baseline 0.002 -25"><span class='ocrx_word' id='word_1_36' title='bbox 494 1327 778 1399; x_wconf 84' lang='grc' dir='ltr'><strong><em>πολλαῖς</em></strong></span> <span class='ocrx_word' id='word_1_37' title='bbox 820 1346 927 1387; x_wconf 89' lang='grc' dir='ltr'><strong><em>τοι</em></strong></span> <span class='ocrx_word' id='word_1_38' title='bbox 971 1325 1281 1388; x_wconf 79' lang='grc' dir='ltr'><strong><em>πολίεσσι</em></strong></span> <span class='ocrx_word' id='word_1_39' title='bbox 1323 1321 1550 1410; x_wconf 76' lang='grc' dir='ltr'><strong><em>πατὴρ</em></strong></span> <span class='ocrx_word' id='word_1_40' title='bbox 1598 1322 1748 1411; x_wconf 84' lang='grc' dir='ltr'><strong><em>έμός</em></strong></span> <span class='ocrx_word' id='word_1_41' title='bbox 1793 1325 2207 1413; x_wconf 76' lang='grc' dir='ltr'><strong><em>ἐγκατέθηκε</em></strong></span> 
     </span>
     <span class='ocr_line' id='line_1_10' title="bbox 497 1421 2299 1516; baseline 0.003 -26"><span class='ocrx_word' id='word_1_42' title='bbox 497 1426 785 1510; x_wconf 78' lang='grc' dir='ltr'><strong><em>τέρματα</em></strong></span> <span class='ocrx_word' id='word_1_43' title='bbox 828 1427 941 1491; x_wconf 90' lang='grc' dir='ltr'><strong><em>καὶ</em></strong></span> <span class='ocrx_word' id='word_1_44' title='bbox 983 1429 1379 1511; x_wconf 84' lang='grc' dir='ltr'><strong><em>κλωστῆρας</em></strong></span> <span class='ocrx_word' id='word_1_45' title='bbox 1424 1427 1499 1492; x_wconf 77' lang='grc' dir='ltr'><strong><em>ἐν</em></strong></span> <span class='ocrx_word' id='word_1_46' title='bbox 1541 1421 1844 1514; x_wconf 77' lang='grc' dir='ltr'><strong><em>ὑμετέρῳ</em></strong></span> <span class='ocrx_word' id='word_1_47' title='bbox 1889 1431 2299 1516; x_wconf 78' lang='grc' dir='ltr'><strong><em>πτολιέθρῳ.</em></strong></span> 
     </span>
     <span class='ocr_line' id='line_1_11' title="bbox 495 1520 2290 1618; baseline 0.003 -25"><span class='ocrx_word' id='word_1_48' title='bbox 495 1520 663 1593; x_wconf 85' lang='grc' dir='ltr'><strong><em>ἀλλὰ</em></strong></span> <span class='ocrx_word' id='word_1_49' title='bbox 705 1524 786 1594; x_wconf 83' lang='grc' dir='ltr'><strong>σύ</strong></span> <span class='ocrx_word' id='word_1_50' title='bbox 828 1524 916 1616; x_wconf 87' lang='grc' dir='ltr'><strong><em>μή</em></strong></span> <span class='ocrx_word' id='word_1_51' title='bbox 958 1552 1024 1594; x_wconf 91' lang='grc' dir='ltr'><strong><em>τι</em></strong></span> <span class='ocrx_word' id='word_1_52' title='bbox 1071 1531 1222 1614; x_wconf 87' lang='grc' dir='ltr'><strong><em>λίην</em></strong></span> <span class='ocrx_word' id='word_1_53' title='bbox 1264 1531 1738 1617; x_wconf 78' lang='grc' dir='ltr'><strong><em>πεπονημένος</em></strong></span> <span class='ocrx_word' id='word_1_54' title='bbox 1783 1528 2019 1598; x_wconf 77' lang='grc' dir='ltr'><strong><em>ἔνδοθι</em></strong></span> <span class='ocrx_word' id='word_1_55' title='bbox 2066 1531 2290 1618; x_wconf 82' lang='grc' dir='ltr'><strong><em>θυμὸν</em></strong></span> 
     </span>
     <span class='ocr_line' id='line_1_12' title="bbox 495 1623 2327 1721; baseline 0.002 -25"><span class='ocrx_word' id='word_1_56' title='bbox 495 1626 879 1710; x_wconf 76' lang='grc' dir='ltr'><strong><em>βουλεύειν·</em></strong></span> <span class='ocrx_word' id='word_1_57' title='bbox 929 1623 1132 1708; x_wconf 85' lang='grc' dir='ltr'><strong><em>ἀσκὸς</em></strong></span> <span class='ocrx_word' id='word_1_58' title='bbox 1173 1628 1296 1718; x_wconf 85' lang='grc' dir='ltr'><strong><em>γὰρ</em></strong></span> <span class='ocrx_word' id='word_1_59' title='bbox 1343 1631 1417 1697; x_wconf 76' lang='grc' dir='ltr'><strong><em>ἐν</em></strong></span> <span class='ocrx_word' id='word_1_60' title='bbox 1462 1632 1726 1717; x_wconf 79' lang='grc' dir='ltr'><strong><em>οἴδματι</em></strong></span> <span class='ocrx_word' id='word_1_61' title='bbox 1769 1632 2327 1721; x_wconf 86' lang='grc' dir='ltr'><strong><em>ποντοπορεύσει.</em></strong></span> 
     </span>
    </p>
   </div>
   <div class='ocr_carea' id='block_1_6' title="bbox 492 1824 2202 2026">
    <p class='ocr_par' dir='ltr' id='par_1_6' title="bbox 492 1824 2202 2026">
     <span class='ocr_line' id='line_1_13' title="bbox 1400 1824 1498 1887; baseline 0.031 -3"><span class='ocrx_word' id='word_1_62' title='bbox 1400 1824 1498 1887; x_wconf 83' lang='grc'><strong>23.</strong></span> 
     </span>
     <span class='ocr_line' id='line_1_14' title="bbox 492 1930 2202 2026; baseline -0.001 -19"><span class='ocrx_word' id='word_1_63' title='bbox 492 1931 713 2017; x_wconf 66' lang='grc' dir='ltr'><strong><em>Ἄσκός</em></strong></span> <span class='ocrx_word' id='word_1_64' title='bbox 758 1930 1077 2024; x_wconf 78' lang='grc' dir='ltr'><strong><em>βαπτίζῃ·</em></strong></span> <span class='ocrx_word' id='word_1_65' title='bbox 1126 1941 1321 2006; x_wconf 81' lang='grc' dir='ltr'><strong><em>δῦναι</em></strong></span> <span class='ocrx_word' id='word_1_66' title='bbox 1367 1940 1442 2006; x_wconf 89' lang='grc' dir='ltr'><strong><em>δέ</em></strong></span> <span class='ocrx_word' id='word_1_67' title='bbox 1486 1965 1593 2007; x_wconf 90' lang='grc' dir='ltr'><strong><em>τοι</em></strong></span> <span class='ocrx_word' id='word_1_68' title='bbox 1638 1937 1721 2006; x_wconf 90' lang='grc' dir='ltr'><strong><em>ού</em></strong></span> <span class='ocrx_word' id='word_1_69' title='bbox 1767 1943 1959 2026; x_wconf 85' lang='grc' dir='ltr'><strong><em>θέμις</em></strong></span> <span class='ocrx_word' id='word_1_70' title='bbox 2003 1942 2202 2008; x_wconf 79' lang='grc' dir='ltr'><strong><em>ἐστίν.</em></strong></span> 
     </span>
    </p>
   </div>
   <div class='ocr_carea' id='block_1_7' title="bbox 492 2132 2446 2335">
    <p class='ocr_par' dir='ltr' id='par_1_7' title="bbox 492 2132 2446 2335">
     <span class='ocr_line' id='line_1_15' title="bbox 1390 2132 1489 2194; baseline 0.02 -3"><span class='ocrx_word' id='word_1_71' title='bbox 1390 2132 1489 2194; x_wconf 80' lang='grc'><strong><em>24.</em></strong></span> 
     </span>
     <span class='ocr_line' id='line_1_16' title="bbox 492 2240 2446 2335; baseline -0.001 -20"><span class='ocrx_word' id='word_1_72' title='bbox 492 2241 706 2322; x_wconf 63' lang='grc' dir='ltr'><strong><em>Ξάιθ’</em></strong></span> <span class='ocrx_word' id='word_1_73' title='bbox 751 2240 1020 2335; x_wconf 87' lang='grc' dir='ltr'><strong><em>ἀπάτην</em></strong></span> <span class='ocrx_word' id='word_1_74' title='bbox 1065 2242 1101 2314; x_wconf 85' lang='grc' dir='ltr'><strong>ὁ</strong></span> <span class='ocrx_word' id='word_1_75' title='bbox 1144 2251 1349 2333; x_wconf 83' lang='grc' dir='ltr'><strong><em>μέλας</em></strong></span> <span class='ocrx_word' id='word_1_76' title='bbox 1393 2246 1668 2334; x_wconf 84' lang='grc' dir='ltr'><strong><em>φρονέει</em></strong></span> <span class='ocrx_word' id='word_1_77' title='bbox 1714 2243 1934 2335; x_wconf 86' lang='grc' dir='ltr'><strong><em>σχήσει</em></strong></span> <span class='ocrx_word' id='word_1_78' title='bbox 1978 2271 2048 2314; x_wconf 86' lang='grc' dir='ltr'><strong><em>τε</em></strong></span> <span class='ocrx_word' id='word_1_79' title='bbox 2094 2245 2446 2326; x_wconf 84' lang='grc' dir='ltr'><strong><em>Μελαινάς.</em></strong></span> 
     </span>
    </p>
   </div>
   <div class='ocr_carea' id='block_1_8' title="bbox 292 2427 2568 4369">
    <p class='ocr_par' dir='ltr' id='par_1_8' title="bbox 320 2427 2568 2833">
     <span class='ocr_line' id='line_1_17' title="bbox 496 2427 2568 2525; baseline 0.001 -23"><span class='ocrx_word' id='word_1_80' title='bbox 496 2443 601 2518; x_wconf 86' lang='grc'><strong>21)</strong></span> <span class='ocrx_word' id='word_1_81' title='bbox 636 2447 775 2505; x_wconf 72' lang='lat' dir='ltr'><strong>Eue.</strong></span> <span class='ocrx_word' id='word_1_82' title='bbox 803 2464 892 2523; x_wconf 88' lang='lat' dir='ltr'><strong><em>pr.</em></strong></span> <span class='ocrx_word' id='word_1_83' title='bbox 924 2465 1014 2505; x_wconf 82' lang='lat' dir='ltr'><strong><em>ev.</em></strong></span> <span class='ocrx_word' id='word_1_84' title='bbox 1048 2446 1097 2504; x_wconf 92' lang='lat' dir='ltr'>V</span> <span class='ocrx_word' id='word_1_85' title='bbox 1130 2440 1231 2502; x_wconf 86' lang='lat'><strong><em>19:</em></strong></span> <span class='ocrx_word' id='word_1_86' title='bbox 1271 2439 1336 2503; x_wconf 91' lang='grc' dir='ltr'><strong><em>τί</em></strong></span> <span class='ocrx_word' id='word_1_87' title='bbox 1368 2428 1427 2503; x_wconf 84' lang='grc' dir='ltr'><strong><em>δ’</em></strong></span> <span class='ocrx_word' id='word_1_88' title='bbox 1436 2463 1455 2515; x_wconf 90' lang='grc'><strong><em>,·</em></strong></span> <span class='ocrx_word' id='word_1_89' title='bbox 1486 2427 1616 2502; x_wconf 83' lang='grc' dir='ltr'><strong><em>ούκ</em></strong></span> <span class='ocrx_word' id='word_1_90' title='bbox 1641 2427 1983 2524; x_wconf 65' lang='grc' dir='ltr'><strong><em>Ἀθηναῖοι</em></strong></span> <span class='ocrx_word' id='word_1_91' title='bbox 2013 2432 2136 2504; x_wconf 84' lang='grc' dir='ltr'><strong><em>τὸν</em></strong></span> <span class='ocrx_word' id='word_1_92' title='bbox 2160 2427 2568 2525; x_wconf 63' lang='grc' dir='ltr'><strong><em>Ἀνδρόγεων</em></strong></span> 
     </span>
     <span class='ocr_line' id='line_1_18' title="bbox 326 2533 2564 2626; baseline 0 -20"><span class='ocrx_word' id='word_1_93' title='bbox 326 2533 846 2618; x_wconf 73' lang='grc' dir='ltr'><strong><em>ἀποκτείναντες</em></strong></span> <span class='ocrx_word' id='word_1_94' title='bbox 900 2542 1011 2605; x_wconf 86' lang='grc' dir='ltr'><strong><em>καὶ</em></strong></span> <span class='ocrx_word' id='word_1_95' title='bbox 1067 2535 1512 2625; x_wconf 75' lang='grc' dir='ltr'><strong><em>λοιμώξαντες</em></strong></span> <span class='ocrx_word' id='word_1_96' title='bbox 1569 2539 1681 2605; x_wconf 75' lang='grc' dir='ltr'><strong><em>ἐπὶ</em></strong></span> <span class='ocrx_word' id='word_1_97' title='bbox 1733 2535 1961 2626; x_wconf 86' lang='grc' dir='ltr'><strong><em>τούτῳ</em></strong></span> <span class='ocrx_word' id='word_1_98' title='bbox 2005 2534 2200 2606; x_wconf 81' lang='grc' dir='ltr'><strong><em>εἶπον</em></strong></span> <span class='ocrx_word' id='word_1_99' title='bbox 2246 2534 2331 2606; x_wconf 73' lang='grc' dir='ltr'><strong><em>ἂν</em></strong></span> <span class='ocrx_word' id='word_1_100' title='bbox 2372 2565 2564 2625; x_wconf 88' lang='grc' dir='ltr'><strong><em>μετα-</em></strong></span> 
     </span>
     <span class='ocr_line' id='line_1_19' title="bbox 323 2633 2562 2730; baseline 0 -21"><span class='ocrx_word' id='word_1_101' title='bbox 323 2656 538 2721; x_wconf 64' lang='lat' dir='ltr'><em>vom),-</em></span> <span class='ocrx_word' id='word_1_102' title='bbox 580 2637 623 2729; x_wconf 84' lang='grc' dir='ltr'><em>ἢ</em></span> <span class='ocrx_word' id='word_1_103' title='bbox 669 2639 755 2728; x_wconf 78' lang='grc' dir='ltr'><strong><em>μὴ</em></strong></span> <span class='ocrx_word' id='word_1_104' title='bbox 806 2640 1149 2728; x_wconf 86' lang='grc' dir='ltr'><strong><em>λεγόντων</em></strong></span> <span class='ocrx_word' id='word_1_105' title='bbox 1194 2633 1277 2708; x_wconf 73' lang='grc' dir='ltr'><strong><em>οὗ</em></strong></span> <span class='ocrx_word' id='word_1_106' title='bbox 1309 2643 1377 2708; x_wconf 79' lang='grc' dir='ltr'><strong><em>σὲ</em></strong></span> <span class='ocrx_word' id='word_1_107' title='bbox 1410 2646 1756 2728; x_wconf 86' lang='grc' dir='ltr'><strong><em>προςῆκον</em></strong></span> <span class='ocrx_word' id='word_1_108' title='bbox 1784 2635 1872 2730; x_wconf 79' lang='grc' dir='ltr'><strong><em>ἦν</em></strong></span> <span class='ocrx_word' id='word_1_109' title='bbox 1904 2643 2138 2723; x_wconf 80' lang='grc' dir='ltr'><strong><em>εἰπεῖν,</em></strong></span> <span class='ocrx_word' id='word_1_110' title='bbox 2181 2657 2562 2727; x_wconf 83' lang='grc' dir='ltr'><strong><em>μετανοεῖτε</em></strong></span> 
     </span>
     <span class='ocr_line' id='line_1_20' title="bbox 320 2739 1155 2833; baseline -0.004 -20"><span class='ocrx_word' id='word_1_111' title='bbox 320 2743 578 2832; x_wconf 85' lang='grc' dir='ltr'><strong><em>μᾶλλον</em></strong></span> <span class='ocrx_word' id='word_1_112' title='bbox 622 2739 663 2833; x_wconf 87' lang='grc' dir='ltr'><em>ἢ</em></span> <span class='ocrx_word' id='word_1_113' title='bbox 712 2750 969 2831; x_wconf 81' lang='grc' dir='ltr'><strong><em>Λοιμοῦ</em></strong></span> <span class='ocrx_word' id='word_1_114' title='bbox 1014 2751 1155 2812; x_wconf 86' lang='grc' dir='ltr'><strong><em>κτλ.</em></strong></span> 
     </span>
    </p>

    <p class='ocr_par' dir='ltr' id='par_1_9' title="bbox 319 2843 2566 3140">
     <span class='ocr_line' id='line_1_21' title="bbox 492 2843 2566 2933; baseline 0.001 -21"><span class='ocrx_word' id='word_1_115' title='bbox 492 2853 597 2929; x_wconf 87' lang='grc'><strong><em>22)</em></strong></span> <span class='ocrx_word' id='word_1_116' title='bbox 662 2856 813 2916; x_wconf 86' lang='lat' dir='ltr'><strong>Plut.</strong></span> <span class='ocrx_word' id='word_1_117' title='bbox 868 2855 1047 2916; x_wconf 83' lang='lat' dir='ltr'><strong>Thes.</strong></span> <span class='ocrx_word' id='word_1_118' title='bbox 1086 2856 1305 2915; x_wconf 84' lang='lat' dir='ltr'>XXIV:</span> <span class='ocrx_word' id='word_1_119' title='bbox 1362 2901 1373 2914; x_wconf 93' lang='lat'><strong>.</strong></span> <span class='ocrx_word' id='word_1_120' title='bbox 1425 2902 1437 2913; x_wconf 91' lang='lat'><strong>.</strong></span> <span class='ocrx_word' id='word_1_121' title='bbox 1488 2900 1501 2912; x_wconf 93' lang='lat'><strong>.</strong></span> <span class='ocrx_word' id='word_1_122' title='bbox 1551 2901 1563 2913; x_wconf 92' lang='lat'><strong>.</strong></span> <span class='ocrx_word' id='word_1_123' title='bbox 1627 2843 1960 2932; x_wconf 86' lang='grc' dir='ltr'><strong><em>διεκόσμει</em></strong></span> <span class='ocrx_word' id='word_1_124' title='bbox 2022 2844 2147 2933; x_wconf 82' lang='grc' dir='ltr'><strong><em>τὴν</em></strong></span> <span class='ocrx_word' id='word_1_125' title='bbox 2208 2849 2566 2914; x_wconf 83' lang='grc' dir='ltr'><strong><em>πολιτείαν</em></strong></span> 
     </span>
     <span class='ocr_line' id='line_1_22' title="bbox 323 2940 2565 3037; baseline -0.001 -19"><span class='ocrx_word' id='word_1_126' title='bbox 323 2945 456 3019; x_wconf 79' lang='grc' dir='ltr'><strong><em>ἀπὸ</em></strong></span> <span class='ocrx_word' id='word_1_127' title='bbox 503 2955 692 3018; x_wconf 77' lang='grc' dir='ltr'><strong><em>θεῶν</em></strong></span> <span class='ocrx_word' id='word_1_128' title='bbox 755 2943 1156 3035; x_wconf 85' lang='grc' dir='ltr'><strong><em>ἀρχόμενος·</em></strong></span> <span class='ocrx_word' id='word_1_129' title='bbox 1220 2940 1337 3036; x_wconf 84' lang='grc' dir='ltr'><strong><em>ἧκε</em></strong></span> <span class='ocrx_word' id='word_1_130' title='bbox 1398 2948 1524 3036; x_wconf 78' lang='grc' dir='ltr'><strong><em>γ’ὰρ</em></strong></span> <span class='ocrx_word' id='word_1_131' title='bbox 1580 2941 1766 3036; x_wconf 73' lang='grc' dir='ltr'><strong><em>αύτῷ</em></strong></span> <span class='ocrx_word' id='word_1_132' title='bbox 1823 2947 2116 3037; x_wconf 85' lang='grc' dir='ltr'><strong><em>χρησμὸς</em></strong></span> <span class='ocrx_word' id='word_1_133' title='bbox 2164 2950 2238 3016; x_wconf 77' lang='grc' dir='ltr'><strong><em>ἐκ</em></strong></span> <span class='ocrx_word' id='word_1_134' title='bbox 2285 2952 2565 3032; x_wconf 82' lang='grc' dir='ltr'><strong><em>Δελφῶν</em></strong></span> 
     </span>
     <span class='ocr_line' id='line_1_23' title="bbox 319 3049 1886 3140; baseline -0.003 -19"><span class='ocrx_word' id='word_1_135' title='bbox 319 3055 796 3140; x_wconf 79' lang='grc' dir='ltr'><strong><em>μαντευομένῳ</em></strong></span> <span class='ocrx_word' id='word_1_136' title='bbox 839 3055 993 3139; x_wconf 86' lang='grc' dir='ltr'><strong><em>περὶ</em></strong></span> <span class='ocrx_word' id='word_1_137' title='bbox 1040 3057 1155 3139; x_wconf 81' lang='grc' dir='ltr'><strong><em>τῆς</em></strong></span> <span class='ocrx_word' id='word_1_138' title='bbox 1199 3049 1496 3130; x_wconf 89' lang='grc' dir='ltr'><strong><em>πόλεως·</em></strong></span> <span class='ocrx_word' id='word_1_139' title='bbox 1544 3053 1695 3138; x_wconf 85' lang='grc' dir='ltr'><strong><em>Αἰγ.</em></strong></span> <span class='ocrx_word' id='word_1_140' title='bbox 1742 3056 1886 3117; x_wconf 89' lang='grc' dir='ltr'><strong><em>κτλ.</em></strong></span> 
     </span>
    </p>

    <p class='ocr_par' dir='ltr' id='par_1_10' title="bbox 292 3145 2566 3446">
     <span class='ocr_line' id='line_1_24' title="bbox 491 3145 2566 3240; baseline -0.002 -17"><span class='ocrx_word' id='word_1_141' title='bbox 491 3183 547 3223; x_wconf 89' lang='lat' dir='ltr'><strong><em>v.</em></strong></span> <span class='ocrx_word' id='word_1_142' title='bbox 593 3162 662 3223; x_wconf 81' lang='lat'><strong><em>4:</em></strong></span> <span class='ocrx_word' id='word_1_143' title='bbox 723 3155 959 3222; x_wconf 77' lang='grc' dir='ltr'><strong><em>ἔνδοθι</em></strong></span> <span class='ocrx_word' id='word_1_144' title='bbox 1022 3151 1239 3240; x_wconf 87' lang='grc' dir='ltr'><strong><em>θυμός</em></strong></span> <span class='ocrx_word' id='word_1_145' title='bbox 1281 3158 1582 3223; x_wconf 77' lang='lat'><strong>11.1243</strong></span> <span class='ocrx_word' id='word_1_146' title='bbox 1656 3180 1816 3237; x_wconf 80' lang='lat' dir='ltr'><strong>saep.</strong></span> <span class='ocrx_word' id='word_1_147' title='bbox 1875 3158 1949 3221; x_wconf 81' lang='lat' dir='ltr'><strong><em>cf.</em></strong></span> <span class='ocrx_word' id='word_1_148' title='bbox 2013 3150 2239 3238; x_wconf 85' lang='grc' dir='ltr'><strong><em>θυμὸν</em></strong></span> <span class='ocrx_word' id='word_1_149' title='bbox 2306 3145 2566 3238; x_wconf 87' lang='grc' dir='ltr'><strong><em>ἀχεύων</em></strong></span> 
     </span>
     <span class='ocr_line' id='line_1_25' title="bbox 292 3249 2566 3346; baseline -0.002 -19"><span class='ocrx_word' id='word_1_150' title='bbox 292 3253 392 3327; x_wconf 56' lang='grc' dir='ltr'><strong><em>ἸΙ.</em></strong></span> <span class='ocrx_word' id='word_1_151' title='bbox 422 3269 475 3327; x_wconf 88' lang='lat' dir='ltr'><strong>V</strong></span> <span class='ocrx_word' id='word_1_152' title='bbox 508 3262 651 3344; x_wconf 81' lang='lat'><strong>869,</strong></span> <span class='ocrx_word' id='word_1_153' title='bbox 696 3255 922 3343; x_wconf 85' lang='grc' dir='ltr'><strong><em>θυμὸν</em></strong></span> <span class='ocrx_word' id='word_1_154' title='bbox 968 3249 1371 3346; x_wconf 81' lang='grc' dir='ltr'><strong><em>ἀκηχεμένος</em></strong></span> <span class='ocrx_word' id='word_1_155' title='bbox 1401 3266 1468 3324; x_wconf 92' lang='lat' dir='ltr'><strong><em>Il.</em></strong></span> <span class='ocrx_word' id='word_1_156' title='bbox 1502 3265 1707 3325; x_wconf 83' lang='lat' dir='ltr'><strong>XVIII</strong></span> <span class='ocrx_word' id='word_1_157' title='bbox 1737 3260 1836 3323; x_wconf 83' lang='grc'><strong>29.</strong></span> <span class='ocrx_word' id='word_1_158' title='bbox 1870 3258 1892 3341; x_wconf 81' lang='grc' dir='ltr'><strong><em>ΙΙ</em></strong></span> <span class='ocrx_word' id='word_1_159' title='bbox 1955 3263 2025 3323; x_wconf 80' lang='lat'><strong><em>5:</em></strong></span> <span class='ocrx_word' id='word_1_160' title='bbox 2072 3252 2566 3342; x_wconf 85' lang='grc' dir='ltr'><strong><em>ποντοπορεύω</em></strong></span> 
     </span>
     <span class='ocr_line' id='line_1_26' title="bbox 321 3363 2438 3446; baseline -0.007 -16"><span class='ocrx_word' id='word_1_161' title='bbox 321 3368 432 3431; x_wconf 84' lang='lat' dir='ltr'><strong><em>od.</em></strong></span> <span class='ocrx_word' id='word_1_162' title='bbox 469 3372 515 3430; x_wconf 88' lang='lat' dir='ltr'>V</span> <span class='ocrx_word' id='word_1_163' title='bbox 549 3366 668 3426; x_wconf 82' lang='lat'><strong><em>277</em></strong></span> <span class='ocrx_word' id='word_1_164' title='bbox 718 3387 878 3446; x_wconf 76' lang='lat' dir='ltr'><strong>saep.</strong></span> <span class='ocrx_word' id='word_1_165' title='bbox 911 3363 932 3446; x_wconf 85' lang='grc' dir='ltr'><strong><em>ΙΙ</em></strong></span> <span class='ocrx_word' id='word_1_166' title='bbox 2422 3399 2438 3416; x_wconf 94' lang='grc'><strong>.</strong></span> 
     </span>
    </p>

    <p class='ocr_par' dir='ltr' id='par_1_11' title="bbox 323 3451 2567 3654">
     <span class='ocr_line' id='line_1_27' title="bbox 491 3451 2567 3544; baseline -0.001 -15"><span class='ocrx_word' id='word_1_167' title='bbox 491 3469 597 3544; x_wconf 88' lang='grc'><strong>23)</strong></span> <span class='ocrx_word' id='word_1_168' title='bbox 645 3473 800 3531; x_wconf 82' lang='lat' dir='ltr'><strong>Plut.</strong></span> <span class='ocrx_word' id='word_1_169' title='bbox 845 3473 1023 3533; x_wconf 77' lang='lat' dir='ltr'><strong>Thes.</strong></span> <span class='ocrx_word' id='word_1_170' title='bbox 1056 3473 1279 3530; x_wconf 82' lang='lat' dir='ltr'>XXIV:</span> <span class='ocrx_word' id='word_1_171' title='bbox 1326 3516 1339 3528; x_wconf 94' lang='lat'><strong>.</strong></span> <span class='ocrx_word' id='word_1_172' title='bbox 1390 3517 1402 3529; x_wconf 94' lang='lat'><strong>.</strong></span> <span class='ocrx_word' id='word_1_173' title='bbox 1453 3464 1566 3528; x_wconf 85' lang='grc' dir='ltr'><strong><em>καὶ</em></strong></span> <span class='ocrx_word' id='word_1_174' title='bbox 1620 3465 1972 3544; x_wconf 77' lang='grc' dir='ltr'><strong><em>Σίβυλλαν</em></strong></span> <span class='ocrx_word' id='word_1_175' title='bbox 2032 3451 2567 3544; x_wconf 69' lang='grc' dir='ltr'><strong><em>ἀποστοματίσαι</em></strong></span> 
     </span>
     <span class='ocr_line' id='line_1_28' title="bbox 323 3557 2478 3654; baseline -0.002 -20"><span class='ocrx_word' id='word_1_176' title='bbox 323 3566 493 3653; x_wconf 86' lang='grc' dir='ltr'><strong><em>πρὸς</em></strong></span> <span class='ocrx_word' id='word_1_177' title='bbox 538 3565 664 3654; x_wconf 82' lang='grc' dir='ltr'><strong><em>τὴν</em></strong></span> <span class='ocrx_word' id='word_1_178' title='bbox 707 3563 914 3633; x_wconf 89' lang='grc' dir='ltr'><strong><em>πόλιν</em></strong></span> <span class='ocrx_word' id='word_1_179' title='bbox 961 3565 1348 3653; x_wconf 72' lang='grc' dir='ltr'><strong><em>ἱστοροῦσιν</em></strong></span> <span class='ocrx_word' id='word_1_180' title='bbox 1395 3558 2028 3652; x_wconf 72' lang='grc' dir='ltr'><strong><em>ἀναφθεγξαμένην·</em></strong></span> <span class='ocrx_word' id='word_1_181' title='bbox 2074 3557 2295 3640; x_wconf 72' lang='grc' dir='ltr'><strong><em>Άσκός</em></strong></span> <span class='ocrx_word' id='word_1_182' title='bbox 2339 3569 2478 3630; x_wconf 90' lang='grc' dir='ltr'><strong><em>κτλ.</em></strong></span> 
     </span>
    </p>

    <p class='ocr_par' dir='ltr' id='par_1_12' title="bbox 317 3654 2565 4063">
     <span class='ocr_line' id='line_1_29' title="bbox 493 3654 2564 3756; baseline -0 -24"><span class='ocrx_word' id='word_1_183' title='bbox 493 3674 599 3748; x_wconf 76' lang='grc'><strong>24)</strong></span> <span class='ocrx_word' id='word_1_184' title='bbox 644 3677 927 3754; x_wconf 79' lang='lat' dir='ltr'><strong>Polyaen.</strong></span> <span class='ocrx_word' id='word_1_185' title='bbox 962 3678 987 3735; x_wconf 92' lang='lat'>1</span> <span class='ocrx_word' id='word_1_186' title='bbox 1026 3673 1131 3734; x_wconf 84' lang='lat'><strong><em>19:</em></strong></span> <span class='ocrx_word' id='word_1_187' title='bbox 1200 3663 1577 3756; x_wconf 75' lang='grc' dir='ltr'><strong><em>Ἀθηναίων</em></strong></span> <span class='ocrx_word' id='word_1_188' title='bbox 1625 3665 1994 3755; x_wconf 84' lang='grc' dir='ltr'><strong><em>στρατηγὸς</em></strong></span> <span class='ocrx_word' id='word_1_189' title='bbox 2037 3654 2122 3755; x_wconf 86' lang='grc' dir='ltr'><strong><em>ἦν</em></strong></span> <span class='ocrx_word' id='word_1_190' title='bbox 2179 3668 2564 3746; x_wconf 81' lang='grc' dir='ltr'><strong><em>Μέλανθος,</em></strong></span> 
     </span>
     <span class='ocr_line' id='line_1_30' title="bbox 320 3768 2565 3856; baseline -0.003 -16"><span class='ocrx_word' id='word_1_191' title='bbox 320 3776 648 3840; x_wconf 81' lang='grc' dir='ltr'><strong><em>Βοιωτῶν</em></strong></span> <span class='ocrx_word' id='word_1_192' title='bbox 708 3768 995 3849; x_wconf 81' lang='grc' dir='ltr'><strong><em>Ξάνθος.</em></strong></span> <span class='ocrx_word' id='word_1_193' title='bbox 1098 3771 1471 3856; x_wconf 77' lang='grc' dir='ltr'><strong><em>ἐπολέμουν</em></strong></span> <span class='ocrx_word' id='word_1_194' title='bbox 1536 3774 1899 3848; x_wconf 79' lang='grc' dir='ltr'><strong><em>Μελαινῶν</em></strong></span> <span class='ocrx_word' id='word_1_195' title='bbox 1957 3771 2129 3855; x_wconf 85' lang='grc' dir='ltr'><strong><em>πέρι.</em></strong></span> <span class='ocrx_word' id='word_1_196' title='bbox 2234 3771 2565 3836; x_wconf 83' lang='grc' dir='ltr'><strong><em>Μελαινοὶ</em></strong></span> 
     </span>
     <span class='ocr_line' id='line_1_31' title="bbox 317 3865 2564 3962; baseline -0.002 -21"><span class='ocrx_word' id='word_1_197' title='bbox 317 3877 573 3962; x_wconf 86' lang='grc' dir='ltr'><strong><em>χωρίον</em></strong></span> <span class='ocrx_word' id='word_1_198' title='bbox 616 3871 946 3960; x_wconf 81' lang='grc' dir='ltr'><strong><em>μεθόριον</em></strong></span> <span class='ocrx_word' id='word_1_199' title='bbox 992 3865 1277 3960; x_wconf 63' lang='grc' dir='ltr'><strong><em>Ἀττικῆς</em></strong></span> <span class='ocrx_word' id='word_1_200' title='bbox 1321 3871 1435 3939; x_wconf 80' lang='grc' dir='ltr'><strong><em>καὶ</em></strong></span> <span class='ocrx_word' id='word_1_201' title='bbox 1478 3875 1823 3950; x_wconf 88' lang='grc' dir='ltr'><strong><em>Βοιωτίας.</em></strong></span> <span class='ocrx_word' id='word_1_202' title='bbox 1893 3867 1932 3940; x_wconf 83' lang='grc' dir='ltr'>ὁ</span> <span class='ocrx_word' id='word_1_203' title='bbox 1979 3869 2139 3949; x_wconf 82' lang='grc' dir='ltr'><strong><em>θεὸς</em></strong></span> <span class='ocrx_word' id='word_1_204' title='bbox 2182 3869 2411 3959; x_wconf 80' lang='grc' dir='ltr'><strong><em>ἔχρησε</em></strong></span> <span class='ocrx_word' id='word_1_205' title='bbox 2467 3876 2564 3958; x_wconf 73' lang='grc' dir='ltr'><strong><em>τῷ</em></strong></span> 
     </span>
     <span class='ocr_line' id='line_1_32' title="bbox 319 3967 1253 4063; baseline -0.005 -18"><span class='ocrx_word' id='word_1_206' title='bbox 319 3975 576 4063; x_wconf 82' lang='grc' dir='ltr'><strong><em>Ξάνθῳ</em></strong></span> <span class='ocrx_word' id='word_1_207' title='bbox 618 3973 803 4043; x_wconf 83' lang='grc' dir='ltr'><strong><em>τάδε·</em></strong></span> <span class='ocrx_word' id='word_1_208' title='bbox 849 3967 1064 4049; x_wconf 81' lang='grc' dir='ltr'><strong><em>Ξάνθ’</em></strong></span> <span class='ocrx_word' id='word_1_209' title='bbox 1107 3981 1253 4041; x_wconf 91' lang='grc' dir='ltr'><strong><em>κτλ.</em></strong></span> 
     </span>
    </p>

    <p class='ocr_par' dir='ltr' id='par_1_13' title="bbox 319 4071 2567 4369">
     <span class='ocr_line' id='line_1_33' title="bbox 491 4071 2567 4170; baseline -0.003 -23"><span class='ocrx_word' id='word_1_210' title='bbox 491 4088 757 4147; x_wconf 82' lang='lat' dir='ltr'><strong>Eandem</strong></span> <span class='ocrx_word' id='word_1_211' title='bbox 791 4105 916 4146; x_wconf 81' lang='lat' dir='ltr'><strong><em>rem</em></strong></span> <span class='ocrx_word' id='word_1_212' title='bbox 947 4086 1197 4170; x_wconf 59' lang='lat' dir='ltr'>trudan}</span> <span class='ocrx_word' id='word_1_213' title='bbox 1225 4086 1436 4147; x_wconf 83' lang='lat' dir='ltr'><strong>Strabo</strong></span> <span class='ocrx_word' id='word_1_214' title='bbox 1468 4081 1593 4143; x_wconf 82' lang='lat'><strong><em>393</em></strong></span> <span class='ocrx_word' id='word_1_215' title='bbox 1623 4090 1683 4146; x_wconf 81' lang='lat' dir='ltr'><strong><em>et</em></strong></span> <span class='ocrx_word' id='word_1_216' title='bbox 1711 4087 2001 4146; x_wconf 75' lang='lat' dir='ltr'>Arsenius</span> <span class='ocrx_word' id='word_1_217' title='bbox 2039 4104 2086 4145; x_wconf 81' lang='lat' dir='ltr'><strong><em>s.</em></strong></span> <span class='ocrx_word' id='word_1_218' title='bbox 2118 4105 2175 4144; x_wconf 83' lang='lat' dir='ltr'><strong><em>v.</em></strong></span> <span class='ocrx_word' id='word_1_219' title='bbox 2216 4071 2440 4144; x_wconf 76' lang='grc' dir='ltr'><strong><em>ἀπιών</em></strong></span> <span class='ocrx_word' id='word_1_220' title='bbox 2475 4076 2567 4153; x_wconf 86' lang='grc' dir='ltr'><strong><em>εἰς</em></strong></span> 
     </span>
     <span class='ocr_line' id='line_1_34' title="bbox 319 4175 2567 4268; baseline -0.002 -19"><span class='ocrx_word' id='word_1_221' title='bbox 319 4175 700 4268; x_wconf 81' lang='grc' dir='ltr'><strong><em>ἀπατούρια</em></strong></span> <span class='ocrx_word' id='word_1_222' title='bbox 743 4196 802 4249; x_wconf 84' lang='lat' dir='ltr'><strong><em>et</em></strong></span> <span class='ocrx_word' id='word_1_223' title='bbox 834 4189 1040 4250; x_wconf 84' lang='lat' dir='ltr'>Conon</span> <span class='ocrx_word' id='word_1_224' title='bbox 1084 4195 1290 4249; x_wconf 74' lang='lat' dir='ltr'>narrat</span> <span class='ocrx_word' id='word_1_225' title='bbox 1318 4189 1567 4248; x_wconf 84' lang='lat' dir='ltr'>XXXIX</span> <span class='ocrx_word' id='word_1_226' title='bbox 1603 4187 1941 4261; x_wconf 79' lang='lat' dir='ltr'><strong>[Westerm.</strong></span> <span class='ocrx_word' id='word_1_227' title='bbox 1983 4185 2272 4266; x_wconf 83' lang='grc' dir='ltr'><strong><em>μυθογρ.</em></strong></span> <span class='ocrx_word' id='word_1_228' title='bbox 2306 4205 2362 4262; x_wconf 89' lang='lat' dir='ltr'><strong><em>p.</em></strong></span> <span class='ocrx_word' id='word_1_229' title='bbox 2402 4181 2567 4257; x_wconf 80' lang='grc'><strong>1421.</strong></span> 
     </span>
     <span class='ocr_line' id='line_1_35' title="bbox 324 4285 1389 4369; baseline -0.004 -15"><span class='ocrx_word' id='word_1_230' title='bbox 324 4295 544 4354; x_wconf 75' lang='lat' dir='ltr'>Versus</span> <span class='ocrx_word' id='word_1_231' title='bbox 591 4293 1076 4369; x_wconf 76' lang='lat' dir='ltr'>corruptissimus</span> <span class='ocrx_word' id='word_1_232' title='bbox 1122 4297 1333 4352; x_wconf 79' lang='lat' dir='ltr'><strong>exstat.</strong></span> <span class='ocrx_word' id='word_1_233' title='bbox 1367 4285 1389 4368; x_wconf 94' lang='grc' dir='ltr'><strong><em>ΙΙ</em></strong></span> 
     </span>
    </p>
   </div>
  </div>
 </body>
</html>
