3166 4871
993 298 1077 355 De
1113 300 1312 354 nomin.
1346 300 1405 355 in
1439 318 1604 365 -αιος,
1674 304 1708 368 s
1744 305 1826 355 21.
2458 307 2538 372 73

293 493 493 555 prov
549 477 663 537 Ar.
706 476 817 536 Av.
850 472 986 537 716.
1030 474 1174 538 915.
1230 512 1312 521 -
1376 478 1665 541 Omnibus
1721 479 1813 540 his
1868 479 2220 540 testimoniis
2271 479 2542 561 efficitur,

293 579 411 640 hoc
444 579 748 641 vocabulo
779 579 887 639 etsi
917 599 1037 640 non
1082 598 1319 658 semper
1359 581 1557 660 vilem,
1601 586 1664 641 at
1708 583 1900 642 levem
1944 586 2170 643 vestem
2205 583 2543 659 significari.

292 682 509 759 Itaque
572 680 831 742 fortasse
890 684 1132 759 proprie
1185 682 1547 759 significavit
1607 688 1835 744 vestem
1896 685 2065 762 operi
2109 687 2362 763 rustico,
2413 687 2541 763 agri

292 781 447 857 (τοῦ
498 779 722 865 ληίου)
767 785 1042 846 culturae
1085 789 1309 863 aptum.

469 881 662 946 λαία
704 887 932 964 praede
962 906 1122 948 nune
1151 906 1184 948 e
1215 885 1387 948 codd.
1417 889 1760 949 restitutum
1791 893 1884 949 est
1912 889 2176 950 Pindaro
2207 890 2299 952 01.
2329 891 2429 967 XI,
2460 888 2539 949 44

291 984 517 1050 Λαίαν
546 1007 621 1049 τε
652 986 877 1049 πᾶσαν
906 981 1061 1061 Διὸς
1084 976 1369 1068 ἄλκιμος
1410 980 1556 1061 υίὸς
1589 989 1959 1070 σταθμᾶτο,
2001 1010 2114 1070 pro
2146 994 2305 1071 vulg.
2340 988 2544 1054 λείαν.

292 1095 542 1153 Rectius
584 1092 841 1153 fortasse
870 1093 1051 1153 scribi
1085 1083 1257 1176 λᾴαν
1302 1110 1486 1170 supra
1506 1094 1632 1171 jam
1664 1113 1721 1170 p.
1752 1090 1833 1151 24
1861 1080 2272 1157 indicavimus.
2358 1097 2543 1157 Attici

290 1194 583 1255 dicebant
629 1189 844 1268 λεία,
892 1197 1068 1256 Iones
1113 1189 1332 1276 λη’ίη,
1380 1195 1494 1269 sed
1542 1197 1656 1256 hoo
1699 1197 1863 1274 apud
1921 1198 2294 1259 Herodotum
2352 1200 2543 1259 solum

290 1299 639 1359 invenitur:
680 1298 982 1358 Homerus
1026 1303 1087 1358 et
1122 1297 1423 1359 Hesiodus
1467 1304 1720 1359 utuntur
1762 1300 2054 1361 vocabulo
2101 1293 2262 1381 λη’ίς.
2349 1302 2544 1363 Radix

290 1408 383 1463 est
429 1399 597 1478 iaf,
654 1417 811 1477 quae
854 1402 916 1460 in
962 1384 1325 1473 ἀπολαύω,
1371 1402 1473 1462 lat.
1518 1404 1789 1475 lucr-wa,
1852 1401 2162 1479 Lava-na,
2215 1408 2337 1481 got.
2381 1406 2545 1478 laun,

291 1509 412 1565 vet.
442 1505 599 1565 slav.
629 1504 792 1564 leviti
818 1504 1047 1582 venari,
1076 1521 1315 1582 capere,
1344 1501 1474 1564 Ιονῖι
1504 1506 1762 1583 venatio,
1790 1505 2033 1583 praeda.
2120 1506 2286 1568 Gurt.
2317 1526 2374 1567 n.
2404 1503 2546 1566 536.

467 1598 583 1666 21.
671 1599 1009 1664 νεολαία
1043 1605 1336 1683 juvenum
1366 1607 1463 1665 vel
1492 1607 1831 1684 puellarum
1862 1608 2202 1688 multitudo,
2235 1609 2550 1688 juventus,

290 1699 374 1769 τὸ
421 1705 573 1769 τῶν
617 1701 994 1767 νεανίσκων
1038 1704 1308 1788 πλῆθος
1352 1705 1591 1787 Pou.2,
1628 1706 1722 1769 11.
1808 1711 1940 1770 Hac
1982 1710 2418 1787 significatione
2457 1716 2549 1772 est

292 1812 519 1874 Aesch.
579 1811 744 1871 Pers.
804 1806 927 1867 668
1015 1805 1311 1869 Νεολαία
1384 1800 1510 1890 γὰρ
1587 1797 1714 1891 ἤδη
1779 1801 1952 1871 κατὰ
2032 1798 2189 1872 π’ᾶσ’
2264 1800 2544 1874 ὄλωλεν.

291 1915 507 1993 Suppl.
522 1909 649 1972 686
690 1897 993 1992 Ευμενὴς
1040 1896 1098 1972 δ’
1116 1899 1457 1984 ὁΛύκειος
1486 1905 1663 1973 ἔσται
1692 1903 1874 1996 πάσᾳ
1907 1910 2203 1997 νεολαίᾳ.
2246 1917 2548 1993 Aristoph.

290 2018 368 2078 fr.
397 2016 700 2093 Babylon.
731 2013 808 2073 57
844 2015 1022 2075 Dind.
1048 2007 1114 2074 Ὠ
1143 2012 1275 2076 Ζεῦ
1304 2005 1384 2075 τὸ
1413 2013 1633 2095 χρῆμα
1677 2007 1796 2096 τῆς
1838 2012 2151 2087 νεολαίας
2196 2005 2287 2087 ὡς
2315 2007 2548 2078 καλόν.

289 2121 561 2182 Theocr.
610 2114 722 2196 18,
765 2114 846 2174 24
914 2106 1227 2197 Τετράκις
1287 2107 1617 2197 εξήκοντα
1673 2107 1904 2196 κόραι,
1973 2116 2184 2198 θῆλυς
2256 2115 2549 2179 νεολαία.

292 2222 462 2282 Hdn.
507 2219 565 2296 4,
610 2217 670 2299 9,
716 2218 769 2281 7.
815 2217 877 2298 3,
916 2216 976 2299 4,
1021 2215 1077 2279 2.
1180 2221 1420 2282 Heliod.
1473 2221 1651 2282 Aeth.
1697 2218 1765 2300 7,
1819 2217 1913 2281 16.
2007 2221 2138 2281 Hoc
2189 2222 2547 2283 vocabulum

293 2324 519 2401 procul
562 2322 746 2383 dubio
792 2321 1080 2399 originem
1129 2324 1289 2401 cepit
1329 2341 1366 2383 a
1411 2312 1602 2401 λαός,
1666 2342 1801 2384 nam
1861 2342 1936 2385 ex
1997 2324 2295 2402 adjectivo
2348 2324 2547 2402 aliquo

298 2418 546 2496 νέολος
583 2422 677 2499 (ut
717 2417 1095 2502 σκίμβολος,
1140 2409 1446 2503 ἠπίολος,
1487 2414 1780 2505 πειόλης,
1825 2414 2172 2506 φαινόλης)
2212 2416 2552 2491 derivatum

295 2545 431 2590 esse
481 2545 701 2605 parum
758 2527 1068 2605 probabile
1127 2526 1383 2588 videtur.
1468 2529 1680 2605 Itaque
1737 2531 2151 2605 expectaveris
2208 2547 2250 2587 α
2303 2531 2549 2606 longum

294 2635 358 2692 et
400 2629 765 2707 diphthongi
809 2629 1122 2690 diaeresin.
1210 2628 1347 2703 Qua
1390 2629 1467 2689 de
1510 2649 1577 2692 re
1621 2629 1960 2691 Lobeckius
2005 2632 2174 2691 Path.
2215 2633 2303 2691 El.
2332 2628 2551 2711 11‚342

297 2732 737 2804 „Communem
778 2731 1027 2792 formam
1073 2733 1349 2809 sequitur
1393 2751 1608 2793 nomen
1656 2732 1930 2810 ancipitis
1970 2733 2222 2794 merismi
2257 2728 2551 2794 νεολαία.

295 2836 367 2896 ld
412 2833 792 2912 grammatici
832 2834 908 2894 ad
957 2853 1137 2895 unum
1184 2852 1390 2895 omnes
1447 2816 1818 2895 substantive
1872 2835 2348 2912 interpretantur
2401 2830 2553 2907 νέος

295 2927 469 3008 λαός
532 2935 697 2997 Suid.
761 2941 906 3015 etc„
972 2937 1069 2997 vel
1130 2926 1211 2996 τὸ
1280 2923 1622 3017 ἄθροισμα
1686 2933 1830 2995 τῶν
1902 2931 2080 2996 νέων
2154 2938 2339 3000 schol.
2404 2940 2552 2999 Lu‘c.

296 3041 476 3101 Phal.
498 3038 553 3118 1,
576 3035 635 3118 3,·
661 3057 721 3118 p.
758 3038 873 3097 155
912 3038 1109 3100 Iacob.
1181 3038 1367 3100 schol.
1398 3039 1608 3115 Eurip.
1636 3040 1765 3099 Ale.
1802 3035 1936 3099 103.
1997 3040 2177 3100 Ther.
2204 3042 2423 3117 XVIII,
2453 3038 2553 3101 24.

299 3140 825 3217 Quemadmodum
884 3146 1081 3203 autem
1145 3160 1221 3202 ex
1278 3130 1499 3211 πολύς
1556 3130 1718 3211 λαός
1778 3141 2184 3217 componitur·
2213 3136 2554 3202 πολυλαΐα

297 3243 560 3322 (Phryu.
606 3239 772 3323 490),
816 3263 892 3304 ex
935 3237 1097 3303 δέκα
1141 3240 1295 3314 νᾶες
1340 3243 1482 3320 item
1528 3234 1865 3322 δεκαναΐα,
1907 3243 1994 3303 sic
2037 3242 2111 3303 ab
2157 3243 2276 3303 illis
2318 3243 2553 3305 duobus

300 3348 571 3409 debebat
613 3339 953 3406 νεολαία
1000 3344 1244 3419 [Pal-all.
1274 3342 1448 3424 2281,
1494 3349 1555 3406 et
1601 3344 1799 3422 fuisse,
1844 3346 1951 3423 qui
1993 3346 2079 3405 ita
2122 3344 2411 3423 dicerent,
2457 3365 2551 3408 co·

299 3450 619 3528 gnoscitur
641 3467 718 3509 ex
743 3448 940 3509 Photii
958 3448 1162 3509 verbis
1194 3442 1510 3507 νεολαίαν
1530 3437 1660 3527 τὴν
1691 3437 1976 3527 νεότητα
2004 3438 2555 3527 τετρασυλλάβως

301 3543 373 3611 οἱ
414 3535 738 3623 {numm
778 3550 885 3612 sed
929 3551 1416 3629 pentesyllahum
1460 3569 1580 3611 non
1629 3551 1852 3629 legitur
1890 3569 1966 3610 ne
1998 3551 2056 3610 in
2086 3569 2267 3629 prosa
2298 3553 2556 3631 quidem,

302 3653 529 3714 nedum
572 3642 883 3736 νεολᾴα.“
971 3654 1109 3714 Non
1156 3655 1539 3713 constantem
1573 3653 1635 3711 in
1679 3653 1796 3712 hoc
1849 3671 2077 3730 genere
2132 3671 2309 3714 usum
2370 3653 2556 3716 fuisse

295 3756 427 3835 jam
472 3757 715 3834 saepius
756 3755 1031 3833 vidimus,
1076 3754 1149 3814 cf.
1192 3749 1489 3833 προναία
1534 3755 1808 3815 Minerva
1851 3773 1947 3831 ap.
1978 3754 2342 3832 Aeschylum
2388 3755 2446 3830 (P
2480 3757 2556 3817 cf.

306 3858 472 3919 infra
513 3876 560 3918 s.
589 3857 672 3932 v.)
717 3862 779 3918 et
808 3857 1257 3932 Callimachum,
1304 3850 1458 3915 λαία
1500 3856 1729 3934 praeda
1769 3856 1933 3934 apud
1963 3858 2156 3936 Pina„
2200 3855 2394 3916 λαῖον
2431 3858 2557 3918 falx

304 3979 407 4038 ap.
435 3961 549 4039 Ap.
590 3961 730 4037 Bb„
776 3957 972 4019 λαῖον
1017 3977 1196 4036 seges
1240 3978 1333 4035 ap.
1381 3959 1655 4036 Theocr.,
1699 3958 1941 4020 uomina
1999 3978 2200 4037 propr.
2246 3961 2307 4020 in
2355 3955 2559 4039 δαῖος,

244 4099 265 4120 .
307 4064 497 4124 attica
540 4056 714 4139 λεία,
756 4051 1035 4140 παρειά,
1079 4068 1298 4138 νεῖον,
1344 4053 1660 4119 ἐπίνειον.
1761 4059 2066 4137 Optimum
2125 4067 2324 4122 autem
2381 4062 2559 4122 huius

308 4165 749 4225 inconstantiae
794 4164 1217 4224 documentum
1265 4168 1355 4222 est
1383 4161 1543 4238 quod
1576 4180 1763 4238 supra
1792 4163 2103 4222 attulimus
2148 4151 2559 4241 πυρκαιάς

311 4266 661 4344 trisyllabos
706 4267 782 4327 ab
826 4265 1116 4344 Euripide
1163 4269 1516 4341 usurpatum
1540 4263 1768 4342 ,Supph
1805 4261 1985 4323 1206.
2043 4282 2096 4323 v.
2140 4282 2327 4341 supra
2370 4282 2429 4340 p.
2461 4259 2560 4323 72.

399 4371 417 4390 .
1897 4393 1902 4400 ,
2080 4374 2147 4426 5·
