3166 4871
2525 283 2649 346 389

577 461 778 538 Atque
849 466 925 521 ut
990 461 1074 520 ad
1142 461 1390 522 fontes
1458 463 1873 536 veniamne,
1948 461 2105 520 unde
2171 460 2381 519 harum
2447 476 2645 518 rerum

407 564 665 642 cognitio
699 564 1032 624 haurienda
1062 570 1171 643 est,
1201 565 1394 624 minus
1426 564 1819 641 scriptoribus
1849 582 2028 641 quam
2054 563 2243 623 titulis
2266 561 2648 640 perlegendis

409 686 594 744 opera
640 667 840 727 danda
887 672 1048 744 erat3
1122 687 1319 746 pauca
1364 668 1517 728 enim
1564 668 1650 726 illi
1697 666 1772 727 de
1819 666 2287 743 primipilaribus
2336 663 2648 723 memoriae

404 769 817 847 prodiderunt.
890 801 975 811 —
1049 770 1325 832 Occurrit
1368 777 1568 830 autem
1616 770 1728 830 hac
1773 770 1832 829 in
1881 787 1947 828 re
1990 768 2300 845 singulare
2345 765 2648 844 quiddam,

406 870 570 948 quod
629 872 836 948 paucis
895 872 1314 950 explicandum
1360 871 1600 932 videtur
1658 889 1819 950 esse3
1895 889 2028 930 nam
2076 888 2207 930 cnm
2255 869 2381 928 fere
2425 868 2646 944 ubique

400 973 462 1031 in
509 973 845 1033 nominibus
906 977 1089 1052 atque
1146 974 1472 1034 honoribus
1532 974 1993 1051 perscribendis,
2051 972 2153 1050 qui
2220 971 2424 1031 titulos
2489 988 2646 1028 com·

403 1081 743 1152 posuerunt
805 1075 991 1137 multo
1057 1078 1335 1155 majorem
1394 1096 1595 1137 curam
1643 1076 2045 1155 impenderint
2088 1093 2265 1152 quam
2313 1074 2649 1151 scriptores,

401 1182 597 1236 tamen
650 1178 707 1236 hi
770 1179 1217 1238 accuratissime
1279 1179 1660 1256 distinguunt
1719 1178 2119 1255 primipilares
2178 1181 2237 1236 et
2299 1173 2646 1252 primipilos‚

401 1279 492 1338 illi
554 1280 768 1356 passim
829 1280 1240 1359 confundunt,
1298 1285 1357 1339 et
1415 1282 1511 1340 ubi
1575 1281 1637 1340 id
1685 1281 1929 1340 verbum
1974 1280 2375 1357 perscriptum
2425 1276 2648 1336 habent

400 1380 498 1440 hic
560 1382 1028 1458 „primipilaris“,
1089 1383 1203 1442 illic
1265 1382 1714 1460 „primipilus“,
1789 1401 2083 1459 nusquam
2132 1399 2274 1441 vero
2321 1386 2642 1456 utrumque

401 1484 678 1544 afferunt.

572 1587 756 1664 Cujus
800 1588 884 1648 rei
931 1607 1089 1665 quae
1132 1589 1315 1649 fuerit
1360 1607 1561 1667 causa,
1605 1588 1781 1648 facile
1826 1587 2196 1663 intelligitur3
2244 1603 2457 1646 munus
2487 1585 2642 1644 enim

401 1690 681 1766 primipili
739 1695 798 1749 et
857 1691 1118 1768 dignitas
1162 1692 1549 1777 primipilaris
1599 1693 1680 1751 ita
1725 1692 1881 1749 inter
1925 1709 1988 1750 se
2035 1690 2359 1767 conjuncta
2402 1693 2462 1747 et
2507 1705 2642 1746 con·

399 1793 625 1850 sociata
684 1798 885 1865 eraut,
948 1799 1015 1854 ut
1073 1794 1323 1853 alterum
1388 1795 1736 1855 nominatim
1797 1793 2025 1852 referre
2106 1793 2251 1851 satis
2311 1796 2498 1866 esset3
2571 1809 2643 1849 ac

400 1893 762 1952 concludere
825 1896 994 1955 nobis
1057 1896 1198 1955 licet
1257 1915 1330 1956 ex
1395 1896 1508 1955 hac
1551 1915 1652 1972 re,
1707 1896 1961 1972 primum
2008 1894 2244 1971 quidem
2292 1910 2496 1952 omnes
2541 1892 2644 1968 qui

400 2013 473 2053 ex
535 1996 901 2073 primipilatu
951 1999 1201 2057 honesta
1247 2000 1522 2058 missione
1580 1999 1738 2057 missi
1802 2002 2005 2074 erant,
2078 1997 2386 2072 dignitatis
2444 1995 2644 2071 primi-

397 2097 677 2173 pilarium
722 2099 1046 2175 participes
1092 2101 1283 2161 factos
1328 2119 1479 2172 esse,
1540 2100 1760 2160 deinde
1806 2100 2000 2159 nullos
2046 2099 2197 2158 alios
2243 2099 2641 2167 centuriones,

396 2201 512 2258 nisi
556 2201 658 2276 qui
705 2202 834 2277 ipso
879 2203 1249 2280 primipilatu
1296 2203 1484 2263 functi
1532 2208 1723 2281 erant,
1768 2202 1827 2262 in
1873 2202 2142 2261 ordinem
2187 2199 2636 2276 primipilarium

397 2307 674 2380 receptos
720 2322 869 2364 esse.

568 2405 736 2481 Quae
782 2425 914 2467 cum
962 2408 1046 2469 ita
1090 2408 1234 2481 sint,
1298 2407 1571 2485 sequitur
1617 2413 1684 2469 ut
1729 2408 1806 2468 ad
1853 2408 2008 2468 hanc
2055 2405 2506 2486 primipilarium
2553 2403 2637 2462 in·

394 2638 524 2689 veni
546 2635 605 2689 in
629 2637 806 2691 altera
831 2638 1078 2693 editione
1101 2639 1231 2693 anni
1255 2639 1593 2706 MDCXIV.)
1628 2648 1821 2695 contra
1856 2656 1952 2695 eos
1988 2641 2254 2708 disputat,
2295 2636 2422 2706 „qui
2460 2642 2636 2690 totum

393 2721 643 2775 ordinem
680 2738 791 2776 non
830 2724 1005 2792 pilum
1031 2725 1130 2779 sed
1156 2725 1567 2795 primumpilum
1593 2727 1893 2795 appellant,
1930 2727 2024 2794 qui
2051 2724 2356 2778 seeundum
2383 2723 2638 2791 primum·

394 2807 586 2875 pilum,
610 2810 832 2862 tertium
854 2809 1261 2877 primumpilum
1288 2809 1469 2865 fuisse
1496 2814 1754 2880 volunt“;
1779 2828 1845 2865 ex
1869 2809 2274 2864 recentioribus
2293 2808 2432 2860 viris
2454 2805 2637 2860 doctis

393 2891 770 2947 Schneiderus
828 2895 929 2953 „de
984 2895 1244 2950 censione
1298 2895 1569 2950 hastaria“
1629 2897 1810 2951 Berol.
1853 2900 1978 2949 1547
2037 2914 2090 2964 p.
2130 2900 2191 2948 47
2247 2893 2391 2947 idem
2431 2891 2637 2961 posuit,

394 2978 545 3045 quod
582 2978 812 3046 Lipsius
847 2979 1201 3047 improbavit,
1239 2981 1580 3049 argumentis
1621 2991 1681 3034 ut
1707 2980 1837 3034 mihi
1865 2981 2089 3033 videtur
2117 2980 2419 3033 levioribus
2444 2978 2636 3045 nixus3

393 3063 766 3117 Mommsenus
820 3065 852 3117 l.
908 3082 954 3117 c.
1009 3065 1078 3118 de
1134 3081 1199 3118 ea
1252 3068 1630 3120 controversia
1682 3065 1907 3119 omnino
1963 3070 2110 3119 tacet
2163 3072 2220 3117 et
2272 3080 2394 3117 cum
2447 3060 2635 3129 Lipsio

391 3148 801 3218 primumpilum
841 3151 1016 3203 solum
1055 3150 1291 3219 primum
1332 3151 1506 3205 totius
1545 3152 1782 3220 legionis
1820 3153 2198 3206 centurionem
2236 3149 2512 3218 appellat3
2549 3162 2634 3200 me

390 3234 588 3289 titulos
634 3237 1019 3289 centurionum
1067 3252 1100 3290 a
1146 3237 1482 3291 Mommseno
1532 3239 1795 3291 collectos
1833 3237 2218 3305 inspicientem
2258 3236 2433 3297 magis
2469 3250 2632 3302 quam

340 3349 347 3357 ·
392 3336 535 3387 quae
574 3319 948 3375 Schneiderus
983 3323 1144 3375 affert-
1179 3330 1531 3389 argumenta,
1582 3323 1846 3389 offendit,
1883 3323 2036 3390 quod
2073 3338 2194 3375 cum
2233 3319 2637 3389 primipilorum'

393 3406 542 3459 tituli
581 3408 841 3474 permulti
878 3409 1082 3461 servati
1122 3408 1262 3473 sint,
1324 3408 1393 3461 de
1444 3408 1540 3473 iis,
1595 3409 1690 3476 qui
1730 3409 1919 3477 primis
1955 3408 2288 3475 reliquarum
2326 3404 2631 3459 cohortium

390 3491 685 3544 ordinibus
722 3498 1034 3559 praeerant,
1069 3509 1213 3560 quos
1252 3491 1404 3553 „coh.
1448 3493 1495 3545 11
1536 3492 1681 3561 pilus
1720 3494 1887 3562 prior,
1923 3492 2041 3546 coh.
2079 3492 2176 3546 111.
2213 3491 2308 3545 IV.
2345 3497 2447 3545 etc.
2485 3490 2633 3559 pilus

390 3574 571 3643 prior‘·
610 3584 761 3629 recte
798 3578 1042 3644 appellat
1080 3577 1469 3644 Mommscnus,
1508 3593 1656 3631 uuus
1695 3579 1894 3631 titulus
1919 3577 2102 3632 adhuc
2135 3583 2321 3631 exstat
2353 3583 2444 3641 (56
2480 3576 2630 3643 apud

390 3660 841 3730 Mommsonumn
901 3668 1082 3716 tamen
1127 3678 1249 3715 eum
1288 3662 1479 3731 Lipsio
1529 3672 1588 3717 ct.
1623 3664 1962 3718 Mommseno
2009 3663 2423 3733 primumpilum
2461 3660 2630 3714 fuisse

392 3762 556 3798 unum
595 3746 651 3799 in
692 3764 801 3801 una
836 3763 1058 3818 quaque
1098 3748 1315 3816 legione
1341 3755 1397 3802 ct
1422 3751 1669 3819 reliquos
1695 3750 1854 3804 aliter
1878 3750 2186 3819 appellatos
2212 3764 2356 3815 esse,
2394 3748 2628 3816 primum

388 3831 637 3885 adducor
683 3833 808 3900 ipso
856 3834 948 3887 illo
996 3834 1157 3887 titulo
1202 3835 1527 3899 (Mommsen
1578 3839 1668 3902 56)
1715 3836 1918 3890 deinde
1967 3835 2112 3890 Livii
2150 3835 2337 3889 verbis
2377 3834 2498 3887 vll.
2536 3839 2628 3886 41:

391 3919 633 3985 ..primus
670 3920 921 3973 centurio
957 3920 1273 3989 (legionis),
1325 3937 1487 3990 quem
1544 3939 1695 3975 nunc
1750 3923 1908 3991 primi
1965 3923 2063 3991 pili
2116 3923 2456 3992 appellant·‘,
2511 3926 2627 3973 tum

388 4002 610 4071 Vegetii
647 4004 834 4059 verbis
871 4004 942 4058 Il.
982 4010 1069 4059 21:
1133 4007 1432 4075 „primipili
1469 4007 1722 4061 centurio
1759 4008 1817 4060 in
1870 4009 2046 4078 prima
2101 4008 2325 4061 cohorte
2373 4006 2444 4059 ad
2493 4007 2630 4060 bane

386 4091 647 4158 pervenit.
672 4096 920 4158 palmam,
954 4092 1010 4144 in
1035 4107 1147 4159 qua
1169 4108 1234 4145 ex
1262 4094 1407 4147 omui
1434 4092 1657 4159 legione
1683 4093 1900 4148 infinita
1924 4094 2208 4148 commoda
2230 4092 2625 4160 consequitu1··‘

387 4180 444 4227 et
479 4173 550 4228 ΙΙ.
590 4180 635 4241 S,
690 4174 930 4244 denique
985 4177 1239 4244 analogia
1286 4178 1625 4247 reliquorum
1661 4180 1962 4246 graduum,
2017 4180 2113 4247 qui
2151 4194 2343 4235 omncs
2380 4177 2627 4239 cohortis

386 4275 619 4316 numero
655 4259 903 4317 distincti
939 4269 1070 4317 sunt
1105 4260 1199 4329 (cf.
1237 4263 1557 4321 Mommsen.
1597 4264 1632 4318 l.
1670 4268 1758 4332 c.).
2107 4264 2111 4269 '
