3166 4871
554 297 677 366 202

556 458 739 548 ὑμεῖς
794 466 948 548 περὶ
1008 470 1122 552 τῆς
1185 472 1395 552 ψυχῆς
1455 457 1896 551 ἠγωνίζεσθε·
1958 458 2042 550 ἦν
2103 461 2225 548 γὰρ
2289 459 2628 539 ασπονδος
2684 464 2791 526 καὶ

556 556 929 652 ἀκήρυκτος
973 563 1130 651 ὑμῖν
1171 565 1341 654 πρὸς
1385 567 1545 646 τούς
1590 564 1841 645 θεατὰς
1884 564 2207 653 πόλεμος,
2266 558 2376 649 ὑφ
2422 554 2522 632 ὧν
2572 558 2798 641 πολλα

553 660 880 754 τραύματ
940 668 1228 756 εἰληφώς
1305 663 1589 748 εἰκότως
1648 668 1807 747 τοὺς
1882 661 2198 754 ἀπείρους
2259 673 2400 735 τῶν
2461 665 2799 735 τοιούτων

555 763 895 837 κινδύνων
933 767 1022 850 ὡς
1054 764 1314 851 δειλοῖς
1346 766 1737 850 σκώπτεις.
1788 779 1883 854 (cf
1915 780 2201 840 Democh.
2235 799 2329 856 ap.
2363 798 2537 839 anon.
2573 809 2655 818 —
2684 771 2796 838 καὶ

558 866 727 959 μετὰ
769 870 1182 960 Σωκράτους
1239 877 1350 940 καὶ
1396 872 1706 960 Σιμύλον
1749 879 1891 941 τῶν
1933 879 2165 941 κακῶν
2207 864 2597 960 ὑποκριτῶν
2641 865 2800 939 ἀλᾶ-

559 981 720 1042 σθαι
765 968 915 1041 κατ’
963 970 1213 1063 ἀγρους
1273 1014 1357 1025 -
1403 985 1682 1045 Philostr.
1714 985 1817 1044 vit.
1861 984 2041 1060 Soph.
2086 1003 2131 1044 s.
2176 978 2491 1062 Αἰσχίνης
2533 985 2798 1061 1,18,1:

558 1070 638 1147 A.
685 1117 770 1127 —
815 1075 1033 1145 ἐδόκει
1088 1083 1227 1145 πᾶν
1270 1076 1349 1145 τὸ
1395 1079 1656 1166 ἐπίχαρι
1701 1079 1775 1145 ἐκ
1822 1076 2149 1146 Διονύσου
2192 1070 2475 1166 ᾑρηκώς,
2519 1080 2634 1144 καὶ
2676 1076 2798 1164 γὰρ

559 1178 639 1268 δὴ
683 1182 797 1248 καὶ
834 1195 977 1259 τοῖς
1022 1178 1464 1266 βαρυστόνοις
1493 1176 1892 1267 ὑποκριταῖς
1932 1174 2058 1249 τὸν
2088 1182 2161 1248 ἐν
2187 1184 2510 1268 μειρακίῳ
2548 1177 2803 1268 χρόιον

557 1274 1119 1370 υπετραγῴδησεν
1147 1294 1271 1361 -).
2878 1371 2885 1376 ,

735 1395 823 1453 De
885 1412 1004 1471 quo
1060 1395 1327 1454 convicio
1388 1400 1455 1454 ut
1513 1399 1677 1455 recte
1712 1394 2083 1472 judicemus,
2145 1394 2434 1455 intuenda
2486 1394 2658 1456 nobis
2710 1399 2802 1454 est

561 1497 743 1555 totius
800 1496 940 1566 loci,
1002 1514 1120 1572 quo
1181 1497 1332 1556 haec
1390 1497 1578 1557 verba
1647 1502 1911 1573 exstant,
1967 1501 2213 1574 natura3
2268 1497 2706 1556 Demosthenes
2764 1496 2800 1556 1.

560 1599 598 1659 l.
643 1602 765 1659 257
828 1616 915 1675 sq.
978 1599 1287 1658 Aeschinis
1342 1599 1483 1659 inde
1545 1618 1581 1658 a
1642 1601 1834 1676 prima
1890 1599 2143 1660 infantia
2203 1600 2381 1659 vitam
2444 1599 2799 1677 singulaque

560 1702 691 1778 ejus
734 1705 1005 1778 tempora
1049 1701 1456 1777 circumspicit
1500 1705 1560 1760 et
1601 1701 1684 1760 ita
1728 1701 1968 1777 quidem
2014 1708 2079 1762 ut
2126 1721 2270 1762 suae
2302 1701 2541 1762 vivendi
2587 1702 2801 1761 rationi

560 1808 828 1881 opponat
885 1804 1204 1863 Aeschinis
1274 1804 1432 1863 vitae
1493 1804 1903 1874 condiciones,
1983 1823 2135 1881 quas
2193 1822 2554 1881 quocunque
2625 1804 2800 1864 modo

561 1911 757 1985 potest
796 1904 1103 1965 illudendo
1150 1910 1330 1982 atque
1377 1906 1717 1966 cavillando
1765 1905 2146 1982 perstringit;
2192 1907 2291 1966 tali
2341 1906 2628 1966 orationis
2669 1907 2801 1966 loco

561 2027 669 2087 per
726 2026 789 2068 se
848 2007 1203 2084 intelligitur
1256 2012 1488 2068 tantum
1548 2008 1791 2086 abesse,
1853 2015 1919 2068 ut
1962 2027 2122 2085 quac
2165 2008 2241 2068 dc
2300 2009 2537 2069 inimico
2597 2014 2802 2069 orator

561 2112 722 2171 dicat
766 2130 941 2187 quam
989 2111 1260 2186 proxime
1305 2110 1381 2170 ad
1427 2111 1736 2169 veritatem
1783 2111 2106 2186 accedant,
2166 2114 2233 2170 ut
2275 2111 2351 2170 ad
2397 2110 2608 2171 famam
2671 2112 2802 2191 ejus

560 2213 1054 2290 corrumpendam
1136 2231 1233 2273 res
1292 2216 1492 2288 gestas
1552 2216 1757 2273 orator
1817 2213 2055 2273 studeat
2111 2213 2441 2290 depravare
2502 2217 2683 2291 atque
2739 2214 2799 2273 in

559 2316 734 2394 pejus
779 2321 1036 2392 mutare;
1091 2316 1280 2391 primo
1326 2314 1534 2375 obtutu
1572 2316 1699 2392 jam
1747 2334 1817 2375 eo
1864 2315 2235 2392 offendimur,
2278 2316 2441 2394 quod
2501 2316 2644 2376 solis
2686 2316 2803 2376 illis

561 2418 758 2479 verbis
800 2418 836 2477 l.
867 2417 901 2476 l.
933 2417 1193 2478 absolvit
1221 2423 1459 2495 tempus
1491 2416 1657 2495 illud,
1702 2435 1821 2494 quo
1852 2417 2183 2479 Aeschines
2214 2418 2519 2480 histrionis
2556 2437 2803 2480 munere

558 2522 635 2582 sit
689 2520 959 2597 functus,
1017 2519 1185 2597 quasi
1242 2538 1480 2597 semper
1541 2539 1674 2580 cum
1734 2521 1958 2597 Simylo
2018 2526 2079 2581 et
2135 2521 2384 2583 Socrate
2444 2540 2802 2605 semperque

557 2622 690 2684 ruri
728 2627 1008 2682 versatus
1036 2626 1220 2683 artem
1255 2640 1421 2681 suam
1453 2623 1807 2683 exercuerit.
1892 2622 2116 2683 Eadem
2149 2622 2277 2683 fere
2323 2626 2554 2687 ratione
2585 2619 2800 2686 Demo-

558 2726 799 2786 sthenes
828 2725 1015 2784 utitur
1044 2725 1175 2785 loco
1222 2724 1493 2784 similiter
1538 2729 1899 2801 comparato,
1948 2724 2005 2784 d.
2036 2724 2072 2783 f.
2107 2725 2143 2785 l.
2177 2729 2300 2789 200
2332 2724 2506 2800 (403)
2560 2757 2676 2800 „--
2720 2711 2805 2786 τὰ

560 2825 911 2887 τελευταῖα
957 2809 1017 2885 δ’
1049 2815 1322 2904 ἔναγχος
1366 2818 1440 2884 ἐν
1480 2820 1821 2905 χορηγίοις
1858 2811 2239 2904 ἀλλοτρίοις
2283 2821 2394 2887 ἐπὶ
2438 2824 2537 2908 τῷ
2581 2846 2800 2908 τριτα-

559 2934 909 3010 γωνιστεῖν
955 2913 1314 3009 ἀγαπητῶς
1341 2919 1947 3009 παρατρεφόμενον
1990 2929 2127 2988 —.“
2199 2932 2412 3008 Egisse
2446 2932 2796 2993 Aeschinem

558 3033 791 3094 fabulas
837 3038 1012 3094 extra
1055 3033 1263 3093 urbem
1301 3037 1374 3101 ‚et
1416 3034 1712 3094 rationem
1761 3033 1815 3093 ei
1856 3034 2264 3094 intercessisse
2309 3053 2441 3095 cum
2474 3033 2698 3111 Simylo
2744 3036 2804 3094 et

562 3134 807 3196 Socrate
851 3136 1092 3213 tragicis
1139 3135 1542 3207 histrionibus,
1590 3135 1789 3196 facere
1836 3153 1955 3195 non
2003 3137 2330 3212 poterimus
2389 3138 2535 3215 quin
2582 3139 2801 3198 Demo·

560 3238 756 3299 stheni
801 3238 1135 3316 credamus,
1180 3240 1459 3314 quoniam
1507 3238 1827 3299 histriones
1868 3238 2000 3315 ipsi,
2046 3238 2397 3315 quibuscum
2446 3239 2802 3317 conjunctus

559 3339 757 3418 fuerit,
801 3341 1200 3399 nominantur.
1289 3339 1532 3401 Modum
1575 3358 1646 3400 ac
1677 3341 1991 3400 veritatem
2037 3340 2435 3418 egrediuntur
2463 3340 2802 3419 infestoque

560 3441 816 3501 oratoris
847 3441 1043 3501 animo
1084 3441 1404 3501 tribuenda
1434 3447 1577 3502 sunt
1609 3446 1811 3503 cetera
1839 3461 1993 3519 quae
2027 3443 2081 3502 b.
2112 3444 2149 3503 l.
2191 3443 2493 3519 leguntur.
2566 3441 2802 3505 Cetero-

560 3542 706 3621 quin
767 3561 899 3602 cum
946 3540 1267 3603 Schaefero
1320 3542 1496 3621 facio,
1557 3546 1660 3621 qni
1709 3563 1865 3622 quae
1911 3546 1986 3604 de
2031 3546 2326 3606 Aeschine
2370 3546 2658 3607 histrione
2716 3544 2803 3606 di-

559 3646 830 3723 sputavit
872 3645 1032 3705 hisce
1077 3646 1277 3706 verbis
1323 3646 1654 3707 concludit:
1716 3647 1937 3717 „Schen
1988 3649 2094 3706 wir
2151 3649 2226 3709 ab
2273 3666 2389 3708 von
2436 3648 2642 3709 diesen
2701 3667 2800 3725 ge-

559 3747 837 3825 hassigen
897 3748 1370 3824 Auslassungen,
1429 3766 1495 3809 so
1561 3749 1803 3809 werden
1852 3751 1958 3808 wir
2019 3749 2173 3809 doch
2235 3749 2401 3810 nicht
2458 3751 2514 3810 in
2562 3749 2800 3810 Abrede

560 3850 775 3911 stellcn
820 3848 1080 3921 konnen,
1133 3849 1271 3909 dass
1315 3851 1482 3911 nicht
1527 3852 1966 3928 Begeisterung
2012 3850 2110 3911 fur
2155 3851 2248 3911 die
2294 3851 2497 3911 Kunst
2539 3850 2800 3913 sondern

563 3953 671 4013 der
713 3951 1110 4012 Broderwerb
1145 3951 1475 4013 Aeschines
1520 3971 1628 4013 zur
1657 3952 1867 4013 Bubne
1914 3952 2128 4013 fubrte.
2216 3954 2379 4014 Aber
2423 3952 2549 4013 sein
2581 3953 2803 4014 'Palent

563 4054 794 4115 machte
841 4053 964 4114 sich
1014 4053 1165 4114 doch
1214 4055 1422 4114 soweit
1465 4055 1746 4132 geltend‚
1803 4054 1941 4115 dass
1988 4054 2082 4114 die
2141 4060 2335 4115 ersten
2385 4055 2802 4134 Schauspieler

553 4158 733 4234 jener
762 4158 928 4235 Tage
976 4156 1075 4215 ihu
1123 4176 1198 4216 zu
1227 4157 1398 4216 ihren
1446 4158 1665 4218 dritten
1700 4157 1910 4217 Rollcn
1945 4157 2352 4218 verwandten.
2441 4158 2573 4219 Von
2620 4158 2802 4217 ihnen

562 4260 880 4335 augcleitct
909 4259 1068 4318 ward
1114 4278 1179 4317 er
1212 4261 1313 4318 mit
1362 4261 1476 4319 den
1509 4259 2001 4320 Meisterwerken
2036 4260 2144 4320 der
2175 4259 2467 4320 attischeu
2500 4257 2803 4336 'Pragodie
