3166 4871
752 512 791 564 1.
828 510 1212 564 ‘terminationis
1256 525 1381 573 αιος
1424 526 1460 562 α
1506 511 1684 576 sarpis
1731 512 2023 578 prototypa·
2068 512 2328 565 membrum
2366 510 2577 565 interius
2611 511 2691 567 08!
2757 453 2864 493 pas.

821 595 853 665 g
891 599 955 648 36
975 624 1041 633 —-
1062 599 1144 648 44.
1233 633 2689 650 ..................
2763 599 2863 649 ios

1104 674 1119 689 ⁰
1158 678 1215 749 (ξ
1251 684 1485 733 38-42
1524 686 1662 749 γαῖα
1698 697 1826 735 cum
1863 681 2213 749 compositis)

752 767 803 822 2.
838 766 1224 822 ‘terminationis
1261 784 1385 830 αιος
1419 785 1456 820 α
1493 766 1675 833 turpis
1714 768 2007 833 prototypa
2041 769 2271 823 summm
2305 768 2434 822 est·

920 867 968 905 a.
1006 849 1239 905 Nomina
1262 851 1319 905 in
1344 870 1468 916 αιος
1490 867 1523 905 a
1545 853 1868 906 masculinis
1891 852 1949 906 in
1987 870 2053 918 ας
2087 872 2152 921 ης
2187 852 2688 921 derivatag45A6.
2767 856 2862 905 134

920 936 973 991 b.
1000 936 1232 990 Nomina
1257 935 1315 990 in
1341 954 1466 1001 αιος
1489 952 1521 990 a
1557 936 1841 992 femininis
1875 938 1930 991 in
1967 957 2004 992 α
2041 957 2074 1006 η
2112 937 2365 992 derivata
2399 938 2689 1007 §47-64.
2770 940 2864 990 136

917 1038 963 1076 c.
1006 1020 1240 1075 Nomina
1262 1021 1321 1075 in
1345 1040 1470 1086 αιος
1504 1022 1574 1076 ab
1614 1022 1894 1077 adverbiis
1932 1023 2180 1077 derivata
2214 1022 2247 1093 ξ
2283 1027 2364 1076 65.
2402 1027 2484 1076 66.
2590 1061 2603 1074 .
2674 1061 2688 1074 .
2766 1025 2861 1073 167

921 1107 976 1161 d.
1000 1106 1237 1161 Nomina
1260 1107 1313 1161 in
1332 1104 1467 1172 ὶιιος
1498 1123 1531 1161 a
1565 1108 1758 1162 verbis
1796 1108 2046 1162 derivata
2080 1108 2112 1178 ξ
2147 1113 2230 1162 67.
2336 1145 2687 1161 .....
2766 1108 2853 1159 171

616 1194 725 1244 IV.
761 1193 857 1244 De
890 1193 1212 1245 vocabu-lis
1246 1194 1311 1243 in
1348 1211 1471 1257 αιυς
1503 1207 1543 1243 a
1579 1195 1877 1257 stirpibus
1910 1196 1976 1245 in
2013 1211 2043 1247 ο
2080 1194 2392 1246 derivatis.

747 1281 786 1333 1.
838 1281 970 1344 Quas
1028 1293 1062 1333 a
1119 1279 1455 1335 substantivis
1522 1280 1602 1334 vsi
1671 1282 1938 1346 adleclivls
2007 1280 2364 1335 decimationis
2433 1281 2689 1335 ”wadan

679 1356 992 1421 descendunt
1051 1403 2687 1419 ....................
2767 1369 2862 1418 176

815 1452 847 1519 ξ
883 1454 964 1504 66.
1038 1451 1448 1504 Enumerantur
1485 1448 1650 1504 huius
1687 1449 1884 1504 elassis
1921 1450 2196 1504 vocabula
2247 1488 2684 1503 ......
2769 1456 2862 1503 176

815 1536 847 1606 ξ
885 1542 965 1589 69.
1038 1535 1324 1600 Quomodo
1362 1535 1495 1589 haec
1534 1535 1790 1589 formatio
1827 1535 2160 1604 explicanda
2195 1535 2272 1589 sit
2330 1574 2684 1588 .....
2767 1539 2861 1589 185

749 1622 800 1677 2.
836 1623 1044 1676 nomina
1079 1624 1127 1677 ln
1165 1639 1290 1685 αιος
1323 1636 1457 1688 quas
1492 1623 1722 1676 videntur
1758 1623 1987 1683 {orbana
2078 1660 2684 1674 ........
2764 1626 2861 1675 166

814 1706 846 1776 ξ
883 1712 962 1759 70.
1034 1705 1265 1760 Nomina
1311 1705 1371 1760 in
1419 1725 1542 1771 αιος
1590 1722 1733 1777 quac
1777 1706 2012 1760 activam
2057 1707 2148 1760 vel
2198 1706 2477 1775 passivam
2514 1705 2682 1773 signi·

1114 1790 1422 1846 ficationem
1462 1791 1688 1857 habent,
1746 1807 1856 1846 non
1903 1791 1973 1845 ab
2021 1791 2315 1845 abstractis
2350 1791 2407 1845 in
2444 1810 2477 1859 η
2516 1792 2616 1845 sed
2652 1807 2686 1844 a

1109 1876 1390 1933 concretis
1428 1878 1484 1933 in
1520 1896 1585 1941 ος
1623 1878 1973 1933 descendunt
2075 1916 2088 1930 .
2161 1916 2174 1930 .
2245 1918 2259 1931 .
2499 1916 2513 1930 .
2583 1916 2598 1930 .
2668 1915 2682 1930 .
2764 1880 2859 1932 186

1041 1965 1315 2018 concreta
1350 1963 1402 2016 in
1441 1982 1503 2027 ος
1538 1964 1700 2016 etiam
1737 1979 1770 2017 a
1805 1962 1990 2017 verbis
2028 1961 2300 2017 derivatis
2332 1962 2616 2016 ducuntur
2667 2000 2681 2016 .
2765 1966 2859 2015 159

813 2050 844 2119 ξ
881 2052 1031 2102 71-
1048 2053 1129 2102 76.
1203 2050 1613 2103 Enumerantur
1650 2047 1818 2103 huius
1855 2047 2053 2103 classis
2090 2046 2362 2103 vocabula
2414 2088 2426 2101 .
2500 2088 2512 2101 .
2584 2086 2597 2100 .
2668 2087 2681 2101 .
2765 2052 2858 2102 193

814 2134 846 2204 ξ
882 2139 964 2187 77.
1034 2132 1258 2187 nomina
1294 2133 1538 2187 verbalia
1560 2133 1632 2186 ·in
1669 2152 1828 2198 ταιος
1897 2171 2679 2187 ..........
2755 2137 2855 2186 230

812 2220 845 2289 ξ
882 2224 959 2275 78.
1031 2219 1259 2273 nomina
1292 2217 1539 2273 verbalia
1572 2219 1629 2273 in
1665 2236 1903 2285 μεναιος
1935 2236 2140 2287 μναιος
2243 2256 2682 2271 ......
2759 2222 2851 2271 231

747 2307 798 2360 3.
834 2308 1041 2359 Nomina
1078 2305 1126 2358 in
1162 2322 1355 2371 ιμαιος
1388 2304 1421 2373 ξ
1459 2308 1524 2358 79
1562 2342 2680 2358 ..............
2758 2307 2852 2357 241

743 2392 798 2445 4.
833 2391 1043 2446 nomina
1080 2391 1128 2444 ln
1168 2408 1313 2456 ιαιος
1347 2388 1379 2460 fi
1414 2393 1478 2444 80
1560 2427 2679 2444 ..............
2757 2394 2854 2445 214

608 2477 684 2527 V.
717 2477 814 2528 De
848 2479 1279 2528 terminatione
1316 2494 1439 2539 αιος
1472 2477 1554 2528 ad
1589 2477 1744 2530 alias
1779 2477 2007 2538 stirpes
2041 2476 2256 2528 addita
2288 2477 2426 2546 §SL
2498 2515 2512 2529 .
2582 2513 2596 2529 .
2667 2515 2680 2529 .
2759 2481 2853 2530 247

607 2562 715 2613 VI.
750 2562 1071 2626 Adespota
1104 2562 1137 2632 ξ
1170 2566 1234 2615 62
1305 2598 2679 2615 .................
2756 2565 2856 2615 251»

607 2643 893 2701 Addenda
928 2655 984 2701 et
1018 2646 1350 2714 corrigenda
1386 2684 2590 2701 ...............
2641 2645 2676 2700 “.
2756 2653 2852 2701 257

498 2778 513 2790 .
610 2732 783 2787 Index
822 2732 1115 2786 verborum
1214 2770 2678 2787 ..................
2758 2737 2857 2789 259

608 2817 786 2872 Index
823 2833 1006 2871 rerum
1051 2856 1489 2873 ......
1522 2865 1527 2870 .
1559 2855 2679 2872 ..............
2755 2823 2855 2873 272

608 2902 784 2957 Index
823 2903 1155 2972 scriptorum
1214 2941 2677 2959 ..................
2755 2907 2854 2958 275
