3166 4871
565 305 643 363 10
1560 298 1821 354 zacher

572 479 746 538 niunt
790 479 1014 539 formae
1060 479 1363 579 vulgaire,
1408 479 1646 555 qualem
1694 483 1889 535 ποεῖν
1935 478 2118 538 fuisse
2163 481 2427 554 constat3
2474 478 2620 538 haec
2651 479 2803 537 solet

562 585 767 640 vetera
826 598 1103 641 servare:
1177 583 1377 658 itaque
1444 599 1629 657 quum
1688 581 2001 640 retinuerit
2059 582 2180 640 iota
2247 581 2309 640 in
2366 574 2538 638 καίω
2583 574 2801 638 κλαίω

563 677 803 755 arez-042,
850 675 1061 751 ἐλαία,
1108 684 1285 743 etiam
1333 685 1391 743 in
1436 676 1652 741 ποιέω
1700 683 1919 759 ubique
1966 684 2087 742 iota
2132 684 2405 758 quamvis
2450 683 2617 742 tenui
2653 699 2800 741 sono

567 784 903 860 praeditum
950 786 1265 846 retinuisse
1298 786 1564 864 putanda
1595 791 1700 845 est.
1786 785 1902 845 Sed
1935 803 2255 863 pergamus
2295 785 2799 862 diphthongorum

565 888 625 944 in
671 888 997 963 tragoediis
1044 892 1450 965 correptarum
1497 890 1770 964 exempla
1831 901 2216 947 enumerare:
2296 877 2618 967 γεραιός
2664 888 2802 946 Eur.

570 989 811 1066 Hippoi.
862 985 997 1047 171.
1085 991 1263 1049 Herc.
1307 989 1348 1049 s.
1398 986 1535 1049 115.
1580 986 1704 1045 900
1774 988 1890 1061 (bis
1936 990 2170 1049 duobus
2236 990 2384 1048 locis
2438 989 2499 1049 in
2546 989 2663 1048 arsi
2710 1006 2800 1047 so-

561 1088 731 1159 luta).
824 1090 1031 1167 Suppl.
1062 1089 1142 1147 42
1189 1110 1296 1168 pro
1345 1082 1651 1170 γεράρων
1698 1091 1907 1152 Markl.
1953 1093 2109 1169 conj.
2141 1087 2445 1171 γεραιῶν.
2536 1084 2802 1163 βιαίας

562 1191 743 1267 Soph.
790 1193 929 1252 Ant.
980 1191 1141 1250 1140
1189 1192 1375 1270 (quod
1423 1196 1570 1254 satis
1615 1195 1988 1271 ambignum,
2033 1213 2165 1254 nam
2214 1211 2556 1270 quanquam
2602 1190 2694 1249 θλ
2740 1192 2798 1251 in

563 1287 912 1369 γένεθλον,
959 1296 1120 1372 quod
1171 1298 1228 1357 in
1276 1298 1507 1357 antistr.
1540 1296 1883 1374 respondet,
1927 1316 2046 1357 non
2079 1298 2414 1375 necessario
2444 1296 2802 1373 positionem

560 1393 757 1455 facere
802 1397 1008 1475 debet,
1062 1403 1262 1459 tamen
1330 1400 1500 1459 metri
1566 1404 1783 1460 natura
1839 1399 2076 1459 videtur
2119 1400 2395 1477 exigere,
2453 1400 2521 1458 ut
2562 1410 2800 1457 versum

560 1497 839 1558 claudant
883 1499 1036 1560 duae
1084 1502 1347 1577 syllabae
1394 1500 1654 1577 longae).
1742 1496 2048 1560 δειλαϊο
2066 1500 2112 1571 ς’
2143 1502 2323 1578 Soph.
2353 1501 2443 1561 El.
2475 1495 2599 1557 849
2644 1491 2798 1571 (δει-

488 1634 505 1649 .
565 1593 721 1659 λαία
786 1596 1099 1662 δειλαίων
1117 1623 1135 1661 .·
1222 1601 1385 1663 πᾶσι
1450 1604 1736 1674 θνατοῖς
1808 1595 1985 1679 ἔφυ),
2040 1604 2178 1664 Ant.
2242 1600 2401 1660 1310
2489 1598 2814 1681 (deczazog

556 1707 822 1809 —C'CL
910 1742 1052 1800 Eur.
1097 1740 1321 1800 Phoen.
1374 1735 1529 1797 1287
1594 1735 1901 1820 (ματέρος
1947 1734 2238 1809 δειλαίας
2284 1759 2302 1797 .·
2350 1724 2562 1816 αὐτίχ’
2617 1726 2800 1815 αἷμά·

563 1839 811 1920 ξετον),
878 1843 1087 1920 Suppl.
1132 1839 1273 1902 279.
1382 1832 1723 1913 παλαιός
1769 1844 1907 1902 Eur.
1955 1842 2042 1901 El.
2091 1838 2210 1899 497
2261 1830 2575 1914 (παλαιόν
2622 1858 2690 1898 τε
2740 1841 2800 1899 in

556 1944 680 2002 init.
733 1940 933 2015 vers).
1036 1936 1370 2015 ἱκταῖος
1428 1946 1646 2005 Aesch.
1705 1946 1912 2022 Suppl.
1959 1940 2082 2002 385
2156 1938 2358 2021 (μένει
2420 1960 2524 2001 τοι
2587 1931 2801 2020 Ζηνὸς

562 2037 832 2105 ἱκταίου
877 2035 1096 2117 κότος.
1184 2050 1273 2107 De
1320 2048 1434 2107 boc
1464 2048 1756 2107 vocabulo
1797 2046 1957 2107 infra
1988 2047 2023 2117 ξ
2057 2045 2135 2103 45
2183 2047 2372 2106 fusius
2403 2042 2801 2117 disseremus).

560 2134 892 2227 [Ἰδαίαν
938 2151 1080 2209 Eur.
1125 2149 1312 2209 Andr.
1357 2147 1499 2228 275,
1542 2149 1706 2226 quod
1753 2150 2059 2209 Hau-telius
2103 2147 2411 2226 adjungit,
2455 2165 2574 2207 non
2622 2147 2797 2206 debe-

555 2251 659 2310 bat
701 2252 933 2328 afferri,
976 2269 1159 2327 quum
1207 2251 1569 2329 respondeat
1614 2253 1672 2310 in
1704 2252 2080 2328 antistropha
2110 2235 2436 2328 οὖρειᾶν].
2525 2244 2796 2306 τοιοῦ-

560 2370 693 2421 τος
754 2355 931 2429 Soph.
992 2355 1094 2411 Tr.
1147 2350 1322 2410 1175.
1397 2354 1540 2412 Eur.
1588 2354 1741 2412 Med.
1802 2349 1942 2413 626.
2003 2353 2219 2421 Aesch.
2285 2351 2475 2412 Niobe
2541 2351 2613 2410 fr.
2665 2348 2801 2410 159.

560 2446 891 2515 τοιόνδε
938 2457 1077 2515 Eur.
1111 2456 1296 2514 Andr.
1336 2453 1511 2515 1074.
1600 2443 1777 2525 οἶός
1821 2475 1900 2514 τε
1948 2457 2125 2534 Soph.
2157 2455 2263 2515 Ph.
2296 2451 2437 2512 925.
2482 2455 2588 2516 ΟΒ
2624 2451 2800 2512 1415.

563 2558 664 2619 OC
710 2554 851 2616 262.
898 2554 1038 2616 803.
1090 2553 1264 2617 1136.
1318 2553 1494 2616 1418:
1540 2560 1643 2619 Tr.
1690 2556 1829 2618 742.
1919 2559 2098 2635 Apud
2131 2557 2494 2636 Aeschylum
2539 2560 2601 2616 et
2630 2557 2800 2615 Euri-

557 2660 755 2736 pidem
804 2661 981 2719 huius
1026 2651 1298 2720 vocabuli
1344 2660 1755 2738 diphthongus
1802 2663 1914 2720 nisi
1962 2664 2020 2720 in
2067 2660 2262 2738 inpari
2308 2677 2519 2720 versus
2565 2658 2797 2718 iambici

557 2763 698 2821 sede
761 2781 885 2821 non
941 2763 1275 2837 corripitur.
1367 2762 1669 2834 [ποῖος.
1761 2765 1931 2823 Hart.
1987 2766 2163 2823 affert
2205 2762 2429 2823 Phoen.
2478 2757 2632 2838 885,
2693 2761 2799 2820 sed

562 2851 675 2922 hoc
724 2865 854 2922 loco
901 2881 962 2919 oe
1011 2864 1070 2923 in
1117 2866 1231 2924 arsi
1279 2872 1388 2943 est,
1431 2867 1633 2942 itaque
1664 2865 1926 2942 longum,
1970 2871 2029 2925 et
2063 2866 2163 2926 Or.
2198 2863 2329 2943 155,
2375 2865 2480 2924 sed
2518 2866 2630 2924 hoc
2663 2864 2796 2923 loco

559 2958 760 3034 ποῖός
809 2968 1047 3026 omnino
1094 2987 1211 3027 non
1260 2973 1366 3027 est.
1453 2969 1671 3044 Neque
1716 2962 1975 3026 τοίων
2020 2968 2234 3027 Aesch.
2264 2967 2426 3044 Sept.
2456 2962 2580 3024 972
2613 2968 2798 3026 affere

560 3067 835 3146 debebat,
879 3069 1159 3129 traditum
1210 3071 1363 3130 enim
1413 3076 1501 3129 est
1545 3054 1765 3147 ἀχέων
1811 3065 2019 3128 τοίων
2049 3054 2194 3127 τάδ’
2225 3060 2533 3148 ἐγγύθεν,
2579 3068 2797 3146 quibus

557 3173 925 3248 respondent
990 3161 1285 3230 δύστονα
1350 3157 1531 3252 κήδε’
1592 3160 1930 3249 ὁμώνυμα.
2025 3172 2210 3231 Vides
2282 3173 2534 3232 alterum
2597 3177 2795 3230 utrum

558 3291 797 3331 versum
845 3281 1193 3349 corruptum
1240 3293 1399 3352 esse,
1451 3280 1649 3334 tamen
1697 3294 1823 3334 carn
1874 3275 1946 3334 de
1994 3293 2114 3350 qua
2159 3277 2357 3350 agitur
2400 3275 2688 3349 syllabam
2736 3276 2794 3332 in

560 3379 815 3450 utroque
863 3394 994 3434 esse
1040 3376 1295 3453 longam.
1383 3378 1763 3436 Hermannus
1809 3376 1962 3437 felici
2012 3377 2361 3455 conjectura
2406 3373 2592 3434 edidit
2635 3359 2796 3450 ἄχεα

560 3464 711 3532 δοιὰ
757 3460 903 3532 τάδ’
948 3466 1269 3553 ἐγγύθεν;
1330 3472 1579 3535 δίπονα
1624 3463 1804 3556 κήδε’
1841 3457 2189 3556 ὁμώνυμα,
2236 3495 2392 3554 quae
2438 3483 2799 3552 receperunt

557 3576 786 3636 Ritschl
848 3583 907 3636 et
952 3577 1151 3651 Weil].
1239 3569 1597 3650 οῖωνούς
1663 3581 1843 3658 Soph.
1907 3582 1996 3640 El.
2063 3575 2219 3636 1058
2303 3577 2672 3656 (quanquam
2738 3587 2797 3640 et

559 3680 672 3738 hoc
718 3681 850 3740 loco
894 3682 1132 3741 turbata
1176 3687 1265 3741 est
1310 3685 1746 3762 antisti-ophica
1776 3685 2105 3760 respons10‚
2152 3702 2284 3741 nam
2320 3682 2518 3742 versui
2550 3701 2797 3758 respon-

560 3782 725 3842 denti
769 3784 828 3841 in
876 3783 992 3843 fine
1040 3784 1207 3843 deest
1253 3785 1503 3860 syllaba:
1553 3793 1842 3862 rosere,
1887 3805 2062 3861 quam
2107 3785 2289 3844 variis
2337 3785 2526 3844 modis
2573 3806 2667 3845 vv.
2699 3786 2797 3846 dd.

558 3886 842 3962 supplere
874 3885 1278 3958 studuerunt).
1322 3889 1602 3947 Fortasse
1635 3905 1690 3945 ει
1737 3892 2071 3963 correptum
2107 3895 2198 3947 est
2241 3889 2300 3945 in
2348 3879 2608 3964 idonce
2653 3890 2797 3948 Eur.

561 3984 806 4058 [Bacch.
862 3985 1017 4042 1114
1063 3977 1301 4066 πρώτη
1349 3984 1417 4047 ὁὶ
1463 3979 1680 4067 μήτηρ
1726 3969 1925 4066 ἧρξεν
1972 3981 2177 4066 ἱερεῖα
2222 3978 2491 4065 φόνου],
2537 3987 2640 4048 Or.
2672 3968 2788 4045 26⁹1

558 4077 934 4167 (γόργωπες
979 4083 1233 4168 ἐνέρων
1278 4082 1504 4168 ἱέρειαι
1555 4084 1760 4148 δειναὶ
1813 4085 2021 4169 θεαί),
2068 4091 2162 4150 ubi
2213 4091 2485 4169 plerique
2534 4091 2796 4150 editores

561 4209 674 4249 scr.
720 4182 890 4267 ἱὲρια
936 4197 995 4250 et
1039 4183 1253 4269 ἱέριαι.
1347 4192 1431 4252 cf.
1463 4193 1680 4251 Buttm.
1712 4192 1880 4250 Ausf.
1926 4192 2024 4252 Gr.
2072 4195 2106 4263 ξ
2164 4191 2296 4269 119,
2345 4191 2417 4247 51
2444 4185 2496 4250 *.
2584 4193 2794 4269 ltaque

560 4293 731 4350 etiam
782 4293 907 4368 lph.
953 4293 1023 4353 T.
1069 4291 1149 4350 34
1198 4294 1451 4353 fortasse
1497 4283 1819 4370 legendum
1865 4285 2111 4374 ἱέρειαν
2157 4287 2387 4375 τίθησί
2430 4311 2527 4371 με.
2571 4324 2656 4335 -—
2700 4296 2792 4354 Ex
