3166 4871
602 309 725 371 218
1603 304 1864 360 Zacher

605 476 1067 560 καλουμένους
1115 477 1504 553 σκωπαὶους
1547 484 1647 557 *cel
1692 468 1734 541 ἃ
1776 481 2057 543 καλοῦσι
2092 479 2497 556 σκωπαίους.
2570 486 2858 546 Ceterum

602 590 662 646 in
722 591 936 665 aperto
995 591 1087 646 est
1131 587 1408 648 vocabuli
1452 587 1869 665 veriloquium.
1957 589 2109 647 Nam
2172 607 2354 664 quum
2414 608 2487 647 ex
2544 590 2855 649 simiarum

599 689 661 750 iu
725 690 1118 767 sequentibus
1184 690 1744 749 commemoratione
1814 690 2243 766 intelligamuS,
2305 691 2600 768 Sybaritis
2663 710 2857 750 nanos

603 792 736 852 illos
798 796 857 851 et
914 785 1300 860 σκωπαίους
1355 809 1695 851 scurrarum
1744 793 1878 852 loeo
1926 793 2137 863 fuisse,
2197 787 2587 863 σκωπαὶους
2633 810 2855 853 nomen

602 894 908 972 accepisse
951 900 1098 970 puto
1142 912 1178 952 a
1224 883 1538 969 σκώπτω,
1585 894 1745 954 unde
1791 896 1963 954 etiam
1996 884 2400 973 σκωπτόλης
2430 902 2490 954 et
2521 884 2857 975 σκώπτῃς.

584 999 695 1069 ‚Ab
742 997 950 1058 eadem
996 996 1198 1056 radice
1244 985 1460 1073 σκώψ.
2104 996 2119 1011 ²

775 1112 979 1177 σπορ
999 1103 1180 1158 αῖον
1223 1123 1307 1145 =
1354 1089 1627 1176 σπόρος,
1672 1117 1894 1159 semen.
1936 1101 2112 1161 Babr.
2144 1100 2261 1161 fab.
2298 1097 2393 1178 13,
2424 1097 2461 1156 2
2512 1089 2858 1178 Γεράνους

604 1196 955 1280 σποραὶων
998 1195 1322 1281 πολεμίας
1365 1191 1775 1281 κατειλήφει.

773 1310 1216 1384 στροφαῖος
1261 1305 1540 1364 Mercurii
1588 1323 1916 1382 cognomen
1956 1323 2050 1381 ap.
2082 1308 2182 1364 Ar.
2214 1305 2372 1365 Plut.
2407 1302 2598 1363 1153:
2631 1292 2855 1363 ιΕΡᾹῙ.

603 1396 787 1487 παρὰ
815 1396 942 1485 τὴν
971 1396 1199 1484 θύραν
1240 1413 1613 1484 στροφαῖον
1644 1395 2015 1485 ἱδρύσασθέ
2050 1424 2148 1485 με.
2242 1405 2382 1466 ΚΑ.
2440 1414 2858 1484 στροφαῖον;

599 1496 753 1569 ἀλλ’
797 1498 925 1569 οὐκ
971 1501 1171 1588 ἔργον
1216 1492 1350 1568 ἔστ’
1395 1493 1597 1567 οὐδὲν
1640 1506 1978 1587 στροφῶν.
2071 1511 2261 1584 Quam
2308 1528 2515 1571 vocem
2560 1530 2855 1588 gramma-

601 1616 704 1675 tici
763 1611 985 1689 duplici
1044 1613 1275 1672 ratione
1335 1613 1657 1688 explicant.
1736 1612 1801 1671 Ἰ.
1848 1617 2221 1690 στροφαῖον
2277 1613 2614 1689 significare
2674 1613 2855 1673 deum

605 1715 867 1776 cardinis
912 1720 1244 1793 portaeque
1290 1714 1623 1791 custodem,
1683 1734 1719 1772 a
1764 1703 2091 1792 στροφεύς
2136 1704 2456 1793 στρόφιγξ
2500 1716 2857 1792 repetitum:

604 1819 812 1879 schola
858 1823 1234 1896 στροφαῖον
1277 1834 1402 1876 ουι
1444 1810 1601 1895 περὶ
1646 1807 1772 1895 τὴν
1816 1805 2042 1894 θ·ι’ραν
2087 1803 2231 1875 αντὶ
2277 1814 2403 1875 τοῦ
2433 1806 2703 1891 φύλακα
2736 1816 2857 1896 τῆς

603 1910 820 1999 θύρας
882 1904 1018 1979 απὸ
1081 1918 1200 1999 τῆς
1262 1908 1681 1998 στρόφιγγος.
1771 1920 1950 1980 Post:
2015 1914 2126 1978 καὶ
2192 1925 2555 1999 στροφαῖος
2617 1914 2691 1978 ἐν
2752 1917 2856 1977 τιὸ

604 2012 914 2103 οἰκήματι
958 2013 1121 2093 θεὸς
1164 2039 1350 2101 παρα
1393 2012 1518 2081 τόν
1565 2017 1859 2101 στροφέα
1899 2014 2282 2101 ιδρυμένος·
2329 2016 2471 2080 ἐστὶ
2503 2016 2572 2080 δὲ
2594 2009 2852 2101 Ἑρμῆς.

605 2127 762 2185 Eu:
809 2131 1206 2205 στροφαῖος·
1254 2112 1292 2183 ὁ
1323 2115 1508 2205 παρὰ
1539 2131 1685 2194 ταῖς
1716 2114 1959 2203 θύραις
1994 2116 2346 2203 ἱδρυμένος
2366 2111 2620 2203 Ἑρμῆς·
2668 2114 2858 2200 παρὰ

604 2219 728 2287 τὸν
771 2223 1069 2307 στροφέα
1111 2225 1227 2308 τῆς
1273 2218 1505 2307 θύρας.
1549 2228 1830 2289 Similiter
1858 2228 2118 2304 Ilesych.
2205 2231 2259 2286 2.
2293 2233 2668 2305 στροφαῖον
2699 2226 2855 2286 deri·

608 2338 806 2391 vatum
853 2348 984 2391 esse
1027 2349 1066 2390 a
1107 2325 1522 2409 στρέφεσθαι
1567 2331 1818 2390 fallaciis
1864 2331 2214 2407 technisque
2254 2331 2341 2390 uti
2387 2328 2479 2403 (ut
2509 2331 2597 2388 Pl.
2629 2349 2674 2389 r.
2705 2349 2765 2406 p.
2797 2326 2855 2388 3.

605 2456 662 2514 p.
694 2434 817 2493 405
841 2433 913 2507 C)
957 2440 1018 2495 et
1047 2433 1384 2510 significare
1414 2434 1591 2494 deum
1620 2439 1929 2494 versutum
1962 2433 2236 2493 dolosum
2285 2434 2481 2493 furum
2515 2437 2856 2509 patronum.

604 2538 819 2600 schola
864 2527 1050 2616 παρὰ
1093 2527 1171 2595 τὸ
1219 2530 1531 2615 στρέφειν
1575 2526 1661 2594 τὰ
1704 2525 2090 2615 πράγματα·
2137 2525 2202 2594 οἱ
2235 2528 2307 2593 δὲ
2339 2532 2547 2593 τοῦτο
2576 2532 2857 2593 ποιοῦν-

605 2658 714 2713 τες
771 2637 1150 2718 πανοῦργοι
1211 2633 1518 2718 λέγονται
1579 2639 1832 2711 [rectius
1878 2641 1956 2698 P:
2021 2644 2395 2720 στροφαῖον
2447 2627 2571 2717 γάρ
2633 2655 2854 2718 φαμεν

606 2729 986 2823 ἄνθρωπον
1038 2731 1161 2801 τὸν
1206 2730 1432 2800 εἰδότα
1477 2735 1888 2819 συμπλέκειν
1930 2735 2045 2799 καὶ
2090 2735 2403 2820 στρέφειν
2451 2730 2695 2818 λόγους
2741 2736 2850 2798 καὶ

604 2836 948 2926 μηχανάςῙ.
1039 2836 1178 2903 ἔστι
1239 2838 1310 2903 δὲ
1371 2836 1720 2921 ἐπωνυμία
1763 2830 2009 2922 Ἑρμοῦ
2062 2832 2247 2922 παρὰ
2292 2832 2372 2901 τὸ
2417 2848 2562 2911 ταῖς
2607 2832 2855 2920 θύραις

607 2937 923 3028 ἱδρύσθαι
955 2941 1068 3007 ἐπὶ
1098 2943 1365 3025 φυλακῇ
1396 2944 1538 3006 τῶν
1570 2933 1804 3006 ἄλλων
1848 2943 2184 3005 κλεπτῶν.
2230 2975 2316 2987 -
2365 2947 2634 3023 Utraque
2673 2947 2853 3006 inter-

603 3054 863 3131 pretatio
927 3052 1086 3129 apud
1149 3053 1315 3113 Euat.
1375 3051 1451 3110 ad
1514 3048 1703 3110 11.ss
1746 3068 1801 3125 p.
1840 3046 2029 3126 1353,
2075 3045 2142 3108 9:
2208 3053 2572 3126 στροφαῖος
2616 3034 2857 3126 Ἑρμῆς

605 3170 810 3237 φησιν
854 3174 937 3215 ου
981 3144 1198 3233 μόνον
1241 3142 1278 3214 ὁ
1324 3143 1507 3233 παρὰ
1550 3150 1648 3211 τῶ
1695 3158 1976 3231 στροφεῑ
2021 3143 2399 3232 ἱδρυμένος,
2446 3136 2611 3209 αλλὰ
2656 3144 2769 3208 καὶ
2814 3137 2852 3208 ὃ

607 3254 918 3338 στρέφων
962 3253 1076 3316 καὶ
1122 3251 1189 3333 ἐς
1163 3259 1510 3330 απατων,
1556 3242 1708 3315 οἶον
1755 3245 2047 3333 στρόφις.
2140 3255 2342 3330 Atque
2387 3254 2646 3329 priorem
2692 3253 2850 3313 illam

606 3362 1158 3438 interpretationem
1204 3360 1279 3419 de
1325 3360 1437 3419 (leo
1486 3357 1746 3417 cardinis
1791 3356 2040 3417 custode
2088 3374 2247 3415 nunc
2291 3355 2419 3415 fere
2451 3374 2655 3415 omnes
2684 3374 2854 3414 acce-

607 3468 827 3540 perunt
871 3461 1196 3539 (Panofka‚
1241 3460 1545 3538 Welcker‚
1591 3461 1849 3537 Preller‚
1893 3461 2059 3518 Pass.
2108 3463 2168 3517 et
2210 3456 2445 3535 Thea),
2504 3476 2850 3536 quanquam

608 3565 756 3625 haec
813 3566 898 3623 ita
951 3570 1179 3624 tautum
1242 3563 1386 3622 ferri
1448 3567 1673 3641 potest,
1733 3570 1800 3622 ut
1844 3563 2175 3621 Mercurius
2222 3566 2475 3620 vocatus
2534 3560 2611 3620 sit
2652 3559 2704 3618 is
2749 3560 2853 3636 qui

606 3672 838 3745 portam
899 3660 1195 3745 στρέφει,
1258 3666 1452 3742 aperit
1509 3669 1569 3725 et
1628 3664 1868 3723 claudit.
1967 3662 2085 3725 Sed
2147 3680 2352 3723 vocem
2413 3656 2681 3739 στρέφω
2740 3663 2853 3721 hac
2920 3687 2935 3696 ·

605 3767 1036 3848 significatione
1098 3769 1173 3827 de
1230 3768 1422 3827 valvis
1483 3766 1793 3827 movendis
1853 3765 2171 3825 adhibitam
2227 3782 2359 3823 esse
2422 3784 2538 3824 uon
2593 3766 2853 3825 invenio.

606 3873 660 3933 A
718 3860 1046 3954 στροφεύς
1105 3860 1424 3948 στρόφιγξ
1482 3870 1841 3930 vocabulum
1906 3873 2180 3945 repetere
2247 3867 2620 3928 formationis
2686 3867 2853 3944 leges

606 3978 831 4036 vetant.
917 3976 1132 4050 Neque
1184 3955 1385 4032 Ocima
1429 3972 1690 4048 cardinis
1743 3972 1855 4032 dea
1899 3972 2298 4031 Romanorum
2344 3969 2615 4028 adhiberi
2661 3968 2856 4046 debet,

608 4097 792 4156 quum
850 4077 926 4137 ab
986 4076 1273 4138 eiusmodi
1333 4075 1446 4134 diis
1507 4080 1707 4134 certae
1767 4072 2003 4133 cuidam
2064 4073 2277 4133 domus
2336 4072 2493 4149 parti
2535 4072 2633 4131 vel
2677 4071 2856 4130 certis

610 4183 766 4242 vitae
809 4179 1039 4240 actibus
1083 4179 1445 4256 praepositis
1490 4177 1816 4238 abhorreat
1850 4177 2226 4236 Graecorum
2282 4173 2497 4251 religio
2543 4174 2856 4249 omnisque

605 4283 855 4344 indoles·
941 4283 1035 4341 An
1080 4281 1236 4341 forte
1282 4280 1495 4341 Graeci
1549 4298 1792 4358 quoque
1850 4278 2189 4338 habueruut
2232 4277 2528 4336 Forculoe
2572 4274 2857 4336 Limenti-
