3166 4871
2490 304 2606 364 231

380 478 551 537 etiam
579 497 614 536 a
644 495 765 554 quo
794 477 867 537 ad
903 478 1047 537 alios
1071 481 1416 556 pervenisse
1449 484 1695 557 putetur
1718 471 2090 539 ιιιιιῑιιιιιίιειειι
2120 483 2179 539 et
2206 478 2345 537 ibid.
2370 481 2452 538 28
2484 494 2615 554 per-

375 581 488 657 git:
517 581 689 657 „Non
724 581 880 640 enim
913 600 1004 640 me
1034 581 1148 641 hoc
1173 583 1301 660 jam
1333 581 1533 644 dicere
1569 582 1820 659 pudebit
1851 600 1960 642 nos
1990 600 2075 656 ea,
2120 599 2273 660 quae
2307 581 2611 640 consecuti

376 701 596 752 sumus,
642 684 712 742 iis
756 682 969 742 studiis
1015 689 1072 743 et
1104 685 1332 745 artibus
1378 703 1507 745 esse
1555 685 1825 763 adeptos,
1871 703 2022 761 quae
2068 684 2188 743 siut
2231 683 2402 743 nobis
2433 682 2613 743 Grae-

376 786 502 845 ciae
535 787 930 846 monumentis
975 792 1034 846 ct
1077 788 1292 848 litteris
1331 781 1641 848 traditae.“
1728 787 1840 849 Sed
1889 786 2111 847 dixerit
2154 786 2445 863 quispiam
2495 804 2613 844 non

374 886 501 947 sine
548 887 801 964 quadam
849 889 976 949 veri
1022 892 1221 967 specie
1268 891 1418 950 haec
1462 890 1650 950 verba
1694 909 1803 968 per
1847 908 1910 949 se
1957 908 2075 949 nou
2122 889 2367 949 multum
2413 888 2615 947 valere

375 989 452 1048 ad
496 989 893 1067 probandum,
953 992 1115 1067 quod
1178 991 1643 1064 affirmaveram,
1709 1012 1842 1052 nam
1889 992 2179 1053 hocloco
2238 991 2296 1052 id
2362 991 2615 1051 maxime

374 1099 653 1168 agentem
708 1111 842 1153 eum
899 1094 1090 1155 videri
1139 1094 1403 1155 Graecos
1463 1096 1772 1174 laudasse,
1832 1100 1896 1154 ut
1940 1093 2220 1172 fratrem,
2284 1094 2457 1172 cujus
2501 1094 2614 1152 ira-

377 1194 650 1255 cundiam
700 1215 735 1255 a
790 1196 1092 1274 plerisque
1140 1198 1464 1275 vituperari
1513 1195 1941 1271 audiveratfl),
1997 1196 2071 1257 ad
2135 1198 2417 1274 majorem
2477 1214 2613 1255 cou-

378 1302 642 1358 verteret
672 1298 1008 1359 lenitatem:
1052 1299 1109 1358 id
1159 1299 1320 1377 quod
1350 1301 1478 1377 ipse
1524 1299 1700 1360 modo
1746 1302 1826 1360 ita
1857 1301 2143 1377 concessi,
2188 1302 2254 1359 ut
2283 1298 2614 1359 conicerem

377 1401 564 1477 magis
595 1400 881 1462 Graeciae
926 1400 1129 1480 ipsius,
1173 1421 1350 1479 quam
1397 1402 1534 1463 illos
1567 1404 1744 1464 Asiae
1789 1398 2096 1479 incolas12)
2143 1403 2257 1462 hoc
2302 1402 2435 1463 loco
2480 1419 2614 1461 eum

377 1503 438 1562 in
484 1504 680 1563 animo
727 1503 1024 1564 habuisse.
1115 1506 1312 1582 Atque
1359 1510 1599 1566 exstant
1639 1505 1736 1565 alii
1784 1506 1926 1582 loci,
1988 1506 2207 1583 quibus
2249 1506 2308 1563 in
2356 1502 2611 1564 cundem

377 1605 503 1665 fere
549 1605 790 1667 modum
837 1607 1086 1667 disserit.
1177 1608 1257 1669 Ut
1301 1610 1465 1669 Brut.
1501 1613 1622 1670 167
1669 1608 1929 1669 affirmat
1983 1608 2044 1669 G.
2088 1608 2312 1667 Titium
2360 1626 2432 1667 eo
2478 1626 2613 1684 pro-

373 1726 643 1785 gressum
691 1727 842 1788 esse,
886 1729 1006 1788 quo
1051 1715 1258 1787 posset
1300 1710 1550 1772 Latinus
1598 1718 1801 1772 orator
1846 1713 1976 1771 siue
2007 1711 2254 1771 Graecis
2297 1710 2508 1769 litteris
2554 1713 2614 1768 et

374 1811 502 1871 sine
537 1812 722 1872 multo
770 1831 878 1872 usu
910 1814 1247 1890 pervenire.
1336 1814 1633 1876 Simillimc
1677 1819 1874 1873 autem
1910 1814 2165 1874 Crassus
2210 1811 2265 1871 d.
2298 1830 2379 1870 or.
2414 1814 2466 1882 3,
2490 1815 2610 1872 135

372 1914 454 1973 ita
498 1914 793 1990 loquitur:
858 1915 1054 1988 „Quid
1102 1916 1259 1976 enim
1305 1918 1378 1975 Μ.
1428 1916 1638 1977 Catoni
1701 1919 1941 1992 praeter
1988 1916 2144 1973 hanc
2204 1914 2610 1990 politissimam

374 2014 700 2074 doctrinam
733 2017 1192 2076 transmarinam
1238 2021 1417 2094 atque
1451 2017 1843 2077 adventiciam
1890 2016 2155 2077 defuit?“
2252 2016 2384 2075 Huc
2414 2021 2610 2076 autem

374 2118 604 2177 accedit
644 2135 742 2178 res
786 2119 1020 2178 maximi
1068 2119 1375 2198 momenti,
1436 2120 1509 2179 de
1555 2137 1677 2196 qua
1723 2119 1879 2179 infra
1936 2119 2178 2179 uberius
2239 2120 2352 2178 erit
2410 2118 2611 2196 dispu-

372 2218 647 2296 tandum,
708 2238 835 2280 eam
894 2220 1056 2292 dico,
1116 2221 1280 2299 quod
1327 2240 1458 2282 cum
1507 2223 1721 2282 ceteris
1783 2222 2074 2299 epistulis,
2136 2226 2257 2281 tum
2305 2222 2407 2300 iis,
2459 2239 2613 2298 quas

374 2320 453 2381 ad
498 2321 784 2396 Quintum
830 2322 1076 2384 fratrem
1141 2328 1200 2384 et
1255 2324 1332 2384 ad
1378 2325 1637 2386 Atticum
1686 2323 1879 2402 dedit,
1922 2324 2220 2403 permulta
2264 2323 2496 2385 Graeca
2555 2329 2616 2384 et

375 2424 686 2486 enuntiata
730 2429 790 2487 et
829 2427 1015 2488 verba
1059 2430 1119 2488 et
1148 2446 1361 2489 versus
1404 2428 1674 2506 inseruit,
1719 2447 1850 2489 cum
1900 2431 2109 2490 eontra
2139 2427 2337 2488 Latini
2384 2446 2611 2499 versus,

374 2527 591 2604 quibus
636 2530 696 2590 in
742 2531 959 2591 ceteris
1003 2530 1174 2592 libris
1204 2532 1551 2610 saepissime
1597 2549 1744 2592 usus
1791 2536 1895 2604 est,
1942 2531 2039 2591 hic
2082 2532 2276 2592 rarius
2321 2535 2483 2591 certe
2527 2532 2613 2591 in·

373 2631 709 2711 veniantur,
753 2652 932 2712 quam
978 2633 1210 2695 Graeci.
1301 2637 1496 2713 Atque
1543 2635 1753 2696 eodem
1802 2636 2096 2713 pertinet,
2150 2633 2313 2712 quod
2357 2636 2613 2713 saepius,

373 2738 662 2809 quantum
695 2735 984 2798 Graeciae
1030 2740 1091 2797 et
1135 2738 1385 2798 maxime
1431 2738 1676 2816 quidem
1710 2737 2082 2798 Athenarum
2129 2755 2387 2799 amorem
2431 2740 2614 2815 atque

372 2835 822 2898 admirationem
868 2841 1229 2918 conceperit,
1272 2844 1480 2917 aperte
1526 2840 1857 2918 profitetur.
1882 2836 1954 2911 ¹³)
2012 2870 2099 2880 -
2160 2839 2370 2900 Cicero
2416 2839 2614 2917 igitur,

373 2941 441 2997 ut
472 2939 598 3015 jam
648 2940 988 3001 brevissime
1035 2942 1393 3001 sententiam
1439 2960 1626 3001 meam
1675 2941 1749 3001 de
1794 2941 1908 3000 hac
1953 2959 2018 3001 re
2052 2940 2430 3018 complectar,
2475 2958 2613 3000 nus-

374 3058 550 3116 quam
599 3041 822 3119 apertis
868 3042 1067 3102 verbis
1099 3042 1249 3102 dixit
1293 3043 1403 3103 sibi
1450 3041 1525 3103 de
1557 3042 1770 3104 Graeci
1815 3042 2037 3118 ingenii
2081 3043 2140 3102 in
2188 3042 2400 3101 litteris
2444 3060 2613 3118 prae-

375 3144 596 3203 stantia
639 3162 987 3221 persuasum
1034 3163 1192 3216 esse,
1253 3145 1357 3205 sed
1405 3146 1488 3205 ita
1546 3145 1622 3205 de
1664 3144 1758 3205 his
1814 3146 2083 3222 loquitur
2122 3149 2474 3220 tantumque
2535 3143 2613 3203 ad

376 3263 479 3306 eas
529 3247 785 3308 contulit
813 3246 1096 3326 studium,
1139 3251 1206 3308 ut
1235 3247 1413 3319 illam,
1458 3248 1506 3307 si
1540 3266 1659 3307 non
1690 3264 1936 3324 prorsus
1964 3251 2371 3324 perspexerat,
2415 3248 2612 3306 tamen

378 3347 636 3409 sensisse
666 3349 959 3410 videatur.
1032 3351 1189 3411 Vere
1217 3353 1416 3411 antem
1464 3368 1588 3410 rem
1619 3350 1702 3409 ita
1730 3367 1794 3410 se
1824 3349 2047 3409 habere
2092 3347 2247 3408 infra
2276 3348 2615 3408 accuratius

372 3449 459 3511 ita
503 3452 940 3531 demonstrabo,
988 3457 1052 3513 ut
1097 3454 1307 3530 quales
1339 3470 1520 3529 saepe
1566 3469 1816 3512 caussae
1854 3450 1933 3510 ad
1967 3451 2334 3528 judiciorum
2367 3468 2613 3511 suorum

375 3552 624 3614 formam
683 3573 754 3614 ac
810 3556 1099 3615 rationem
1167 3556 1413 3616 multum
1460 3555 1723 3615 valuisse
1767 3554 2114 3633 videantur,
2169 3554 2381 3615 melius
2426 3556 2615 3631 possit

372 3656 647 3734 perspici.

542 3760 675 3819 Jam
706 3759 880 3831 enim,
912 3765 978 3820 ut
1007 3762 1138 3820 erat
1165 3761 1559 3839 propositum,
1590 3759 1732 3837 quid
1767 3750 1841 3820 de
1873 3760 2237 3822 Graecorum
2271 3758 2345 3818 ad
2377 3760 2615 3836 singula

372 3865 615 3940 praeter
674 3862 968 3940 poeticam
1031 3861 1361 3923 litterarum
1421 3881 1648 3939 genera
1704 3861 1906 3922 indole
1949 3864 2221 3941 senserit,
2280 3861 2365 3921 ita
2409 3860 2613 3922 adum·

548 4027 611 4090 ¹¹)
645 4022 717 4080 cf.
753 4026 824 4080 ad
862 4025 923 4091 Q.
959 4021 1027 4081 fr.
1057 4030 1101 4094 1,
1133 4030 1176 4094 1,
1201 4029 1294 4095 373
1328 4024 1464 4079 ibid.
1490 4029 1554 4079 20
1592 4032 1651 4081 et
1687 4029 1770 4080 21.

548 4113 612 4178 ¹¹)
646 4110 799 4176 Quos
834 4125 998 4180 quam
1035 4111 1192 4180 parvi
1237 4111 1647 4180 aestimaverit,
1697 4116 1761 4165 ut
1795 4111 1903 4165 alia
1936 4110 2211 4177 omittam,
2254 4108 2610 4177 intellegitur

325 4264 330 4268 .
372 4210 440 4250 ex
477 4195 727 4265 ejusdem
763 4196 1039 4265 epistulae
1073 4198 1105 4266 g
1135 4201 1210 4251 16.

551 4282 616 4348 ¹³)
638 4277 709 4335 ef.
734 4280 827 4334 off.
857 4286 902 4348 ι,
934 4285 950 4335 1
971 4300 987 4349 ς
1022 4280 1158 4335 ibid.
1182 4285 1230 4345 3,
1251 4287 1311 4349 63
1343 4281 1498 4335 Brut.
1519 4284 1649 4350 3:³23
1674 4280 1728 4334 d.
1753 4279 1845 4335 nm
1865 4285 1915 4348 5,
1938 4285 1959 4335 ι
1980 4311 2046 4319 -
2061 4285 2122 4349 ὃς
2157 4279 2228 4333 ad
2248 4277 2372 4333 Att.
2393 4283 2440 4347 o,
2466 4283 2508 4347 1,
2531 4281 2613 4339 26.
