3166 4871
2496 324 2621 387 223

550 491 908 569 Priusquam
940 495 1138 551 autem
1185 490 1263 550 ad
1308 493 1495 568 ipsam
1542 510 1664 552 rem
1706 493 2080 568 accedamus,
2123 499 2328 573 aptum
2384 496 2624 558 videtur

381 611 561 670 quam
591 593 938 654 brevissime
983 593 1271 653 nonnulla
1314 594 1373 653 in
1418 595 1762 654 universnm
1810 596 2135 674 disputare,
2179 598 2414 674 quibus,
2443 618 2625 676 qnam

381 696 670 756 rationem
724 714 794 754 ac
839 697 996 756 viam
1059 695 1136 756 ad
1196 697 1434 772 singula
1478 695 1784 757 Ciceronis
1839 698 2070 776 Judicia
2115 717 2190 759 ex
2252 701 2622 776 singulorum

382 798 646 858 locorum
708 805 922 858 natura
965 816 1037 858 ac
1097 798 1440 858 conditione
1498 817 1692 876 aeque
1751 818 1825 860 ac
1868 801 2032 878 juste
2089 802 2484 879 ponderanda
2540 805 2625 865 in-

383 899 639 960 eundam
687 918 817 961 esse
863 907 1082 977 putem,
1145 900 1603 961 demonstretur.
1699 902 1789 962 Ae
1834 904 2088 980 primum
2134 904 2372 982 quidem
2435 924 2630 983 nem0,

385 1003 619 1081 opinor,
681 1003 974 1064 dubitabit
1027 1002 1358 1063 concedere
1433 1021 1586 1081 quas
1645 1004 1704 1063 in
1766 1005 2039 1082 epistulis
2091 1005 2299 1068 Cicero
2356 1007 2630 1086 proferat

385 1105 712 1164 sententias
757 1106 1071 1166 maximam
1103 1105 1342 1182 quidem
1389 1112 1622 1181 partem
1656 1106 1962 1184 digniores
2006 1126 2157 1187 esse,
2200 1110 2419 1185 quibus
2449 1109 2626 1169 fidem

384 1205 736 1284 habeamus,
796 1225 974 1284 qnam
1051 1225 1205 1284 quae
1266 1207 1327 1266 in
1384 1207 1548 1267 libris
1619 1207 1939 1268 rhetoricis
2000 1214 2061 1269 et
2118 1210 2488 1288 philosophis
2542 1213 2628 1271 in-

385 1310 724 1386 veniantur,
768 1327 871 1370 eas
918 1313 1146 1387 autem,
1191 1327 1347 1386 qnae
1392 1310 1455 1368 in
1511 1310 1880 1370 orationibus
1925 1291 2184 1384 exstent,
2231 1331 2365 1373 cnm
2410 1332 2521 1392 per
2563 1332 2631 1374 se

387 1411 606 1470 nnllam
653 1411 778 1473 fere
838 1412 1253 1472 auctoritatem
1300 1411 1585 1484 habeant,
1646 1414 1818 1489 parvi
1862 1418 2093 1473 tantum
2155 1432 2287 1475 esse
2333 1417 2632 1476 momenti.

385 1513 715 1591 Plerasqne
760 1515 915 1574 enim
975 1514 1262 1590 epistulas
1307 1533 1424 1574 non
1472 1532 1544 1575 eo
1590 1515 1834 1576 consilio
1884 1516 2094 1577 Cicero
2150 1517 2520 1596 conscripsit,
2566 1525 2631 1578 nt

386 1615 449 1675 in
495 1615 796 1692 publicum
861 1616 1202 1694 prodirent,
1266 1635 1491 1694 easqne
1548 1618 1948 1693 potissimum,
2008 1637 2162 1696 quae
2222 1619 2301 1679 ad
2365 1630 2628 1680 nostram

388 1719 798 1795 quaestionem
845 1719 1084 1796 majoris
1129 1719 1406 1778 momenti
1452 1724 1618 1795 sunt,
1679 1719 1757 1779 ad
1805 1721 2097 1798 homines,
2141 1720 2497 1798 quibuscum
2540 1741 2632 1782 ar-

387 1821 625 1880 tissimis
682 1827 790 1881 ant
834 1821 1086 1881 familiae
1146 1828 1250 1881 ant
1303 1822 1598 1882 amicitiae
1645 1821 1905 1880 vinculis
1959 1823 2317 1900 conjunctus
2361 1828 2506 1894 erat,
2569 1831 2635 1885 ιιι

389 1922 468 1983 ad
499 1923 785 1997 Quintum
829 1923 1075 1983 fratrem
1120 1929 1181 1982 et
1209 1923 1470 1982 Atticum
1517 1922 1699 1993 dedit,
1747 1940 1899 1998 quos
1944 1940 2053 1983 cur
2098 1941 2301 1983 veram
2342 1943 2510 1985 suam
2558 1926 2633 1986 de

389 2024 483 2084 his
541 2025 724 2085 rebus
768 2026 1123 2085 sententiam
1171 2024 1458 2084 celavisse
1519 2024 1828 2101 putandus
1872 2025 1972 2098 sit,
2031 2026 2357 2103 probabilis
2418 2046 2636 2089 caussa

390 2126 646 2185 inveniri
711 2146 829 2187 non
891 2131 1107 2204 potest.
1197 2127 1404 2203 Longe
1464 2133 1664 2187 antem
1729 2127 1902 2187 aliter
1960 2128 2345 2203 judicandum
2407 2141 2500 2191 est
2560 2130 2636 2191 de

394 2228 560 2288 libris
626 2229 937 2289 rhetoricis
996 2235 1058 2289 et
1114 2228 1500 2306 philosophis.
1619 2229 1995 2306 Quamquam
2063 2232 2219 2290 enim
2288 2251 2361 2292 ne
2416 2233 2477 2292 in
2544 2233 2638 2293 his

393 2330 633 2408 quidem
693 2330 777 2390 ita
819 2330 898 2391 ad
945 2330 1156 2408 populi
1206 2330 1500 2407 judicium
1547 2330 1730 2390 verba
1775 2331 1830 2390 ei
1875 2332 2385 2394 accommodanda
2449 2341 2639 2412 erant,

393 2440 461 2495 nt
502 2434 560 2494 in
609 2433 994 2505 orationibus,
1040 2441 1254 2505 tamen,
1301 2434 1403 2510 qni
1451 2434 1549 2494 vel
1594 2433 1846 2495 strictim
1892 2434 2027 2495 illos
2072 2435 2253 2497 libros
2297 2438 2640 2515 perlegerit,

392 2536 831 2597 intellecturum
877 2542 1024 2616 puto
1070 2536 1449 2614 Ciceronem,
1504 2543 1571 2597 nt
1615 2542 1743 2597 erat
1787 2538 2085 2598 hominum
2133 2557 2416 2600 assensus
2477 2541 2641 2617 cupi-

394 2639 689 2711 dissimus,
734 2640 1082 2717 saepissime
1128 2639 1317 2717 aliter,
1359 2657 1432 2698 ac
1475 2639 1787 2711 sentiebat,
1824 2640 2151 2717 judicasse,
2199 2660 2274 2701 ne
2320 2642 2640 2718 superbam

393 2743 732 2819 opinionem
789 2742 1005 2802 civium
1049 2759 1321 2818 suornm,
1387 2741 1492 2817 qui
1536 2740 1800 2801 Graecos
1858 2759 2187 2819 eornmqne
2245 2743 2476 2803 litteras
2537 2749 2643 2804 aut

395 2845 566 2920 parvi
609 2844 1007 2904 aestimabant
1035 2848 1141 2903 aut
1182 2859 1434 2919 prorsus
1466 2842 1902 2919 despiciebant,
1946 2843 2215 2904 laederet
2244 2849 2429 2921 atque
2461 2845 2642 2905 offen·

396 2945 581 3005 deret.
681 2947 883 3022 Atque
946 2944 1022 3004 ad
1086 2945 1243 3004 hane
1305 2961 1604 3015 caussam,
1664 2962 1786 3019 qua
1850 2962 2177 3023 monemur,
2232 2964 2308 3006 ne
2370 2947 2642 3007 omnibns

397 3047 710 3108 sententiis
771 3046 845 3106 de
903 3046 1236 3106 litterarum
1282 3044 1648 3105 Graecarum
1706 3043 1999 3122 dignitate
2062 3052 2125 3107 et
2165 3047 2365 3108 indole
2426 3049 2487 3107 iu
2549 3047 2642 3108 his

395 3150 565 3209 libris
608 3149 860 3224 prolatis
901 3147 1078 3207 fidem
1124 3147 1467 3217 habeamus,
1529 3145 1765 3206 accedit
1808 3146 1923 3206 alia
1969 3165 2041 3208 ae
2086 3166 2162 3208 ne
2206 3148 2357 3209 haec
2401 3150 2642 3227 quidem

397 3251 548 3311 levis
606 3252 919 3328 momenti,
983 3248 1148 3327 quod
1211 3247 1421 3310 Cicero
1484 3248 1797 3309 Platonem
1858 3256 2104 3311 secutus
2146 3281 2233 3291 —
2278 3269 2642 3329 quamquam

402 3355 534 3431 eJus
579 3357 767 3413 artem
812 3370 1076 3431 aequare
1109 3352 1345 3411 minime
1390 3352 1588 3429 potuit
1631 3380 1713 3390 —
1759 3370 2034 3428 magnam
2077 3353 2317 3413 illorum
2359 3352 2643 3414 librorum

399 3462 630 3534 partem
652 3456 715 3515 in
746 3455 1120 3531 dialogorum
1145 3455 1394 3514 formam
1427 3453 1686 3530 redegit:
1719 3456 2108 3530 quamobrem
2133 3472 2208 3515 ne
2239 3455 2313 3515 de
2338 3454 2646 3517 Ciceronis

401 3558 592 3636 ipsius
622 3559 919 3617 sententia
958 3576 1067 3635 per
1099 3575 1362 3617 errorem
1396 3554 1761 3633 judicemus,
1806 3573 1987 3634 saepe
2035 3557 2147 3616 hoc
2177 3574 2418 3635 quoque
2463 3576 2646 3635 qnae-

402 3659 654 3720 rendnm
703 3664 811 3735 est,
855 3678 975 3737 qno
1007 3666 1273 3735 tempore
1304 3662 1366 3717 et
1408 3676 1445 3717 a
1475 3658 1695 3735 quibus
1726 3658 1785 3717 in
1833 3658 2082 3735 singulis
2114 3658 2280 3720 libris
2310 3659 2644 3720 hominibus

402 3761 726 3840 disputatio
780 3762 982 3822 habita
1041 3778 1172 3822 esse
1222 3760 1505 3836 fingatur.
1593 3760 1746 3819 Nam
1795 3761 1907 3820 etsi
1960 3760 2221 3821 dubitari
2265 3780 2383 3822 non
2431 3765 2646 3839 potest,

402 3864 548 3943 quin
594 3864 754 3924 hand
798 3883 935 3924 raro
980 3863 1197 3942 prioris
1228 3863 1483 3922 maxime
1528 3862 1820 3940 temporis
1851 3861 2140 3939 homines,
2184 3869 2251 3923 ιιι
2291 3861 2646 3941 Scipionem,

401 3968 692 4046 Laelium,
735 3965 1033 4038 Crassum,
1076 3964 1424 4043 Antonium,
1465 3964 1614 4024 talia
1658 3965 2036 4041 disputantes
2080 3965 2401 4036 induxerit,
2447 3964 2648 4042 qnalia

404 4073 464 4130 et
507 4071 568 4130 in
615 4087 948 4146 personam,
1003 4087 1180 4146 qnam
1226 4067 1400 4127 iidem
1465 4066 1597 4126 aliis
1641 4067 1790 4128 loeis
1848 4067 2009 4144 apud
2055 4065 2406 4127 Ciceronem
2450 4067 2645 4143 ipsnm

404 4175 619 4248 agunt,
682 4191 800 4232 non
848 4171 1152 4249 quadrant
1209 4174 1270 4230 et
1314 4188 1434 4229 non
1498 4169 1688 4230 solnm
1734 4188 1809 4228 ex
1870 4186 1941 4228 ea
1986 4172 2214 4240 aetate,
2276 4186 2398 4245 qua
2456 4172 2645 4239 erant,

405 4274 509 4333 sed
556 4274 731 4334 etiam
764 4292 839 4334 ex
882 4272 1084 4333 indole
1130 4277 1192 4332 et
1221 4273 1481 4333 moribus
1526 4271 1760 4332 illornm
1805 4271 2127 4331 memoriae
2173 4269 2410 4330 traditis
2455 4270 2531 4330 ab
2576 4269 2646 4329 iis

2148 4382 2238 4435 15*
