3166 4871
587 297 709 358 396

755 473 816 540 6)
864 467 1039 529 Ovid.
1084 489 1269 529 amor.
1315 472 1419 531 111.
1464 474 1503 532 8
1550 490 1604 530 v.
1650 474 1687 531 9
1734 470 1848 546 fg.:

889 574 1048 632 Ecce
1092 590 1304 633 recens
1348 571 1518 632 dives
1564 577 1738 649 parto
1783 591 1891 649 per
1935 574 2188 633 vulnera
2234 592 2420 634 censu

888 674 1241 735 Praefertur
1286 676 1458 734 nobis
1504 677 1801 751 sanguine
1847 679 2055 752 pastus
2100 695 2303 754 eques.
2348 707 2434 717 —-

890 777 1094 837 Laeva
1140 797 1369 856 manns,
1415 781 1509 837 cui
1557 797 1719 838 nunc
1765 796 1961 838 serum
2009 781 2161 838 male
2208 779 2489 840 convenit
2534 799 2765 850 aurum,

989 881 1173 939 Scuta
1220 880 1370 940 tulit.
1418 914 1498 923 —-

888 983 1127 1054 Discite,
1173 984 1274 1058 qui
1321 983 1550 1058 sapitis,
1595 1001 1713 1041 non
1763 1001 1918 1060 quae
1964 1001 2073 1042 nos
2119 984 2337 1043 scimus
2382 985 2621 1058 inertes,

887 1083 1005 1144 Sed
1049 1084 1316 1161 trepidas
1362 1086 1520 1143 acies
1567 1091 1627 1145 ct
1671 1087 1799 1144 fera
1844 1089 2042 1145 castra
2086 1087 2256 1162 sequi

886 1188 1129 1263 Proque
1174 1189 1329 1246 bono
1376 1206 1557 1247 versu
1605 1190 1856 1265 primum
1906 1188 2185 1248 deducite
2228 1190 2429 1266 pilum.

754 1406 815 1481 7)
862 1410 932 1467 D.
968 1410 1039 1466 M.
1072 1409 1197 1467 Ael.
1231 1408 1539 1468 Luciliano
1587 1428 1643 1485 p.
1685 1429 1741 1485 p.
1791 1410 1994 1469 Aelius
2041 1410 2371 1469 Flavianus
2417 1429 2506 1488 eq.
2555 1412 2622 1469 R.
2663 1410 2820 1470 filius

580 1510 754 1586 patri.
817 1510 903 1582 (C.
951 1511 994 1569 1.
1035 1510 1099 1568 L.
1152 1511 1245 1580 vl,
1293 1515 1475 1571 3552.
1572 1513 1808 1569 Romae.
1895 1512 2298 1587 compluribus
2373 1512 2820 1573 collectionibus

579 1617 870 1671 servatus,

750 1715 813 1784 8)
860 1612 923 1773 1)).
970 1715 1033 1773 P.
1079 1714 1233 1774 filius
1278 1733 1432 1790 equo
1480 1716 1721 1791 publico
1767 1715 1893 1788 (Or.
1943 1718 2123 1776 llenz.
2172 1721 2374 1787 37683
2433 1719 2600 1778 Pleis.
2675 1719 2817 1778 Gori

580 1819 701 1876 Etr.
749 1822 785 1878 3
832 1837 888 1894 p.
939 1815 1100 1889 154).

751 1919 813 1990 9)
862 1922 924 1978 P.
956 1920 1195 1996 Maguio
1242 1964 1254 1977 .
1288 1965 1299 1976 .
1346 1940 1401 1997 p.
1448 1940 1505 1996 p.
1551 1966 1564 1980 .
1597 1965 1608 1978 .
1646 1966 1659 1980 .
1690 1965 1704 1979 .
1751 1921 1821 1994 Q.
1862 1923 2138 1998 Maguius
2175 1923 2463 1981 Maximus
2497 1923 2816 1982 Flavianus

576 2021 655 2082 fil.
699 2023 830 2099 ejus
874 2042 966 2098 eq.
1012 2023 1078 2081 R.
1145 2022 1367 2095 (wilm.
1414 2020 1580 2094 688.)

752 2122 852 2197 10)
897 2115 1174 2194 ἱππικός
1216 2119 1746 2203 πριμοπιλαρίου
1791 2112 1955 2194 ὑιός.
2015 2126 2101 2188 (Ο.
2133 2128 2174 2185 1.
2209 2127 2308 2185 Gr.
2360 2130 2567 2194 2792).
2603 2198 2608 2204 ¹

742 2414 1175 2495 Primipilares‚
1236 2415 1525 2493 siquidem
1592 2415 1666 2476 de
1728 2414 2134 2491 magnitudine
2205 2416 2604 2491 praemiorum
2651 2419 2814 2476 reete

564 2518 983 2597 judicavimus,
1038 2538 1145 2595 per
1190 2519 1375 2595 ipsam
1425 2520 1761 2577 missionem
1809 2537 2052 2579 censum
2101 2524 2437 2595 equestrem
2486 2521 2816 2577 excessisse

569 2628 854 2698 apparet;
913 2626 1108 2679 tamen
1160 2621 1307 2679 ordo
1354 2621 1805 2698 primipilarium
1863 2622 2134 2697 plebejus
2190 2628 2349 2697 erat,
2413 2621 2574 2697 quod
2635 2640 2813 2697 quam

568 2722 1010 2782 evidentissime
1056 2724 1480 2800 comprobat-ur
1527 2723 1764 2782 duobus
1811 2724 2000 2782 titulis
2053 2729 2081 2781 1
2131 2728 2190 2781 et
2237 2729 2308 2796 23
2357 2724 2567 2781 luorum
2614 2722 2812 2799 primi·

571 2825 861 2901 pilarium,
906 2826 1005 2902 qni
1057 2825 1213 2884 haud
1263 2826 1440 2885 dubie
1486 2827 1748 2902 equestri
1800 2826 1928 2884 loco
1979 2826 2092 2884 orti
2141 2832 2328 2902 erant,
2376 2830 2629 2900 uterque
2674 2843 2814 2884 con-

569 2929 874 2986 summatis
919 2927 1231 3002 stipendiis
1276 2928 1699 2987 centul-ionicis
1745 2946 1963 3004 equum
2015 2926 2355 3005 publicum,
2416 2945 2591 3003 quem
2646 2928 2812 2986 initio

568 3030 1000 3106 stipendiorum
1046 3032 1349 3107 amiserat,
1394 3031 1657 3090 nondum
1708 3035 2038 3106 receperat.

738 3151 905 3209 Haec
951 3168 1145 3208 rernm
1194 3150 1591 3226 repugnantia
1635 3148 1808 3208 facile
1865 3151 1951 3208 sic
2006 3151 2293 3209 solvitur:
2357 3148 2477 3208 alia
2531 3167 2625 3209 res
2682 3158 2812 3208 erat

569 3269 810 3311 censum
856 3257 1222 3327 equestrem,
1284 3253 1400 3311 alia
1460 3271 1681 3328 equum
1731 3251 2032 3327 publicum
2081 3252 2338 3329 habere3
2413 3251 2811 3328 primipilares

567 3353 867 3413 hominum
915 3355 1350 3413 existimatione
1396 3372 1526 3412 cum
1576 3360 1826 3430 propter
1878 3353 2085 3412 laudes
2130 3353 2374 3413 bellicas
2407 3358 2527 3412 tum
2562 3358 2811 3429 propter

566 3455 903 3514 divitiarum
953 3456 1419 3531 magnitudinem
1468 3455 1801 3531 permultos
1850 3456 2114 3514 homines
2160 3458 2423 3531 equestri
2471 3456 2602 3514 loco
2636 3460 2809 3515 natos

564 3577 680 3617 non
744 3557 920 3617 modo
981 3576 1272 3634 aequasse
1317 3558 1421 3616 sed
1470 3557 1648 3616 etiam
1697 3575 2015 3634 superasse
2064 3559 2451 3617 certissimum
2501 3558 2641 3616 mihi
2686 3561 2808 3633 est;

566 3659 722 3737 quod
773 3679 916 3719 vero
966 3661 1249 3729 homines,
1297 3661 1397 3735 qui
1442 3660 1708 3736 ipsorum
1758 3661 1976 3718 virtute
2034 3666 2214 3736 atque
2261 3661 2555 3719 industria
2598 3659 2672 3718 ad
2720 3661 2806 3717 in-

563 3762 842 3822 feriorum
892 3764 1230 3822 militiarum
1280 3780 1568 3820 summum
1619 3762 1870 3837 gradum
1920 3767 2324 3839 pervenerant
2363 3766 2422 3820 et
2452 3779 2561 3820 sua
2591 3765 2807 3839 sponte

563 3865 865 3940 equestria
932 3882 1178 3922 munera
1244 3862 1741 3939 repudiaverant,
1828 3882 1984 3940 equo
2048 3866 2289 3939 publico
2359 3862 2581 3923 donato
2649 3864 2807 3922 inter

562 3967 793 4042 equites
834 3967 1132 4026 Romanos
1165 3967 1403 4042 proprie
1435 3967 1626 4025 dictos
1659 3986 1775 4026 non
1813 3967 2032 4042 recepti
2064 3970 2220 4038 sunt,
2254 3984 2426 4025 nemo
2459 3966 2805 4041 mirabitur3

561 4087 753 4144 equus
813 4069 1091 4144 publicus
1146 4067 1364 4127 donum
1414 4072 1544 4127 erat
1590 4069 1798 4142 vilius,
1866 4087 2043 4143 quam
2107 4067 2270 4144 quod
2331 4068 2680 4143 primipilari
2725 4067 2803 4126 ad

561 4175 836 4229 sescenta
883 4171 976 4229 vel
1025 4172 1369 4246 octingenta
1418 4171 1575 4228 milia
1623 4189 1923 4229 nummum
1970 4188 2154 4247 supra
2184 4171 2520 4231 adderetur.
2595 4171 2803 4229 Primi-

559 4272 830 4346 pilarium
908 4275 1104 4347 potius
1181 4282 1243 4331 ut
1317 4274 1760 4349 praefectorum
1846 4280 2176 4332 castrorum
2252 4275 2399 4332 ordo
2475 4271 2554 4346 (v.
2616 4270 2799 4343 infra)
