3166 4871
535 281 661 344 290

542 459 781 521 constat
839 454 915 516 de
960 455 1325 519 Graecorum
1372 457 1431 519 in
1493 457 1609 516 hoc
1652 473 1874 534 genere
1930 456 2261 516 litterarum
2307 454 2673 532 praestantia
2727 454 2781 514 ei

543 558 693 620 satis
736 577 1086 637 persuasum
1132 559 1334 640 fuisse,
1376 576 1755 639 quamquam,
1796 558 1994 637 qualis
2038 562 2101 619 et
2143 558 2564 637 quanta'haec
2606 560 2782 633 esset,
2868 633 2877 643 .

537 679 749 740 parum
807 666 869 722 et
912 661 1208 723 intellexit
1251 666 1313 723 et
1354 660 1620 742 profiteri
1665 678 1849 721 ausus
1891 663 1999 722 est.
2085 661 2272 721 Recte
2318 659 2609 738 denique,
2669 658 2778 719 etsi

539 761 781 829 dubium
842 768 962 842 est,
1019 780 1158 825 num
1217 764 1583 843 posteriores
1627 769 1860 841 poetas,
1918 763 2021 841 qui
2067 761 2469 823 Alexandriae
2528 760 2781 821 maxime

536 867 899 945 floruerunt,
941 868 1088 929 satis
1149 869 1411 941 noverit,
1470 867 1585 929 hoc
1643 866 1797 927 vidit
1854 866 1965 927 lios
2023 866 2206 926 multo
2269 864 2544 943 minoris,
2602 881 2777 942 quam

537 969 909 1048 antiquiores
948 970 1313 1032 Graecorum
1360 974 1595 1048 poetas,
1640 985 1775 1030 esse
1819 965 2240 1029 aestimandos.
2326 967 2529 1044 Atque
2558 985 2633 1027 ex
2665 966 2780 1026 sin·

537 1072 694 1150 gulis
737 1075 1049 1149 poetarum
1094 1072 1413 1151 generibus
1460 1071 1716 1133 diversis
1762 1070 1838 1132 de
1883 1072 2109 1132 caussis
2162 1069 2461 1131 minimum
2521 1068 2779 1130 studium

538 1173 746 1235 tribuit
789 1174 1019 1253 lyricis3
1066 1176 1321 1236 maxime
1365 1178 1583 1254 autem,
1628 1178 1696 1235 ut
1739 1173 2014 1252 plerique
2057 1172 2215 1233 illius
2246 1170 2468 1235 ‚aetatis
2512 1170 2783 1249 Romani,

538 1278 667 1355 ips‘e
711 1294 952 1356 quoque
996 1281 1240 1356 praeter
1269 1278 1595 1338 Homerum
1641 1277 1834 1355 poetis
1863 1275 2117 1338 scenicis
2158 1274 2568 1339 delectabatur
2597 1278 2781 1352 atque

539 1398 614 1440 ex
660 1378 753 1440 his
797 1378 1035 1458 quidem
1083 1379 1424 1458 Euripidem
1472 1384 1532 1440 et
1576 1376 1934 1458 Sophoclem
1980 1377 2497 1454 Menandrumque
2542 1379 2783 1454 praeter

540 1486 771 1542 ceteros
814 1480 1241 1543 admirabatur.
1328 1482 1685 1543 Accuratius
1715 1485 1914 1541 autem
1961 1481 2062 1541 vix
2109 1480 2225 1541 dici
2272 1482 2489 1559 potest,
2532 1477 2673 1557 quid
2707 1477 2782 1538 de

539 1583 911 1661 singulorum
972 1588 1283 1662 poetarum
1346 1585 1571 1645 virtute
1629 1583 1915 1663 senserit;
1967 1583 2324 1661 plerumque
2384 1581 2537 1643 enim
2596 1611 2678 1621 —
2723 1580 2781 1641 id

540 1686 702 1764 quod
760 1684 861 1746 alii
918 1704 1162 1764 quoque
1223 1705 1299 1747 ex
1363 1689 1631 1748 veterum
1688 1685 2080 1764 scriptoribus
2141 1701 2324 1762 saepe
2382 1684 2660 1749 fecerunt
2700 1715 2785 1724 —

543 1807 662 1851 non
726 1792 792 1850 ut
842 1789 989 1850 artis
1032 1794 1095 1850 et
1135 1788 1472 1851 venustatis
1515 1788 1790 1868 poeticae
1845 1788 2034 1869 judex
2079 1818 2163 1828 —
2208 1788 2418 1849 harum
2481 1786 2638 1848 enim
2694 1804 2784 1846 ra-

540 1893 734 1953 tiones
776 1910 988 1970 parum
1032 1896 1429 1971 perspexerat
1469 1922 1556 1935 -—
1600 1889 1707 1954 sed
1754 1909 1828 1952 ex
1857 1891 2227 1969 singulorum
2275 1891 2539 1952 locorum
2574 1893 2787 1950 natura

542 1999 649 2056 aut
690 2000 758 2057 ut
797 1993 1192 2074 philosophus
1238 1999 1343 2055 aut
1386 2000 1454 2057 ut
1482 1999 1688 2058 orator
1730 1994 2085 2057 sententiam
2132 1993 2298 2054 dixit,

715 2098 805 2159 Ex
852 2098 1139 2159 universa
1183 2101 1416 2177 autem,
1458 2116 1637 2176 quam
1683 2096 1942 2169 institui,
1994 2097 2347 2176 quaestione
2390 2096 2524 2156 lnce
2571 2095 2787 2156 clarius

544 2204 797 2278 apparet
847 2219 923 2262 ne
979 2199 1039 2261 in
1101 2200 1195 2261 his
1254 2199 1496 2280 quidem
1555 2200 1736 2262 rebus
1789 2218 2051 2279 unquam
2098 2217 2170 2260 eo
2225 2199 2571 2277 pervenisse
2623 2197 2786 2259 Cice·

544 2321 782 2381 ronem,
838 2308 906 2365 ut
950 2305 1172 2364 certam
1220 2308 1280 2365 et
1338 2302 1694 2367 destinatam
1742 2301 2087 2380 conciperet
2143 2300 2478 2380 opinionem
2537 2319 2788 2379 eamque

542 2404 796 2467 fideliter
855 2424 927 2468 ac
983 2408 1332 2468 constanter
1389 2404 1757 2467 defenderet.
1858 2404 2058 2466 Sensit
2110 2403 2312 2484 igitur,
2368 2408 2434 2465 ut
2466 2403 2593 2483 jam
2650 2402 2790 2482 dixi,

546 2508 908 2570 Graecorum
955 2509 1018 2569 in
1079 2508 1351 2570 omnibus
1394 2507 1522 2570 fere
1566 2507 1781 2570 litteris
1839 2508 2282 2585 praestantiam,
2325 2525 2444 2569 non
2488 2508 2673 2586 plane
2716 2525 2788 2567 ac

547 2610 807 2672 dilucide
852 2611 1178 2690 perspexit.
