3166 4871
611 291 695 351 64
1619 287 1873 345 zacher

776 454 965 538 βαιό
985 484 1019 537 ς
1063 484 1304 545 parvus,
1360 466 1634 545 exiguus,
1694 484 1876 545 saepe
1918 486 1955 527 a
1999 468 2243 545 tragicis
2302 469 2556 547 aevique
2599 450 2858 530 Alexan-

610 567 765 629 drini
799 572 859 628 et
889 570 1137 630 Romani
1169 571 1365 647 poetis
1394 574 1782 648 usurpatum
1813 572 1872 630 iu
1905 571 2176 632 oratione
2205 588 2389 650 prosa
2416 589 2539 631 nou
2562 570 2674 632 nisi
2699 571 2860 649 apud

608 671 889 748 Hippocr.
919 672 1045 733 Lex
1081 670 1133 748 1,
1177 692 1234 750 p.
1267 669 1325 751 2,
1378 669 1452 728 10
1484 672 1686 733 Fossa
1733 666 1948 751 ἰητροὶ
1980 662 2164 752 φήμῃ
2206 668 2330 750 μὲν
2372 667 2640 751 πολλοὶ,
2684 666 2857 752 ἔργῳ

609 767 681 832 δὲ
732 762 955 852 πάγχυ
996 770 1193 850 Batoi.
1284 774 1466 853 Apud
1510 776 1835 835 Homerum
1884 795 2001 836 nou
2047 776 2347 854 reperitur
2387 777 2502 837 uisi
2543 760 2858 855 ἠβαιός,

610 877 963 955 plerumque
1008 898 1142 938 cum
1190 879 1509 955 negatione
1555 879 1962 956 conjunctum.
2035 879 2128 939 De
2173 879 2288 941 boc
2326 880 2624 941 vocabulo
2669 898 2855 957 gram-

608 981 806 1041 matici
840 982 1208 1041 recentiores
1237 983 1420 1059 plane
1449 985 1672 1058 tacent,
1703 999 1824 1041 uno
1856 981 2018 1058 quod
2051 982 2233 1041 sciam
2264 986 2520 1060 excepto
2551 981 2856 1059 Bcnfeyio,

611 1085 715 1161 qui
761 1083 913 1143 Wzl.
957 1085 1033 1160 11,
1080 1081 1159 1141 79
1222 1083 1458 1144 confert
1511 1081 1800 1162 παῦρος,
1857 1100 2118 1158 parva-5,
2181 1089 2302 1162 got.
2352 1085 2546 1158 favai.
2645 1086 2856 1162 Neque

611 1186 749 1245 mihi
826 1203 1282 1263 quoquoversus
1354 1186 1858 1263 circumspicienti
1933 1185 2297 1263 probabilior
2362 1187 2663 1247 succurrit
2734 1192 2854 1264 ety-

609 1289 885 1367 mologia.
972 1289 1241 1365 Cogitavi
1286 1289 1528 1365 quidem
1574 1288 1650 1348 de
1708 1283 2060 1367 σβέννυμι,
2118 1288 2283 1367 quod
2343 1308 2419 1350 ex
2461 1290 2644 1350 them.
2702 1286 2856 1363 σβεσ

610 1384 807 1470 (Ourt.
838 1388 963 1452 Et.³
993 1386 1160 1467 522),
1205 1389 1330 1450 rad.
1359 1406 1495 1464 ρας,
1539 1408 1652 1449 scr.
1670 1391 1799 1463 j03,
1842 1390 2065 1451 sessum
2104 1409 2255 1469 esse,
2300 1392 2568 1468 extingui
2614 1389 2785 1463 (Fick
2816 1391 2858 1469 1,

610 1489 777 1570 569),
836 1496 903 1552 ut
945 1482 1134 1565 βαιός
1178 1496 1338 1551 esset
1380 1510 1490 1568 pro
1533 1486 1819 1567 βασὲῙΟς
1862 1492 2179 1569 fatigatus,
2238 1493 2599 1572 imbecillus,
2659 1494 2854 1569 exilis3

607 1596 706 1655 vel
737 1594 811 1654 de
840 1594 965 1654 rad.
1008 1596 1095 1668 qi,
1141 1611 1253 1654 scr.
1268 1595 1349 1673 ji,
1391 1609 1482 1670 gr.
1511 1593 1599 1673 βι,
1644 1612 1799 1672 quae
1845 1597 2088 1673 proprie
2119 1599 2212 1655 est
2241 1596 2529 1674 excitare,
2573 1596 2856 1673 animare,

608 1697 683 1757 cf.
727 1702 846 1774 got.
890 1697 1177 1769 uskeian,
1239 1700 1357 1757 vet.
1400 1698 1528 1757 bor.
1572 1701 1692 1758 vet.
1735 1696 1933 1758 theod.
1977 1693 2164 1757 mnan
2216 1696 2552 1775 germinare
2608 1697 2784 1769 (Fick
2814 1699 2856 1777 Ι,

610 1796 777 1877 570),
822 1804 889 1859 ut
932 1817 1006 1859 ex
1049 1798 1177 1859 rad.
1207 1796 1295 1872 βι,
1340 1816 1496 1877 quae
1540 1801 1602 1859 iu
1646 1794 1816 1875 βίος,
1872 1819 1982 1876 per
2024 1819 2247 1878 ganam
2291 1800 2514 1861 factum
2558 1800 2639 1860 sit
2681 1797 2853 1873 βαι-ο

608 1906 668 1962 et
697 1901 997 1978 significet
1024 1903 1084 1961 id
1116 1902 1279 1979 quod
1309 1902 1686 1979 germinavit,
1729 1902 1974 1981 pullum,
2019 1902 2331 1979 infantem,
2371 1902 2590 1963 deiude
2618 1904 2855 1964 omniuo

608 2023 880 2084 parvum.
968 2003 1086 2067 Sed
1130 2008 1383 2082 propter
1425 2003 1920 2081 significationem
1964 2005 2143 2083 plane
2183 2006 2652 2066 consentientem
2682 2022 2855 2065 vocs·

609 2108 886 2169 bulorum
931 2103 1209 2186 παῦρος,
1251 2106 1353 2167 lat.
1380 2107 1623 2180 paulus,
1665 2121 1930 2183 pauper,
1973 2111 2079 2183 got
2115 2106 2312 2184 favai,
2356 2107 2558 2168 theod.
2588 2111 2705 2167 vet.
2743 2101 2855 2180 [ὃέ

606 2210 803 2288 pauci,
845 2211 1071 2269 rectius
1116 2209 1234 2269 huc
1278 2199 1466 2281 βαιός
1512 2209 1767 2268 traxisse
1813 2207 2141 2285 Benfeyius
2170 2208 2427 2269 videtur.
2497 2208 2854 2286 Quanquam

607 2329 660 2372 π
704 2314 766 2372 iu
811 2309 853 2385 β
896 2331 1033 2372 raro
1092 2316 1325 2371 tantum
1383 2330 1421 2371 a
1465 2310 1713 2372 Graecis
1769 2311 2052 2371 mollitum
2107 2316 2228 2390 est,
2282 2312 2456 2372 cuius
2513 2312 2856 2372 mutationis

608 2416 881 2494 exempla
940 2413 1227 2475 exhibent
1285 2413 1449 2475 Ourt.
1493 2409 1617 2474 Et.³
1661 2409 1786 2471 489
1817 2431 1907 2491 sq.
1963 2413 2031 2474 L.
2075 2415 2287 2492 Meyer
2332 2415 2466 2493 Vgl.
2509 2413 2612 2476 Gr.
2655 2415 2715 2493 Ι,
2759 2413 2858 2493 41,

610 2524 670 2579 et
716 2537 749 2579 e
794 2520 1002 2594 lingua
1044 2517 1228 2577 latina
1273 2517 1528 2577 Corssen
1578 2518 1720 2576 Voc.
1748 2517 1793 2593 Ι,
1828 2512 1967 2593 127,
2010 2523 2072 2578 et
2113 2518 2173 2576 in
2219 2517 2387 2577 initio
2426 2518 2855 2578 vocabulorum

609 2628 749 2683 ante
793 2620 1058 2681 vocalem
1089 2619 1147 2679 id
1179 2620 1419 2679 omnino
1452 2619 1677 2679 factum
1710 2633 1843 2680 esse
1875 2622 2059 2695 negat
2090 2619 2328 2679 Curtius
2360 2615 2485 2679 Eo
2515 2615 2662 2680 492.
2736 2619 2854 2682 Sed

609 2728 852 2800 praeter
924 2710 1113 2795 βαιός
1185 2722 1362 2781 etiam
1434 2710 1663 2795 βόσκω
1738 2721 1892 2780 hanc
1959 2722 2342 2782 mutationem
2408 2738 2652 2800 passum
2723 2739 2854 2783 esse

608 2826 867 2903 videtur,
911 2823 1074 2902 quod
1120 2827 1287 2885 recte
1330 2841 1423 2884 me
1458 2823 1666 2902 judice
1707 2841 1748 2882 a
1778 2823 1950 2884 Benf.
1980 2823 2136 2883 Wzl.
2165 2824 2242 2902 Π,
2289 2820 2368 2881 72
2413 2828 2475 2885 et
2517 2824 2585 2885 L.
2609 2825 2854 2901 Meyero

605 2930 741 3007 Vgl.
784 2928 886 2990 Gr.
929 2927 977 3006 1,
1022 2924 1093 2983 41
1159 2926 1235 2987 ad
1290 2925 1419 2986 rad.
1452 2941 1577 3001 pa,
1639 2925 1800 2986 unde
1854 2925 1956 2985 lat.
1997 2941 2216 2999 pasca,
2278 2930 2633 3005 revocatur,
2689 2931 2751 2987 et
2790 2927 2852 2986 in

614 3032 872 3093 dialecto
919 3029 1214 3107 Delphica
1257 3028 1500 3107 saepius
1543 3025 1587 3101 β
1631 3046 1741 3105 pro
1785 3044 1838 3087 π
1884 3028 2062 3089 etiam
2105 3029 2166 3088 in
2212 3028 2382 3089 initio
2415 3029 2853 3110 'vocabulorum

606 3134 1059 3214 pronuntiatum
1106 3149 1266 3210 esse,
1310 3150 1367 3190 v.
1398 3149 1449 3191 c.
1492 3131 1553 3191 in
1598 3128 1858 3209 βατεῖν,
1901 3119 2165 3210 βικρός,
2218 3135 2453 3191 constat
2495 3129 2666 3204 (Ahr.
2710 3132 2854 3191 Dor.

608 3258 666 3315 p.
696 3233 822 3311 83),
865 3223 927 3296 et
970 3236 1029 3294 in
1075 3235 1283 3311 lingua
1325 3233 1513 3294 latina
1554 3232 1712 3293 idem
1743 3250 1922 3311 passa
1950 3236 2092 3294 sunt
2121 3230 2254 3293 bibo
2283 3251 2321 3292 a
2350 3233 2478 3292 rad.
2504 3248 2590 3307 pa
2617 3234 2852 3309 (ponas,

597 3343 846 3412 potare,
891 3355 1006 3397 scr.
1041 3331 1337 3411 pibatni),
1381 3336 1577 3412 mus
1618 3353 1706 3410 gr.
1750 3324 1984 3416 sty'gog,
2027 3335 2266 3394 bustum
2309 3320 2659 3396 comburere
2701 3333 2852 3409 (rad.

602 3435 861 3515 pamla),
913 3436 1199 3497 balatium
1242 3454 1351 3512 pro
1386 3438 1720 3511 palatium,
1765 3435 2087 3511 boblicola‚
2133 3434 2411 3497 bublioae
2452 3435 2675 3510 (Oorss.
2716 3436 2853 3499 krit.

607 3542 857 3603 Nachtr.
909 3536 1027 3598 176
1071 3556 1162 3617 sq.
1205 3540 1351 3600 Voc.
1394 3535 1453 3598 Ι2
1502 3534 1638 3598 127.
1691 3534 1826 3615 129.
1885 3540 2053 3601 Ourt.
2102 3536 2226 3601 Ets’·
2282 3559 2341 3617 p.
2372 3535 2540 3613 263).
2639 3540 2851 3617 Itaque

466 3700 489 3707 -
605 3632 794 3719 βαιός
837 3661 912 3703 ex
965 3640 1294 3715 atas-J'og,
1349 3639 1631 3715 Bas-J’og
1688 3640 1909 3701 factum
1965 3659 2098 3702 esse
2157 3659 2487 3703 censemus.
2572 3640 2731 3716 Quid
2777 3643 2854 3702 sit

608 3746 759 3806 illud
805 3728 849 3823 η’
893 3745 956 3803 in
1000 3742 1321 3804 Homerico
1366 3726 1614 3821 ἠβαιός,
1657 3744 1821 3820 quod
1864 3743 2074 3804 eadem
2120 3744 2350 3821 origine
2387 3748 2582 3805 ortum
2611 3742 2853 3805 videtur

608 3852 789 3925 atque
832 3832 876 3925 ἡ
918 3847 979 3906 in
1023 3830 1237 3926 ἧλύγη
1281 3863 1391 3922 pro
1442 3834 1614 3925 λύγη
1658 3845 1832 3919 (Lob.
1861 3846 2034 3906 Path.
2066 3847 2157 3906 El.
2185 3848 2231 3925 1,
2273 3841 2401 3925 68),
2441 3845 2643 3906 adhuc
2684 3847 2850 3924 igno·

609 3953 733 4011 tum
796 3956 889 4011 est
944 3947 1046 4023 (cf.
1090 3949 1254 4010 Curt.
1299 3945 1420 4008 Et.³
1463 3965 1522 4024 p.
1553 3944 1730 4026 486),
1798 3966 1995 4026 neque
2061 3948 2406 4027 Glemmius,
2470 3948 2640 4010 cuius
2703 3951 2851 4026 erat,

609 4070 792 4130 quum
849 4051 926 4112 de
984 4068 1025 4109 α
1082 4049 1382 4111 intensive
1436 4055 1649 4127 ageret
1707 4048 1899 4122 (Gurt.
1942 4051 2109 4112 Stud.
2155 4052 2316 4131 VIII,
2363 4049 2390 4107 1
2428 4049 2615 4129 sqq.),
2672 4051 2847 4112 etiam

606 4157 716 4226 has
756 4155 1075 4241 protheses
1116 4156 1395 4231 tractare,
1438 4170 1513 4213 es
1557 4151 1632 4212 de
1677 4170 1744 4213 re
1789 4151 2119 4235 quidquam
2165 4152 2329 4216 dixit.

776 4245 1198 4340 βουγάιος,
1257 4255 1347 4320 bis
1401 4253 1563 4336 apud
1617 4255 1818 4331 Hom„
1878 4273 1914 4314 a
1955 4249 2126 4334 γαίω
2180 4251 2438 4334 (yasjoe)
2496 4254 2849 4332 derivatum,
