3166 4871
591 221 716 283 272

588 395 867 472 opinione
910 398 1072 453 recte
1116 392 1192 451 ad
1242 390 1634 451 Menandrum
1683 397 1884 468 potest
1927 379 2169 463 referri}
2229 409 2364 451 uam
2408 391 2664 468 primum
2714 408 2828 449 me-

589 495 810 556 moriae
854 494 1135 554 traditum
1184 498 1274 553 est
1317 493 1666 553 Terentium
1716 493 2078 570 accuratius,
2122 511 2300 569 quam
2332 494 2514 552 ceteri
2544 492 2832 568 solebant,

590 600 826 659 fabulas
883 599 1247 658 Graecorum
1327 597 1728 673 expressisse,
1816 601 1938 655 tum
1999 594 2055 654 d.
2110 594 2205 655 fin.
2271 600 2321 665 1,
2382 598 2422 655 4
2480 595 2539 654 in
2600 594 2833 654 sabellis

588 703 818 763 Latinis
846 700 924 759 ad
971 701 1215 760 verbum
1263 718 1294 758 e
1336 698 1580 758 Graecis
1629 698 1931 773 expressis
1976 698 2150 757 etiam
2193 697 2423 758 Andria
2466 704 2833 773 numeratur,

588 806 669 865 ita
717 809 793 873 nt,
841 821 1199 880 quamquam
1247 800 1406 860 haud
1452 802 1663 878 ignoro
1711 802 1821 860 hoc
1869 820 1987 860 non
2036 802 2206 861 nimis
2250 800 2639 877 premendum
2681 818 2832 875 esse,

588 913 785 967 tamen
849 904 1212 965 contendere
1267 904 1443 963 liceat
1505 905 1699 962 locum
1747 902 2047 980 quendam
2096 905 2184 980 ei,
2243 922 2420 980 quem
2466 922 2498 963 e
2544 902 2830 963 Terentio

590 1008 797 1071 Cicero
843 1008 1014 1079 citat,
1075 1006 1434 1066 simillimum
1483 1007 1659 1065 etiam
1705 1005 1869 1083 apud
1916 1006 2309 1065 Menandrum
2359 1005 2559 1066 fuisse.
2648 1006 2737 1064 Ac
2781 1005 2831 1064 si

587 1112 838 1171 fratrum
871 1110 930 1169 in
975 1109 1131 1169 illius
1179 1108 1549 1185 „Adelphis“
1605 1127 1831 1168 morum
1880 1109 2102 1168 notatio
2136 1108 2263 1169 Cat.
2296 1112 2374 1169 65
2404 1109 2489 1169 ita
2519 1107 2833 1167 laudatur:

595 1215 873 1287 „Quanta
917 1213 976 1272 in
1024 1212 1212 1272 altero
1259 1212 1480 1281 diritas,
1531 1211 1591 1269 in
1631 1211 1817 1271 altero
1851 1207 2157 1271 comitas!“
2211 1211 2345 1287 quis
2390 1209 2644 1288 dubitat,
2687 1210 2831 1288 quin

591 1318 737 1375 haec
796 1316 928 1375 laus
972 1315 1031 1374 in
1082 1314 1392 1373 Menandri
1440 1332 1683 1390 quoque
1729 1312 2089 1375 comoediam
2146 1313 2365 1373 cadat?
2438 1314 2530 1372 De
2576 1312 2833 1373 Caecilio

589 1422 782 1477 autem
855 1417 1081 1476 nullum
1147 1416 1437 1493 ejusmodi
1517 1416 1682 1492 apud
1747 1415 2095 1476 Ciceronem
2169 1415 2474 1475 invenitur
2522 1415 2831 1492 Judicium,

590 1539 663 1579 ex
711 1538 831 1597 quo
863 1519 1104 1595 planius
1151 1519 1341 1594 possit
1387 1517 1666 1594 intellegi,
1714 1518 1856 1594 quid
1905 1516 1981 1577 de
2013 1516 2380 1577 Graecorum
2425 1518 2636 1595 poetis,
2681 1535 2834 1594 quos

590 1622 686 1682 ille
731 1625 973 1682 secutus
1020 1627 1125 1697 est,
1170 1620 1453 1691 senserit;
1500 1640 1656 1698 nam,
1703 1637 1856 1696 quae
1904 1620 2029 1680 Cat.
2077 1624 2155 1681 25
2203 1619 2277 1680 de
2323 1619 2627 1680 nonnullis
2669 1619 2834 1679 illius

592 1730 806 1803 poetae
847 1723 992 1783 locis
1023 1722 1416 1801 proferuntur
1435 1722 1683 1800 judicia,
1729 1741 1847 1783 non
1881 1723 1957 1782 ad
1987 1723 2277 1799 poeticam
2310 1721 2834 1799 pulchritudinem,

589 1826 696 1887 sed
756 1826 833 1886 ad
887 1827 1198 1895 veritatem
1245 1825 1674 1886 sententiarum
1737 1826 2102 1901 prolatarum
2150 1824 2448 1901 pert-inere
2494 1842 2667 1885 nemo
2711 1843 2830 1885 non

587 1928 881 2005 intellegit
924 1946 1122 2006 neque
1170 1929 1357 2006 magis
1403 1928 1478 1987 ad
1522 1934 1711 1986 artem
1758 1928 2049 2004 poet-icam
2096 1927 2473 1987 referendum
2521 1932 2625 1998 est,
2672 1927 2832 2004 quod

587 2032 797 2093 Cicero
828 2032 1007 2091 Tusc.
1052 2037 1111 2109 4,
1157 2034 1255 2109 69,
1304 2037 1622 2108 postquam
1671 2049 1880 2091 versus
1928 2031 2244 2091 nonnullos
2283 2031 2517 2091 Caecilii
2565 2031 2832 2108 protulit,

585 2134 813 2194 ironice
860 2134 1032 2194 dicit:
1078 2131 1158 2206 „O
1206 2134 1580 2210 praeclaram
1628 2133 2090 2194 emendatricem
2122 2135 2279 2193 vitae
2311 2134 2633 2209 poeticam!
2680 2150 2831 2210 quae

584 2255 861 2308 amorem,
907 2237 1114 2312 flagitii
1162 2241 1221 2296 et
1266 2236 1524 2296 levitatis
1569 2242 1898 2308 auctorem,
1960 2237 2019 2296 in
2067 2236 2317 2296 concilio
2364 2236 2608 2296 deorum
2656 2236 2832 2295 collo-

586 2338 840 2398 candum
904 2336 1127 2415 putet.“
1209 2368 1291 2377 ——
1365 2340 1457 2397 Ex
1517 2340 1588 2397 iis
1649 2338 1904 2415 denique
1966 2339 2144 2416 locis,
2218 2338 2435 2415 quibus
2495 2338 2572 2399 de
2615 2338 2831 2398 Plauto

583 2441 810 2516 agitur,
872 2458 1026 2499 unus
1085 2440 1521 2517 quodammodo
1585 2440 1663 2499 ad
1722 2460 1845 2500 rem
1892 2442 2262 2517 propositam
2308 2445 2586 2517 pertinet.
2673 2442 2835 2502 Dicit

584 2542 740 2601 enim
786 2542 995 2602 Cicero
1041 2542 1096 2602 d.
1142 2543 1245 2601 off.·
1285 2546 1520 2618 1,104:
1582 2543 1862 2619 „Duplex
1908 2543 2147 2602 omuino
2195 2548 2287 2602 est
2322 2543 2569 2619 jocandi
2614 2561 2832 2620 genus:

584 2662 767 2704 unum
804 2644 1112 2715 illiberale,
1145 2643 1444 2721 petulans,
1473 2643 1854 2720 flagitiosum,
1886 2644 2240 2720 obscenum;
2286 2645 2538 2704 alterum
2571 2646 2836 2723 elegans,

583 2748 896 2816 urbanum,
940 2747 1332 2825 ingeniosum,
1381 2747 1660 2806 facetum.
1746 2746 1879 2822 Quo
1924 2765 2150 2824 genere
2199 2765 2315 2806 non
2365 2745 2538 2806 modo
2579 2748 2835 2808 Plautus

584 2853 643 2909 et
685 2849 1017 2909 Atticorum
1064 2848 1310 2925 antiqua
1357 2848 1680 2920 comoedia,
1724 2848 1833 2909 sed
1879 2850 2053 2908 etiam
2100 2847 2591 2926 philosophorum
2625 2847 2835 2910 Socra·

582 2953 835 3011 ticorum
900 2952 1035 3012 libri
1101 2951 1304 3011 referti
1369 2952 1561 3011 sunt.“
1683 2952 1881 3030 Atque
1942 2971 2303 3030 quamquam
2369 2952 2634 3013 concedo
2696 2972 2830 3013 eum

582 3052 695 3113 hoc
759 3054 886 3114 loco
935 3054 1098 3114 haud
1146 3072 1390 3131 prorsus
1436 3061 1599 3114 recte
1635 3054 1944 3132 judicasse
1990 3085 2073 3094 —-
2120 3056 2221 3114 vix
2269 3057 2422 3115 enim
2471 3055 2590 3116 dici
2635 3061 2833 3133 potest

580 3156 860 3216 Plautum
908 3162 1265 3232 veteresque
1307 3157 1640 3216 Atticorum
1690 3158 1945 3218 comicos
1992 3157 2189 3235 priore
2233 3158 2353 3235 illo,
2399 3158 2562 3235 quod
2608 3159 2833 3235 statuit,

579 3276 799 3333 genere
833 3257 1082 3334 jocandi
1143 3258 1502 3318 abstinuisse
1547 3288 1629 3298 —
1678 3264 1870 3319 tamen
1932 3259 2087 3320 hanc
2131 3260 2208 3320 ob
2256 3278 2378 3320 rem
2426 3260 2586 3320 hunc
2632 3261 2827 3320 locum

582 3378 699 3419 non
761 3360 999 3421 silentio
1063 3360 1566 3438 praetereundum
1627 3379 1760 3420 esse
1816 3363 2051 3439 putavi,
2113 3362 2253 3437 quia
2312 3381 2387 3421 ex
2449 3380 2520 3422 eo
2581 3366 2832 3439 apparet

581 3461 951 3540 Ciceronem,
997 3463 1045 3522 si
1092 3463 1288 3523 minus
1320 3464 1515 3533 sciret,
1562 3467 1759 3523 tamen
1793 3463 2230 3541 quodammodo
2263 3465 2518 3524 sensisse
2549 3464 2826 3524 Plautum

579 3564 827 3641 propius
887 3564 960 3623 ad
1025 3566 1244 3624 veteris
1304 3564 1654 3624 comoediae
1722 3566 1951 3625 Atticae
2011 3565 2300 3627 accedere
2363 3566 2829 3644 similitudinem,

580 3684 759 3743 quam
805 3665 1123 3727 Caecilium
1171 3671 1276 3726 aut
1319 3665 1692 3726 Terentium.

747 3766 1013 3839 Accedit,
1059 3767 1219 3843 quod
1267 3768 1450 3828 multo
1497 3769 1769 3845 saepius,
1834 3786 2013 3846 quam
2072 3776 2406 3831 ceterorum
2468 3771 2824 3831 comicorum

577 3872 953 3948 Latinorum,
995 3870 1287 3946 Terentii,
1331 3888 1508 3946 quem
1553 3871 1753 3931 Julius
1799 3871 2021 3932 Caesar
2064 3874 2369 3949 aptissime
2421 3873 2823 3946 „dimidiatum

578 3974 1008 4036 Menandrum“
1060 3973 1419 4050 appellavit,
1469 3976 1631 4033 locos
1679 3974 1889 4034 Cicero
1936 3975 2141 4051 affert,
2205 3976 2286 4034 ita
2333 3981 2398 4036 ut
2439 3994 2662 4036 novum
2696 3976 2824 4053 jam

579 4077 903 4137 habeamus
945 4080 1380 4154 argumentum,
1425 4094 1498 4136 ex
1545 4094 1681 4152 que,
1731 4081 2022 4152 quantum
2072 4078 2130 4135 in
2179 4096 2248 4136 oo
2295 4076 2478 4136 fucrit
2511 4077 2822 4138 Menandri

573 4179 853 4256 studium,
900 4185 1199 4255 appareat.
1309 4179 1454 4237 Fore
1501 4178 1748 4254 triginta
1794 4178 1947 4238 enim
2012 4179 2124 4238 loci
2174 4198 2243 4238 ex
2294 4180 2454 4238 illius
2501 4180 2824 4241 comoediis
