3166 4871
567 278 683 339 150

559 451 704 509 Arn.
751 449 1114 508 Schaefer.
1179 479 1262 489 --
1329 449 1803 520 „Demosthenes
1866 445 1987 505 und
2048 447 2213 506 seine
2256 446 2432 507 Zeit.“
2498 448 2611 507 vol.
2652 448 2693 516 1,
2739 465 2797 524 p.

644 553 997 613 214—226.
1082 550 1283 626 Leipz.
1332 553 1513 610 1856.

558 654 621 714 O.
667 653 995 713 Bursian.
1037 684 1122 693 —
1174 651 1631 728 „Schauspieler
1669 650 1787 711 und
1834 649 2407 728 Schsuspiel·Kunst
2451 652 2527 710 im
2572 650 2797 727 griech.

641 756 990 825 Altertuu1“‚
1036 755 1239 815 histor.
1270 753 1726 822 Taschenbuch,
1760 755 1826 811 V.
1858 754 2062 830 Folge‚
2096 755 2162 812 V.
2192 753 2521 830 Jahn-gang,
2552 772 2605 829 p.
2639 757 2676 811 3
2709 771 2797 830 sq.

557 858 625 919 G.
658 860 844 918 Bern
863 858 1036 916 hard
1054 877 1111 934 y.
1149 888 1234 897 —
1273 856 1638 927 „Grundriss
1661 856 1769 914 der
1793 855 2204 931 griechischen
2228 856 2798 916 Litteratur-Geseh.

641 962 716 1037 11,
762 965 818 1037 2,
862 977 919 1037 p.
954 962 1305 1020 111—123.
1378 958 1834 1035 „Schauspieler
1878 956 2000 1017 und
2032 956 2626 1035 Seliauspielkunst“.

728 1062 1032 1137 Grysarus
1095 1068 1154 1120 et
1198 1061 1586 1136 Schaeferus,
1645 1077 2005 1136 quamquam
2050 1060 2217 1137 prior
2261 1061 2441 1136 paulo
2488 1061 2665 1120 altius
2710 1079 2798 1119 re-

554 1166 815 1258 petivit,x
858 1165 932 1224 de
991 1165 1063 1224 iis
1117 1165 1489 1241 potissimum
1544 1161 2009 1238 disputaverunt
2051 1162 2378 1234 actoribus,
2425 1162 2525 1239 qui
2571 1164 2793 1222 circum

554 1272 826 1344 tempora
873 1267 1287 1327 Demosthenis
1342 1267 1680 1343 viguerunt.
1770 1264 2161 1341 Welckerus,
2225 1266 2585 1342 Bursianus,
2647 1267 2794 1326 God.

554 1369 909 1447 Bernhardy
969 1388 1089 1429 non
1150 1377 1266 1429 tam
1330 1368 1404 1429 de
1470 1368 1616 1445 ipsis
1676 1367 2066 1428 histrionibus
2112 1386 2287 1443 quam
2336 1366 2411 1427 de
2455 1370 2613 1427 vitae
2658 1388 2795 1429 con·

553 1470 803 1543 dicione,
849 1471 1112 1531 moribus
1156 1475 1408 1547 arteque
1454 1488 1661 1530 eorum
1709 1469 2066 1530 disseruere.
2155 1469 2515 1530 Leutschius
2558 1477 2797 1547 praeter

554 1574 612 1634 id
659 1573 855 1652 quod,
914 1592 1034 1651 qua
1078 1575 1265 1633 utitur
1311 1574 1371 1632 in
1417 1572 1568 1631 libro
1623 1573 1724 1632 illo
1771 1574 2037 1649 ratione,
2102 1572 2248 1630 nihil
2292 1572 2453 1631 aliud
2499 1572 2641 1632 facit
2685 1573 2795 1632 nisi
2879 1647 2885 1654 ·

554 1679 794 1737 nomina
853 1676 1202 1736 histrionum
1264 1678 1574 1734 enumerat
1631 1674 2112 1752 scriptorumque
2165 1674 2327 1734 locos
2386 1693 2597 1750 parum
2655 1681 2796 1752 apta

555 1781 741 1839 utitur
799 1797 994 1839 rerum
1061 1778 1475 1855 dispositione,
1536 1795 1659 1854 qua
1722 1795 1905 1853 quum
1962 1777 2117 1836 inter
2168 1794 2233 1837 se
2298 1782 2566 1853 opponat
2646 1779 2793 1849 „Die

551 1881 977 1958 Schauspieler
1041 1880 1152 1940 der
1209 1879 1436 1939 iilteren
1484 1880 1640 1955 Zeit‚
1703 1879 1791 1937 als
1836 1878 2189 1955 Begrunder
2235 1878 2343 1938 der
2387 1880 2644 1939 Theorie
2688 1880 2796 1939 der

551 1982 955 2061 Hypokritik“
1007 1986 1066 2042 et
1117 1983 1266 2053 „Die
1310 1981 1732 2056 Schauspieler
1776 1981 1885 2041 der
1927 1986 2202 2058 spateren
2252 1982 2395 2058 Zeit,
2437 1981 2527 2041 als
2565 1981 2795 2042 Lehrer

551 2087 657 2145 der
686 2083 1098 2162 Hypokritik“
1144 2090 1412 2144 actorum
1446 2083 1809 2144 Graecorum
1844 2083 2145 2143 historiam
2177 2103 2385 2161 parum
2426 2089 2566 2161 apte
2598 2083 2792 2161 dispo·

549 2189 740 2249 suisse
803 2187 942 2247 mihi
1003 2185 1255 2246 videtur.
1366 2187 1549 2258 Nam,
1607 2204 1790 2262 quum
1838 2204 1947 2262 per
1991 2204 2055 2245 se
2112 2186 2513 2262 intelligatur,
2570 2187 2794 2263 primos

549 2290 886 2350 fabularum
936 2294 1171 2348 actores
1217 2286 1433 2365 agendi
1482 2287 1773 2365 quasdam
1822 2287 1988 2365 leges
2033 2288 2440 2363 constituisse,
2496 2287 2613 2348 hoc
2658 2308 2791 2365 pro-

547 2393 742 2470 prium
805 2392 991 2453 fuisse
1063 2391 1329 2467 priorum
1406 2395 1742 2468 temporum
1814 2389 2168 2451 histrionum
2240 2391 2339 2450 vix
2405 2389 2521 2451 diei
2580 2396 2792 2469 potest,

547 2513 745 2571 neque
801 2494 1224 2572 negligendum
1288 2492 1401 2553 fuit
1445 2493 1796 2563 Leutschio,
1847 2494 1973 2570 jam
2034 2500 2172 2553 ante
2216 2512 2318 2554 eos
2362 2511 2517 2571 quos
2561 2496 2792 2571 priores

548 2596 690 2656 dicit
746 2601 981 2655 actores
1041 2597 1202 2673 ipsos
1262 2600 1471 2671 poetas
1538 2594 1757 2671 agendi
1833 2596 1946 2655 arti
2009 2595 2336 2673 studuisse;
2409 2602 2568 2668 tum,
2628 2595 2790 2672 quod

548 2699 897 2776 posterioris
958 2699 1170 2758 aetatis
1231 2696 1546 2757 histriones
1607 2696 1825 2773 agendi
1869 2702 2058 2757 artem
2108 2696 2386 2758 docuisse
2433 2698 2609 2776 dicit,
2667 2717 2785 2758 non

543 2801 921 2878 intelligitur,
990 2818 1096 2859 cur
1156 2819 1278 2860 non
1341 2800 1573 2875 priores
1638 2817 1879 2876 quoque
1941 2799 2260 2859 histriones
2321 2799 2597 2861 docuisse
2656 2819 2785 2861 eam

545 2906 731 2979 putet.
833 2901 1011 2976 Quod
1073 2919 1432 2978 quamquam
1498 2920 1534 2961 a
1588 2902 1981 2978 scriptoribus
2041 2902 2456 2963 confirmatum
2517 2921 2634 2964 non
2698 2908 2788 2963 est

546 3024 767 3084 negare
813 3005 1054 3083 quidem
1101 3022 1220 3065 non
1267 3003 1415 3064 licet.

713 3108 856 3168 adn.
946 3108 1281 3167 Histriones
1339 3110 1535 3167 aetate
1593 3108 1958 3183 posteriores
2020 3126 2170 3185 quos
2226 3108 2582 3168 Leutschius
2643 3107 2789 3168 dicit

541 3214 727 3270 artem
784 3228 953 3270 suam
1013 3208 1289 3269 docuisse
1353 3209 1642 3287 exemplis
1711 3209 2050 3271 confirmari
2127 3216 2349 3287 potest,
2424 3229 2783 3289 quamquam

541 3330 698 3388 quae
744 3312 1103 3372 Leutsehius
1148 3310 1346 3371 attulit
1404 3330 1616 3389 parum
1672 3319 1810 3389 apte
1864 3314 2141 3388 sumpsit3
2202 3331 2453 3389 quorum
2512 3313 2784 3389 alterum,

540 3415 701 3489 quod
749 3433 823 3474 ex
867 3414 1049 3474 Arist.
1095 3414 1252 3474 Rhet
1294 3415 1397 3485 111,
1449 3418 1523 3475 12
1572 3413 1934 3492 desumpsit,
1993 3415 2111 3474 huc
2175 3415 2413 3475 omnino
2471 3435 2591 3475 non
2651 3434 2783 3493 per·

539 3517 715 3592 tinet3
760 3522 821 3575 et
865 3535 940 3576 ne
986 3517 1239 3577 alterum
1273 3516 1516 3594 quidem
1563 3515 2025 3589 (Demosthenes
2056 3521 2261 3578 orator
2288 3518 2364 3577 ab
2399 3517 2783 3578 histrionibus

537 3617 769 3677 actione
832 3618 1161 3690 institutus)
1222 3619 1282 3677 in
1345 3619 1499 3678 hanc
1558 3620 1967 3696 quaestionem
2034 3619 2250 3679 cadere
2290 3619 2451 3683 -mihi
2512 3619 2781 3680 videtur:

537 3720 1005 3796 Demosthenes,
1077 3722 1179 3797 qui
1251 3722 1311 3779 in
1389 3719 1646 3781 dicendo
1721 3720 1987 3782 nondum
2063 3722 2367 3798 perfectus
2440 3742 2476 3780 a
2547 3720 2779 3797 Satyro,

538 3823 916 3893 Andronico,
982 3824 1411 3900 NeoptolemO,
1474 3824 1625 3883 Polo
1687 3823 2128 3900 tragoediarum
2194 3825 2493 3884 actoribus
2535 3822 2779 3900 adjutus

536 3943 666 3986 esse
712 3926 968 3986 traditur
1023 3925 1202 3998 (Plut.
1242 3927 1344 3984 vit.
1387 3926 1553 3985 Dem.
1601 3929 1657 4002 7,
1705 3925 1948 3999 Quintil.
1996 3927 2031 3985 i.
2076 3944 2161 3986 or.
2210 3930 2307 4002 11,
2352 3930 2406 3996 3,
2456 3930 2509 3996 7,
2555 3926 2680 3984 vitt.
2724 3923 2779 3983 X

535 4032 709 4089 oratt.
754 4048 810 4105 p.
856 4032 996 4098 360,
1041 4028 1290 4088 Photius
1336 4048 1391 4106 p.
1435 4031 1625 4105 493a,
1667 4028 1743 4088 ib.
1789 4031 1913 4089 493
1934 4028 1988 4104 b,
2032 4047 2209 4087 anon.
2263 4028 2439 4105 proli.
2470 4028 2691 4086 rhetor.
2723 4031 2777 4093 6,

534 4149 588 4206 p.
644 4128 780 4207 35),
860 4148 980 4190 non
1047 4136 1303 4190 actorem
1382 4130 1455 4190 ab
1524 4135 1727 4190 actore
1807 4129 2025 4207 agendi
2101 4136 2229 4189 arte
2305 4129 2602 4189 eruditum
2670 4127 2776 4188 sed

534 4238 829 4293 oratorem
894 4234 968 4292 ab
1029 4240 1232 4293 actore
1291 4233 1350 4292 in
1408 4234 1851 4309 pronuntiando
1932 4237 1991 4292 et
2054 4230 2442 4292 declamando
2504 4232 2775 4310 adjutum
