3166 4871
2587 310 2626 371 9

385 487 741 547 Pausaniam
805 493 1027 563 exstat,
1084 488 1159 549 ab
1220 487 1306 547 eis
1360 505 1436 546 an
1497 492 1709 564 postea
1766 487 1844 547 ab
1889 486 2009 547 alio
2060 485 2332 548 adiectus
2379 487 2484 563 sit,
2531 506 2621 547 me

385 589 626 668 quidem
671 589 867 650 iudice
913 608 1033 650 nou
1078 593 1279 669 potest
1322 588 1631 649 diudieari.

552 693 910 753 Persuasum
958 696 1068 771 est,
1112 693 1352 770 opinor,
1396 691 1670 752 omnibus
1712 692 1790 752 ad
1835 692 2117 768 fingenda
2155 692 2400 752 oracula
2444 711 2623 770 saepe

384 796 702 874 proverbia
744 795 1013 857 adhibita
1057 813 1216 857 esse:
1262 796 1367 857 sed
1414 814 1490 857 ne
1533 796 1650 856 hoe
1694 796 1933 873 quidem
1982 795 2322 873 negandum
2369 800 2460 856 est
2496 815 2622 856 ora-

382 901 520 959 eula
587 900 685 960 vel
751 900 1128 960 oraculorum
1202 904 1417 976 partes·
1465 900 1525 957 in
1585 899 2060 977 ¹proverbiorum
2129 898 2621 958 consuetudinem

382 1002 591 1063 abisse.
678 1001 852 1075 Quod
911 1003 972 1061 in
1032 994 1276 1063 scholiis
1318 1001 1691 1065 Theocriteis
1738 1000 1906 1074 [XIV
1939 996 2045 1074 48]
2093 1001 2362 1080 aliasque
2419 1000 2618 1062 fiotum

382 1109 575 1167 exstat
618 1106 954 1166 oraculum:

584 1238 771 1322 γαίης
813 1236 936 1320 μὲν
979 1232 1194 1321 πάσης
1238 1233 1316 1301 τὸ
1364 1232 1787 1319 Πελασγικὸν
1834 1228 2054 1321 Ἄργος
2098 1258 2392 1319 αμεινον,

583 1338 781 1404 ἵπποι
831 1340 1252 1418 Θεσσαλικαί,
1298 1333 1818 1421 Λακεδαιμόνιαί
1862 1361 1932 1403 τε·
1976 1351 2305 1422 γυναῖκες,

582 1434 819 1525 ἄνδρες
864 1433 923 1504 δ’
968 1440 1036 1506 οἳ
1077 1442 1397 1506 πίνουσιν
1440 1432 1628 1525 ὕδωρ
1674 1444 1883 1525 καλῆς
1922 1431 2335 1527 Άρεθούσης.

584 1534 727 1608 ἀλλ’
773 1540 869 1608 ἔτι
914 1545 1027 1607 καὶ
1068 1535 1271 1609 τῶνδ’
1316 1543 1484 1609 εἰσὶν
1530 1535 1873 1627 ἀμείνονες
1917 1538 2056 1608 οἵτε
2100 1540 2349 1630 μεσηγὺ

591 1647 917 1729 Τίρυνθος
963 1646 1224 1711 ιαίουσι
1267 1647 1382 1711 καὶ
1423 1638 1759 1732 Αρκαδίης
1803 1642 2203 1730 πολυμήλου

516 1767 521 1771 ’
588 1740 859 1832 Αργεϊοι
903 1744 1395 1836 λινοθώρηκες,
1442 1750 1689 1833 κέντρα
1731 1749 2154 1834 πτολέμοιο

580 1844 763 1934 ὑμεῖς
809 1842 867 1917 d’
913 1849 969 1916 ὠ
1015 1857 1342 1935 Μεγαρεῖς
1387 1842 1547 1917 ουδὲ
1593 1852 1808 1935 τρίτοι
1854 1841 2012 1916 οὐδὲ
2057 1852 2366 1935 τέταρτοι

580 1945 735 2019 ουδὲ
785 1955 1292 2033 ὀυωδεκαταῑοι,
1338 1945 1481 2020 ουτ>
1527 1954 1602 2019 ἐν
1649 1950 1830 2039 λόγῳ
1876 1946 2019 2019 οὔτ’
2066 1954 2140 2019 εἶν
2185 1946 2475 2040 ἀριθμῷ.

378 2097 488 2157 hoe
533 2098 708 2158 modo
755 2098 832 2158 ad
880 2099 1208 2175 Aegienses
1253 2100 1428 2159 modo
1474 2099 1550 2158 ad
1598 2100 1982 2175 Megarenses
2028 2099 2321 2177 refertur,
2377 2119 2506 2159 eum
2556 2101 2615 2158 iu

377 2219 552 2260 versu
612 2202 866 2278 septimo
933 2208 1037 2261 aut
1094 2195 1349 2280 Alyst'e:
1407 2206 1511 2261 aut
1542 2200 1882 2278 Μεγαρεῖς
1941 2203 2208 2278 legatur:
2269 2204 2342 2261 ef.
2389 2202 2617 2262 Mehler
2663 2271 2673 2279 -

376 2304 653 2363 Mnaseae
700 2303 908 2380 fragm.
938 2323 996 2380 p.
1039 2300 1169 2363 108.
1258 2306 1598 2364 Extremam
1660 2305 1788 2364 eius
1833 2310 2065 2383 partem
2127 2308 2185 2365 in
2234 2284 2614 2382 proverbium

374 2406 659 2484 eessisse,
723 2426 797 2467 ex
856 2406 1274 2468 Demosthenis
1334 2409 1605 2468 oratione
1664 2407 1739 2467 de
1799 2427 1916 2468 eor.
1951 2400 2071 2464 310
2136 2413 2195 2469 et
2251 2408 2614 2470 Callimacho

376 2507 461 2580 [in
508 2509 668 2568 anth.
710 2510 915 2569 Pa1.v
948 2506 1012 2583 6]
1077 2512 1511 2588 intellegimus3
1574 2515 1946 2588 quapropter
2007 2531 2116 2571 suo
2175 2514 2303 2572 iure
2363 2514 2614 2573 Photius

371 2611 606 2702 seripsit
633 2609 933 2690 χρησμοῦ
979 2602 1348 2689 κομμάτιον
1395 2607 1529 2671 ἐστι
1562 2604 2197 2694 παροιμιαζόμενον,
2244 2615 2317 2687 (s,
2347 2635 2401 2674 v.
2439 2603 2615 2691 ὑμεῖς

372 2705 428 2770 ὠ
480 2713 820 2792 Μεγαρεῖς)
865 2734 1101 2792 suoque
1146 2716 1272 2775 iure
1306 2717 1621 2794 ZenobiuS,
1667 2736 1845 2794 quem
1891 2719 2160 2794 sequitur
2203 2717 2612 2794 Diogeuianus

374 2814 430 2887 [1
462 2813 589 2894 471,
647 2819 704 2877 in
770 2817 1218 2894 proverbiorum
1279 2837 1588 2879 numerum
1656 2821 1828 2879 etiam
1897 2820 2044 2880 illud
2110 2823 2339 2898 recepit
2397 2818 2614 2893 [14SJ.

376 2919 585 2994 Neque
631 2918 954 2997 quidquam
988 2919 1125 2979 mihi
1159 2920 1399 2997 quidem
1433 2922 1673 2981 videtur
1719 2923 1979 3000 obstare,
2023 2941 2142 2999 quo
2177 2924 2370 2982 minus
2400 2941 2608 2983 verum

374 3017 679 3097 ducamu8‚
723 3022 884 3096 quod
928 3023 1224 3082 Zenobius
1274 3021 1353 3096 [V
1394 3021 1493 3096 19]
1544 3028 1602 3084 et
1647 3025 1895 3085 Photius
1938 3025 2013 3083 ad
2061 3044 2296 3084 versum

590 3133 824 3218 μέτρῳ
867 3125 1053 3220 ὕδωρ
1099 3137 1414 3214 πίνοντες
1459 3128 1691 3222 ιῖμετρὶ
1737 3138 1806 3201 δὲ
1850 3141 2068 3221 μᾶζαν
2115 3137 2379 3216 ἔδοντες

369 3258 646 3319 adnotat:
708 3278 908 3331 ουτος·
964 3249 1001 3319 ὁ
1057 3258 1278 3341 στίχος
1342 3257 1432 3334 εἰς
1491 3259 1859 3342 παροιμίαν
1919 3258 2230 3345 περιέστη
2291 3257 2366 3324 ἐκ
2429 3282 2611 3335 τινος
2705 3315 2709 3319 .

366 3360 669 3442 χρησμοῦ
716 3348 797 3422 ὃν
844 3348 1109 3424 ἀνεῖλεν
1156 3353 1193 3424 ὁ
1240 3357 1401 3437 θεὸς
1434 3363 1855 3446 Συβαρίταις.
1911 3355 2208 3447 υβρισταὶ
2255 3358 2378 3446 γὰρ
2422 3355 2613 3438 ὄιτες

369 3458 481 3521 καὶ
544 3451 989 3544 α’μετροπόται
1056 3453 1422 3529 απωλοντο
1494 3458 1633 3529 υπὸ
1693 3469 2212 3549 Κροτωνιατῶν.
2279 3478 2419 3542 τοῖς
2481 3463 2612 3531 οὐν

368 3561 812 3645 ῥιαφυγοῦσιν
860 3555 1087 3628 αὐτῶν
1134 3557 1355 3642 ου’τως
1401 3563 1712 3652 ε’χρησθη.

538 3671 735 3730 Dubia
777 3690 876 3732 res
920 3673 1159 3734 videtur
1216 3677 1275 3735 in
1326 3695 1395 3736 eo
1458 3677 1700 3737 oraeulo
1747 3677 1820 3736 de
1875 3697 1996 3754 quo
2041 3697 2202 3738 nune
2263 3681 2447 3739 verba
2493 3681 2611 3739 fae·

371 3779 544 3832 turus
588 3792 739 3833 sum.
827 3776 896 3835 In
942 3779 1393 3852 proverbiorum
1457 3799 1704 3892 nucmero
1763 3780 1926 3857 apud
1985 3781 2306 3841 Zenobiam
2355 3780 2469 3853 [111
2499 3779 2607 3854 42]

369 3875 481 3934 hoe
513 3896 755 3954 quoque
797 3879 1128 3939 iuvenitur:
1175 3876 1402 3960 ὸῶρον
1435 3867 1494 3940 δ’
1526 3866 1630 3942 ὅτι
1666 3879 1761 3942 δῶ
1795 3900 1893 3952 τις
1925 3876 2202 3956 επαίνει,
2248 3884 2609 3961 additurque

371 3965 539 4056 αὕτη
573 3969 793 4058 κόμμα
826 3972 969 4038 εστὶ
1010 3981 1310 4063 χρησμοῦ
1340 3981 1465 4042 τοῦ
1498 3979 1828 4055 (δοθέντος
1852 3980 2228 4063 Μυσκέλλῳ
2261 3983 2356 4043 τῶ
2394 3974 2609 4058 Ῥυπί,

368 4063 526 4134 καθ’
572 4065 652 4138 ο“ν
698 4072 777 4160 ὁη
836 4072 1088 4161 χρόνον
1136 4074 1486 4205 Κρότωνα)
1521 4105 1651 4145 ουκ
1696 4078 2012 4161 εβουλετο
2061 4082 2375 4163 οἰκίζειν,
2436 4074 2626 4147 ἄλλα

368 4169 700 4258 Σύβαριν,
760 4171 851 4253 ὥς
910 4199 1115 4264 φησιν
1160 4173 1400 4257 Ἵππυς
1459 4206 1535 4246 εν
1594 4187 1691 4246 τιῦ
1750 4184 1902 4268 περὶ
1957 4181 2244 4267 χρόνων.
2312 4186 2476 4270 φησὶ
2536 4185 2604 4250 ὀε

367 4265 583 4350 οὕτως
628 4300 797 4362 εχειν
842 4277 965 4346 τὸν
1005 4279 1352 4367 χρησμὸν
