3166 4871
550 260 673 318 414

547 430 786 508 quidem
833 430 1229 504 centenariae,
1274 431 1376 489 uni
1423 428 1556 503 (11)
1620 429 2010 504 sexagenaria
2058 429 2435 503 obtingebat;
2510 446 2797 504 procura-

547 538 710 594 tores
755 551 997 610 quoque
1048 534 1177 591 vice
1223 532 1517 609 praesidis
1564 531 1802 601 fiebant,
1849 532 2015 588 velut
2061 532 2362 589 Desticius
2408 531 2667 588 Severus
2713 532 2798 596 (4)

549 635 645 696 vel
692 641 1121 714 procuratores
1167 654 1275 711 pro
1320 636 1518 711 legato
1563 635 1675 706 (8).

725 739 795 797 In
856 729 1377 797 administratione
1441 736 1672 796 urbana
1729 736 1842 795 soli
1893 737 1963 794 M.
2014 735 2293 811 Aquilius
2339 719 2429 806 (6)
2474 739 2534 793 et
2579 735 2642 792 L.
2690 734 2800 794 Co-

549 841 763 923 minius
807 839 937 912 (10)
985 841 1264 917 occupati
1311 846 1498 908 erant,
1546 844 1801 915 uterque
1846 838 2180 898 trecenaria
2210 837 2503 912 dignitate
2535 840 2799 912 ornatus,

549 944 703 1004 alter
748 960 1005 1002 acensus
1052 944 1237 1020 equit.
1270 944 1532 1011 Roman„
1580 943 1732 1000 alter
1783 944 2138 1017 procurator
2168 940 2324 1015 Aug.
2370 957 2406 997 a
2451 939 2799 997 rationibus.

724 1044 858 1119 Qua
902 1046 961 1104 in
1012 1063 1076 1105 re
1121 1045 1421 1114 miramur,
1468 1044 1629 1120 quod
1679 1045 1737 1103 in
1787 1043 2195 1120 procuraturis
2238 1041 2614 1116 assignandis
2660 1059 2796 1100 con-

550 1148 738 1208 traria
781 1147 1010 1207 ratione
1058 1148 1149 1206 usi
1195 1153 1336 1206 sunt
1382 1148 1775 1224 imperatores
1820 1150 2001 1221 atque
2047 1146 2108 1204 in
2145 1145 2365 1203 militiis
2395 1143 2797 1221 equestribus3

554 1270 689 1310 nam
750 1269 881 1309 cum
940 1250 1163 1309 militiis
1213 1251 1407 1327 magis
1454 1249 1697 1308 urbanis
1744 1267 1986 1326 operam
2037 1247 2273 1306 dedisse
2319 1246 2637 1305 videantur
2681 1246 2798 1322 pri-

552 1354 853 1430 mipilares
914 1371 1093 1430 quam
1154 1351 1621 1429 provincialibus
1689 1350 1787 1423 (cf.
1835 1348 2070 1428 supra),
2134 1349 2334 1408 civilia
2393 1349 2490 1407 illa
2550 1365 2799 1406 munera

551 1457 739 1532 magis
784 1457 845 1514 in
891 1455 1215 1531 provinciis
1261 1455 1581 1531 gerebant;
1644 1459 1704 1513 et
1766 1454 1817 1513 si
1870 1453 2028 1511 illius
2081 1453 2193 1528 rci,
2251 1453 2452 1510 nescio
2497 1470 2571 1510 an
2618 1455 2799 1526 recte,

551 1576 678 1618 eam
727 1576 966 1617 causam
1012 1559 1348 1626 statuimus,
1413 1562 1480 1615 ut
1523 1555 1829 1615 veteribus
1876 1559 1936 1615 et
1981 1555 2202 1629 optime
2250 1554 2471 1613 meritis
2516 1553 2799 1611 militibus

474 1695 477 1698 -
550 1661 786 1720 occasio
847 1658 1208 1719 redderetur
1272 1664 1410 1735 post
1457 1659 1695 1734 longam
1744 1656 2126 1716 solitudinem
2173 1660 2531 1715 castrensem
2579 1655 2798 1714 Urbem

549 1762 848 1840 ludosque
895 1761 1094 1823 denuo
1142 1761 1464 1838 revisendi,
1509 1761 1809 1819 contraria
1857 1761 2026 1828 rati0,
2073 1777 2226 1836 quae
2274 1759 2513 1834 quidem
2561 1759 2619 1817 in
2667 1776 2800 1833 pro·

550 1867 849 1926 curaturis
909 1864 1122 1924 dandis
1182 1863 1644 1933 observabatur,
1719 1862 1796 1921 ad
1858 1879 2071 1922 causas
2128 1861 2316 1937 magis
2363 1864 2799 1920 consentaneas

551 1966 872 2028 referenda
917 1965 1158 2026 videtur
1205 1984 1360 2036 esse;
1406 1984 1541 2024 nam
1576 1984 1650 2024 ex
1681 1965 1933 2041 pristino
1966 1982 2188 2041 genere
2221 1964 2378 2022 vitae
2409 1962 2799 2040 primipilares

553 2072 683 2129 sine
728 2069 907 2129 dubio
956 2069 1141 2144 magis
1188 2067 1383 2127 idonei
1429 2068 1653 2126 fiebant
1707 2067 1783 2125 ad
1831 2084 2006 2125 curas
2053 2065 2458 2142 provinciales
2502 2083 2678 2141 quam
2725 2062 2798 2122 ad

551 2172 812 2232 urbanas
854 2171 1153 2247 agendas;
1214 2170 1271 2228 in
1339 2170 1662 2246 provinciis
1709 2170 1863 2229 enim
1917 2168 2142 2229 fiebant
2187 2175 2290 2227 aut
2333 2168 2446 2244 ipsi
2491 2165 2803 2244 praesides

550 2277 631 2342 (4.
660 2271 725 2347 8)
770 2277 874 2333 aut
903 2272 1212 2351 adjutores
1244 2270 1605 2349 praesidum,
1650 2272 1751 2348 qui
1788 2272 2048 2331 rationes
2080 2270 2483 2346 provinciales
2515 2268 2805 2328 curabant

550 2379 612 2437 et
652 2374 973 2452 vectigalia
1018 2375 1392 2451 tributaque,
1443 2391 1601 2450 quae
1645 2372 1721 2431 ad
1770 2373 1975 2432 fiscum
2022 2371 2333 2450 redibant,
2379 2371 2702 2449 exigebant
2744 2374 2805 2429 et

549 2479 1041 2538 administrabant
1059 2475 1171 2549 ⁴⁰);
1249 2479 1468 2554 optime
1545 2477 1729 2553 igitur
1810 2475 1886 2534 ad
1964 2476 2073 2534 has
2151 2492 2328 2534 curas
2405 2472 2803 2551 provinciales

547 2600 835 2641 summam
881 2580 1185 2639 hominum
1230 2598 1302 2638 ac
1348 2579 1620 2638 locorum
1666 2580 1940 2655 peritiam
1976 2577 2275 2636 diuturnis
2308 2577 2528 2635 militiis
2573 2580 2799 2651 partam

553 2682 831 2743 conferre
876 2685 1232 2758 potuerunt,
1291 2699 1422 2740 cum
1470 2682 1528 2739 in
1580 2681 1741 2740 Urbe
1801 2679 1927 2739 fere
1973 2679 2297 2738 scribarum
2345 2678 2444 2737 vel
2487 2679 2802 2737 ratiocina-

548 2790 743 2845 torum
803 2802 1048 2845 munere
1104 2783 1516 2861 fungerentur.
1643 2784 1970 2842 Praeterea
2015 2801 2087 2842 ea
2132 2782 2319 2855 ratic,
2383 2799 2506 2858 qua
2551 2779 2797 2838 adducti

545 2890 939 2966 imperatores
1006 2887 1476 2965 primipilaribus
1550 2887 1793 2945 militias
1854 2889 2166 2961 equestres
2234 2884 2495 2943 urbanas
2565 2881 2801 2942 dedisse

550 2990 866 3069 videntur,
926 2991 982 3049 in
1029 2991 1440 3067 procuraturis
1487 2989 1866 3065 assignandis
1915 2988 2111 3046 minus
2157 2986 2424 3056 valebat3
2484 3003 2616 3043 nam
2663 3003 2798 3043 cum

546 3092 832 3171 praefecti
882 3092 1224 3169 tribunique
1270 3092 1484 3151 castris
1532 3093 2005 3168 continerentur,
2060 3095 2486 3166 procuratores
2528 3088 2587 3147 in
2634 3087 2799 3146 nobi-

544 3196 780 3255 lissimis
810 3195 1256 3273 provinciarum
1300 3194 1548 3254 urbibus
1595 3195 1776 3253 vitam
1824 3193 2104 3269 agebant,
2149 3192 2249 3251 ubi
2297 3191 2424 3249 ludi
2470 3208 2798 3266 omnesque

548 3298 979 3358 delectationes
1028 3297 1337 3356 florebant.

724 3401 884 3459 Inter
945 3398 1326 3477 primipilaris
1391 3397 1742 3473 dignitatem
1803 3400 1862 3456 et
1923 3402 2379 3473 procuratnram
2445 3396 2798 3473 plerumque

552 3503 789 3562 militiae
840 3505 1150 3578 equestres
1198 3501 1519 3561 nonnullae
1565 3500 1664 3558 vel
1712 3498 2103 3574 praefectura
2149 3499 2403 3573 legionis
2448 3497 2799 3573 interjectae

544 3607 714 3680 sunt3
758 3604 849 3663 bis
895 3604 1055 3662 hunc
1086 3603 1371 3662 honorem
1405 3603 1563 3661 illam
1612 3601 1963 3677 dignitatem
2012 3601 2296 3659 continuo
2349 3603 2617 3659 secutum
2666 3618 2797 3658 esse

541 3707 810 3784 legimus.
899 3706 1283 3782 Quapropter
1328 3724 1461 3765 cum
1507 3710 1907 3781 procuratur-a
1951 3704 2200 3762 minime
2257 3721 2367 3778 pro
2415 3703 2633 3761 usitato
2677 3703 2796 3776 pri-

545 3809 832 3886 mipilaris
893 3809 1158 3885 praemio
1221 3806 1499 3867 habenda
1562 3808 1668 3882 sit,
1739 3810 1936 3864 tamen
1998 3806 2100 3881 qui
2160 3804 2406 3863 ordines
2467 3822 2657 3880 nsque
2720 3803 2796 3861 ad

543 3912 800 3989 primum
845 3911 1032 3987 pilum
1078 3910 1328 3969 honeste
1377 3912 1837 3985 percari-erant,
1900 3926 2031 3966 cum
2092 3906 2330 3982 quidem
2389 3911 2605 3982 postea
2651 3924 2796 3964 non·

714 4145 785 4209 ⁴⁰)
830 4141 900 4195 de
953 4138 1336 4208 procuraturis
1399 4136 1470 4191 cf.
1525 4137 1852 4193 Hirschfeld
1913 4138 2038 4205 „die
2092 4142 2432 4205 procurator.
2489 4136 2797 4205 Carriere“,

544 4227 736 4281 Roem.
772 4225 1308 4294 Staatsverwaltung
1344 4241 1396 4293 p.
1435 4228 1529 4277 241
1572 4229 1629 4278 et
1665 4224 1838 4292 Marq.
1875 4223 1902 4276 1
1940 4228 2061 4277 414.
