<?xml version="1.0" encoding="UTF-8"?>
<!DOCTYPE html PUBLIC "-//W3C//DTD XHTML 1.0 Transitional//EN"
    "http://www.w3.org/TR/xhtml1/DTD/xhtml1-transitional.dtd">
<html xmlns="http://www.w3.org/1999/xhtml" xml:lang="en" lang="en">
 <head>
  <title>
</title>
<meta http-equiv="Content-Type" content="text/html;charset=utf-8" />
  <meta name='ocr-system' content='tesseract 3.04.00' />
  <meta name='ocr-capabilities' content='ocr_page ocr_carea ocr_par ocr_line ocrx_word'/>
</head>
<body>
  <div class='ocr_page' id='page_1' title='image "./dissertationesp00hallgoog_0755.png"; bbox 0 0 3166 4871; ppageno 0'>
   <div class='ocr_carea' id='block_1_1' title="bbox 2520 282 2636 344">
    <p class='ocr_par' dir='ltr' id='par_1_1' title="bbox 2520 282 2636 344">
     <span class='ocr_line' id='line_1_1' title="bbox 2520 282 2636 344; baseline -0.017 0"><span class='ocrx_word' id='word_1_1' title='bbox 2520 282 2636 344; x_wconf 86' lang='lat'><strong>391</strong></span> 
     </span>
    </p>
   </div>
   <div class='ocr_carea' id='block_1_2' title="bbox 402 454 2654 2992">
    <p class='ocr_par' dir='ltr' id='par_1_2' title="bbox 402 454 2646 1147">
     <span class='ocr_line' id='line_1_2' title="bbox 405 454 2646 533; baseline 0 -18"><span class='ocrx_word' id='word_1_2' title='bbox 405 455 516 533; x_wconf 89' lang='lat' dir='ltr'><strong>ipsi</strong></span> <span class='ocrx_word' id='word_1_3' title='bbox 580 455 695 515; x_wconf 90' lang='lat' dir='ltr'><strong>loci</strong></span> <span class='ocrx_word' id='word_1_4' title='bbox 755 454 989 516; x_wconf 82' lang='lat' dir='ltr'><strong>Tacitei</strong></span> <span class='ocrx_word' id='word_1_5' title='bbox 1047 473 1094 514; x_wconf 92' lang='lat' dir='ltr'><strong>s.</strong></span> <span class='ocrx_word' id='word_1_6' title='bbox 1137 473 1182 516; x_wconf 89' lang='lat' dir='ltr'><strong>s.</strong></span> <span class='ocrx_word' id='word_1_7' title='bbox 1239 457 1628 533; x_wconf 85' lang='lat' dir='ltr'><strong>comprobare</strong></span> <span class='ocrx_word' id='word_1_8' title='bbox 1687 455 1997 525; x_wconf 71' lang='lat' dir='ltr'><strong>videntur-3</strong></span> <span class='ocrx_word' id='word_1_9' title='bbox 2072 454 2226 515; x_wconf 90' lang='lat' dir='ltr'><strong>idem</strong></span> <span class='ocrx_word' id='word_1_10' title='bbox 2289 455 2415 516; x_wconf 87' lang='lat' dir='ltr'><strong>fere</strong></span> <span class='ocrx_word' id='word_1_11' title='bbox 2461 454 2646 515; x_wconf 85' lang='lat' dir='ltr'><strong>sensit</strong></span> 
     </span>
     <span class='ocr_line' id='line_1_3' title="bbox 403 556 2644 636; baseline 0.001 -19"><span class='ocrx_word' id='word_1_12' title='bbox 403 556 741 634; x_wconf 82' lang='lat' dir='ltr'><strong>Madvigius</strong></span> <span class='ocrx_word' id='word_1_13' title='bbox 788 558 825 617; x_wconf 89' lang='lat' dir='ltr'><strong>l.</strong></span> <span class='ocrx_word' id='word_1_14' title='bbox 856 576 903 616; x_wconf 87' lang='lat' dir='ltr'><strong>c.</strong></span> <span class='ocrx_word' id='word_1_15' title='bbox 950 576 1007 635; x_wconf 88' lang='lat' dir='ltr'><strong>p.</strong></span> <span class='ocrx_word' id='word_1_16' title='bbox 1040 560 1182 636; x_wconf 85' lang='lat'><strong>536,</strong></span> <span class='ocrx_word' id='word_1_17' title='bbox 1213 563 1282 620; x_wconf 81' lang='lat'><strong>2:</strong></span> <span class='ocrx_word' id='word_1_18' title='bbox 1342 559 1626 630; x_wconf 83' lang='lat' dir='ltr'><strong>„Tacitus</strong></span> <span class='ocrx_word' id='word_1_19' title='bbox 1671 577 1805 617; x_wconf 82' lang='lat' dir='ltr'><strong>aun.</strong></span> <span class='ocrx_word' id='word_1_20' title='bbox 1852 558 1952 617; x_wconf 89' lang='lat' dir='ltr'><strong>IV.</strong></span> <span class='ocrx_word' id='word_1_21' title='bbox 1999 561 2078 618; x_wconf 79' lang='lat'><strong>72</strong></span> <span class='ocrx_word' id='word_1_22' title='bbox 2126 577 2181 617; x_wconf 90' lang='lat' dir='ltr'><strong>u.</strong></span> <span class='ocrx_word' id='word_1_23' title='bbox 2226 558 2361 618; x_wconf 86' lang='lat' dir='ltr'><strong>hist.</strong></span> <span class='ocrx_word' id='word_1_24' title='bbox 2405 558 2512 617; x_wconf 91' lang='lat'><strong>111.</strong></span> <span class='ocrx_word' id='word_1_25' title='bbox 2565 562 2644 619; x_wconf 84' lang='lat'><strong>70</strong></span> 
     </span>
     <span class='ocr_line' id='line_1_4' title="bbox 403 659 2643 739; baseline -0 -19"><span class='ocrx_word' id='word_1_26' title='bbox 403 659 735 737; x_wconf 87' lang='lat' dir='ltr'><strong>gebraucht</strong></span> <span class='ocrx_word' id='word_1_27' title='bbox 802 659 917 719; x_wconf 88' lang='lat' dir='ltr'><strong>den</strong></span> <span class='ocrx_word' id='word_1_28' title='bbox 987 659 1313 720; x_wconf 87' lang='lat' dir='ltr'><strong>Ausdruck</strong></span> <span class='ocrx_word' id='word_1_29' title='bbox 1399 679 1466 732; x_wconf 83' lang='lat' dir='ltr'><strong>„e</strong></span> <span class='ocrx_word' id='word_1_30' title='bbox 1510 659 2017 739; x_wconf 82' lang='lat' dir='ltr'><strong>primipilaribus“</strong></span> <span class='ocrx_word' id='word_1_31' title='bbox 2093 660 2204 719; x_wconf 78' lang='lat' dir='ltr'><strong>wie</strong></span> <span class='ocrx_word' id='word_1_32' title='bbox 2269 678 2386 720; x_wconf 89' lang='lat' dir='ltr'><strong>von</strong></span> <span class='ocrx_word' id='word_1_33' title='bbox 2455 661 2643 720; x_wconf 90' lang='lat' dir='ltr'><strong>einem</strong></span> 
     </span>
     <span class='ocr_line' id='line_1_5' title="bbox 404 760 2643 840; baseline -0 -18"><span class='ocrx_word' id='word_1_34' title='bbox 404 762 617 839; x_wconf 88' lang='lat' dir='ltr'><strong>eiguen</strong></span> <span class='ocrx_word' id='word_1_35' title='bbox 665 760 1168 840; x_wconf 82' lang='lat' dir='ltr'><strong>Offieiercorps“;</strong></span> <span class='ocrx_word' id='word_1_36' title='bbox 1240 762 1627 823; x_wconf 87' lang='lat' dir='ltr'><strong>confirmatur</strong></span> <span class='ocrx_word' id='word_1_37' title='bbox 1673 767 1870 823; x_wconf 82' lang='lat' dir='ltr'><strong>autem</strong></span> <span class='ocrx_word' id='word_1_38' title='bbox 1916 780 1987 822; x_wconf 90' lang='lat' dir='ltr'><strong>ea</strong></span> <span class='ocrx_word' id='word_1_39' title='bbox 2031 762 2379 839; x_wconf 87' lang='lat' dir='ltr'><strong>conjectura</strong></span> <span class='ocrx_word' id='word_1_40' title='bbox 2423 762 2643 839; x_wconf 77' lang='lat' dir='ltr'><strong>Hygini</strong></span> 
     </span>
     <span class='ocr_line' id='line_1_6' title="bbox 402 863 2646 943; baseline -0 -18"><span class='ocrx_word' id='word_1_41' title='bbox 402 866 710 942; x_wconf 87' lang='lat' dir='ltr'><strong>gromatici</strong></span> <span class='ocrx_word' id='word_1_42' title='bbox 745 865 875 925; x_wconf 89' lang='lat' dir='ltr'><strong>loco</strong></span> <span class='ocrx_word' id='word_1_43' title='bbox 923 864 1027 937; x_wconf 91' lang='lat' dir='ltr'><strong>(de</strong></span> <span class='ocrx_word' id='word_1_44' title='bbox 1058 869 1393 926; x_wconf 87' lang='lat' dir='ltr'><strong>castramet.</strong></span> <span class='ocrx_word' id='word_1_45' title='bbox 1439 886 1489 924; x_wconf 85' lang='lat' dir='ltr'><strong>c.</strong></span> <span class='ocrx_word' id='word_1_46' title='bbox 1524 863 1615 938; x_wconf 74' lang='lat' dir='ltr'><strong>GJ:</strong></span> <span class='ocrx_word' id='word_1_47' title='bbox 1660 866 1940 927; x_wconf 87' lang='lat' dir='ltr'><strong>cohortes</strong></span> <span class='ocrx_word' id='word_1_48' title='bbox 1986 866 2318 943; x_wconf 78' lang='lat' dir='ltr'>praetoriae</span> <span class='ocrx_word' id='word_1_49' title='bbox 2362 865 2646 926; x_wconf 85' lang='lat' dir='ltr'><strong>lateribus</strong></span> 
     </span>
     <span class='ocr_line' id='line_1_7' title="bbox 403 967 2644 1045; baseline 0 -19"><span class='ocrx_word' id='word_1_50' title='bbox 403 968 689 1045; x_wconf 87' lang='lat' dir='ltr'><strong>praetorii</strong></span> <span class='ocrx_word' id='word_1_51' title='bbox 748 967 1002 1028; x_wconf 86' lang='lat' dir='ltr'><strong>tendere</strong></span> <span class='ocrx_word' id='word_1_52' title='bbox 1062 967 1285 1028; x_wconf 90' lang='lat' dir='ltr'><strong>debent</strong></span> <span class='ocrx_word' id='word_1_53' title='bbox 1328 1013 1342 1027; x_wconf 90' lang='lat'><strong>.</strong></span> <span class='ocrx_word' id='word_1_54' title='bbox 1373 1013 1386 1027; x_wconf 92' lang='lat'><strong>.</strong></span> <span class='ocrx_word' id='word_1_55' title='bbox 1418 1012 1475 1025; x_wconf 86' lang='lat'><strong>..</strong></span> <span class='ocrx_word' id='word_1_56' title='bbox 1521 968 1915 1045; x_wconf 86' lang='lat' dir='ltr'><strong>primipilares</strong></span> <span class='ocrx_word' id='word_1_57' title='bbox 1971 969 2145 1027; x_wconf 87' lang='lat' dir='ltr'><strong>etiam</strong></span> <span class='ocrx_word' id='word_1_58' title='bbox 2201 972 2262 1027; x_wconf 91' lang='lat' dir='ltr'><strong>et</strong></span> <span class='ocrx_word' id='word_1_59' title='bbox 2305 969 2538 1028; x_wconf 86' lang='lat' dir='ltr'><strong>evocat-i</strong></span> <span class='ocrx_word' id='word_1_60' title='bbox 2584 967 2644 1027; x_wconf 89' lang='lat' dir='ltr'><strong>in</strong></span> 
     </span>
     <span class='ocr_line' id='line_1_8' title="bbox 404 1068 1561 1147; baseline -0.003 -17"><span class='ocrx_word' id='word_1_61' title='bbox 404 1069 612 1130; x_wconf 91' lang='lat' dir='ltr'><strong>eadem</strong></span> <span class='ocrx_word' id='word_1_62' title='bbox 659 1068 953 1146; x_wconf 88' lang='lat' dir='ltr'><strong>pedatura</strong></span> <span class='ocrx_word' id='word_1_63' title='bbox 1002 1070 1192 1130; x_wconf 89' lang='lat' dir='ltr'><strong>locum</strong></span> <span class='ocrx_word' id='word_1_64' title='bbox 1241 1070 1561 1147; x_wconf 85' lang='lat' dir='ltr'><strong>accipiunt.</strong></span> 
     </span>
    </p>

    <p class='ocr_par' dir='ltr' id='par_1_3' title="bbox 404 1170 2648 1557">
     <span class='ocr_line' id='line_1_9' title="bbox 574 1170 2647 1251; baseline 0 -21"><span class='ocrx_word' id='word_1_65' title='bbox 574 1172 1039 1249; x_wconf 89' lang='lat' dir='ltr'><strong>Primipilarium</strong></span> <span class='ocrx_word' id='word_1_66' title='bbox 1090 1191 1401 1233; x_wconf 80' lang='lat' dir='ltr'><strong>nnmerum</strong></span> <span class='ocrx_word' id='word_1_67' title='bbox 1450 1172 1801 1251; x_wconf 87' lang='lat' dir='ltr'><strong>plerumque</strong></span> <span class='ocrx_word' id='word_1_68' title='bbox 1846 1170 2035 1251; x_wconf 90' lang='lat' dir='ltr'><strong>ipsius</strong></span> <span class='ocrx_word' id='word_1_69' title='bbox 2074 1173 2450 1249; x_wconf 79' lang='lat' dir='ltr'><strong>imperatoris</strong></span> <span class='ocrx_word' id='word_1_70' title='bbox 2481 1191 2647 1233; x_wconf 87' lang='lat' dir='ltr'><strong>exer-</strong></span> 
     </span>
     <span class='ocr_line' id='line_1_10' title="bbox 404 1255 2648 1352; baseline 0 -19"><span class='ocrx_word' id='word_1_71' title='bbox 404 1275 584 1334; x_wconf 90' lang='lat' dir='ltr'><strong>citum</strong></span> <span class='ocrx_word' id='word_1_72' title='bbox 619 1275 930 1334; x_wconf 76' lang='lat' dir='ltr'><strong>comitatos</strong></span> <span class='ocrx_word' id='word_1_73' title='bbox 965 1292 1097 1335; x_wconf 88' lang='lat' dir='ltr'><strong>esse</strong></span> <span class='ocrx_word' id='word_1_74' title='bbox 1142 1276 1457 1335; x_wconf 86' lang='lat' dir='ltr'><strong>verisimile</strong></span> <span class='ocrx_word' id='word_1_75' title='bbox 1503 1280 1629 1350; x_wconf 80' lang='lat' dir='ltr'><strong>est3</strong></span> <span class='ocrx_word' id='word_1_76' title='bbox 1672 1255 1910 1350; x_wconf 85' lang='lat' dir='ltr'><strong>legatos</strong></span> <span class='ocrx_word' id='word_1_77' title='bbox 1931 1292 2073 1334; x_wconf 81' lang='lat' dir='ltr'><strong>vero</strong></span> <span class='ocrx_word' id='word_1_78' title='bbox 2105 1274 2360 1352; x_wconf 79' lang='lat' dir='ltr'>Augusti</span> <span class='ocrx_word' id='word_1_79' title='bbox 2405 1293 2648 1352; x_wconf 90' lang='lat' dir='ltr'><strong>quoque</strong></span> 
     </span>
     <span class='ocr_line' id='line_1_11' title="bbox 405 1375 2645 1455; baseline 0 -19"><span class='ocrx_word' id='word_1_80' title='bbox 405 1395 832 1454; x_wconf 87' lang='lat' dir='ltr'><strong>nonnunquam</strong></span> <span class='ocrx_word' id='word_1_81' title='bbox 882 1377 1282 1455; x_wconf 80' lang='lat' dir='ltr'><strong>primipilares</strong></span> <span class='ocrx_word' id='word_1_82' title='bbox 1326 1396 1529 1438; x_wconf 90' lang='lat' dir='ltr'><strong>secum</strong></span> <span class='ocrx_word' id='word_1_83' title='bbox 1578 1377 1872 1455; x_wconf 82' lang='lat' dir='ltr'><strong>habuisse,</strong></span> <span class='ocrx_word' id='word_1_84' title='bbox 1917 1377 2202 1453; x_wconf 87' lang='lat' dir='ltr'><strong>exemplis</strong></span> <span class='ocrx_word' id='word_1_85' title='bbox 2247 1378 2442 1438; x_wconf 82' lang='lat' dir='ltr'><strong>Paccii</strong></span> <span class='ocrx_word' id='word_1_86' title='bbox 2476 1375 2645 1437; x_wconf 88' lang='lat' dir='ltr'><strong>Orfiti</strong></span> 
     </span>
     <span class='ocr_line' id='line_1_12' title="bbox 406 1471 2561 1557; baseline 0 -19"><span class='ocrx_word' id='word_1_87' title='bbox 406 1482 466 1538; x_wconf 89' lang='lat' dir='ltr'><strong>et</strong></span> <span class='ocrx_word' id='word_1_88' title='bbox 509 1479 669 1538; x_wconf 87' lang='lat' dir='ltr'><strong>Arrii</strong></span> <span class='ocrx_word' id='word_1_89' title='bbox 715 1480 854 1539; x_wconf 88' lang='lat' dir='ltr'><strong>Vari</strong></span> <span class='ocrx_word' id='word_1_90' title='bbox 899 1478 1069 1553; x_wconf 83' lang='lat' dir='ltr'><strong>(Tac.</strong></span> <span class='ocrx_word' id='word_1_91' title='bbox 1112 1498 1247 1539; x_wconf 89' lang='lat' dir='ltr'><strong>ann.</strong></span> <span class='ocrx_word' id='word_1_92' title='bbox 1292 1479 1454 1539; x_wconf 90' lang='lat' dir='ltr'><strong>XIlI.</strong></span> <span class='ocrx_word' id='word_1_93' title='bbox 1500 1484 1597 1541; x_wconf 82' lang='grc'><strong>36.</strong></span> <span class='ocrx_word' id='word_1_94' title='bbox 1650 1479 1783 1540; x_wconf 77' lang='lat' dir='ltr'><strong>hist.</strong></span> <span class='ocrx_word' id='word_1_95' title='bbox 1829 1479 1933 1538; x_wconf 90' lang='lat'><strong>111.</strong></span> <span class='ocrx_word' id='word_1_96' title='bbox 1979 1471 2044 1557; x_wconf 89' lang='grc'><strong>6)</strong></span> <span class='ocrx_word' id='word_1_97' title='bbox 2103 1479 2561 1540; x_wconf 87' lang='lat' dir='ltr'><strong>demonstratur.</strong></span> 
     </span>
    </p>

    <p class='ocr_par' dir='ltr' id='par_1_4' title="bbox 408 1579 2654 2992">
     <span class='ocr_line' id='line_1_13' title="bbox 509 1579 2647 1660; baseline 0 -19"><span class='ocrx_word' id='word_1_98' title='bbox 509 1579 516 1585; x_wconf 83' lang='grc'><strong>’</strong></span> <span class='ocrx_word' id='word_1_99' title='bbox 579 1581 732 1656; x_wconf 77' lang='lat' dir='ltr'><strong>Quo</strong></span> <span class='ocrx_word' id='word_1_100' title='bbox 794 1587 1120 1660; x_wconf 86' lang='lat' dir='ltr'><strong>tempore</strong></span> <span class='ocrx_word' id='word_1_101' title='bbox 1178 1582 1362 1643; x_wconf 87' lang='lat' dir='ltr'><strong>ordo</strong></span> <span class='ocrx_word' id='word_1_102' title='bbox 1407 1581 1978 1659; x_wconf 88' lang='lat' dir='ltr'><strong>primipilarium</strong></span> <span class='ocrx_word' id='word_1_103' title='bbox 2026 1586 2263 1642; x_wconf 85' lang='lat' dir='ltr'><strong>creatus</strong></span> <span class='ocrx_word' id='word_1_104' title='bbox 2308 1583 2402 1658; x_wconf 85' lang='lat' dir='ltr'><strong>sit,</strong></span> <span class='ocrx_word' id='word_1_105' title='bbox 2446 1601 2647 1659; x_wconf 89' lang='lat' dir='ltr'><strong>quam-</strong></span> 
     </span>
     <span class='ocr_line' id='line_1_14' title="bbox 408 1684 2649 1763; baseline 0.001 -21"><span class='ocrx_word' id='word_1_106' title='bbox 408 1701 585 1760; x_wconf 88' lang='lat' dir='ltr'><strong>quam</strong></span> <span class='ocrx_word' id='word_1_107' title='bbox 646 1689 808 1744; x_wconf 86' lang='lat' dir='ltr'><strong>certo</strong></span> <span class='ocrx_word' id='word_1_108' title='bbox 869 1688 1225 1762; x_wconf 88' lang='lat' dir='ltr'><strong>argumento</strong></span> <span class='ocrx_word' id='word_1_109' title='bbox 1290 1703 1408 1745; x_wconf 88' lang='lat' dir='ltr'><strong>non</strong></span> <span class='ocrx_word' id='word_1_110' title='bbox 1475 1684 1933 1763; x_wconf 85' lang='lat' dir='ltr'><strong>comprobatur,</strong></span> <span class='ocrx_word' id='word_1_111' title='bbox 1995 1688 2189 1743; x_wconf 86' lang='lat' dir='ltr'><strong>tamen</strong></span> <span class='ocrx_word' id='word_1_112' title='bbox 2253 1702 2385 1743; x_wconf 90' lang='lat' dir='ltr'><strong>cum</strong></span> <span class='ocrx_word' id='word_1_113' title='bbox 2434 1703 2649 1762; x_wconf 85' lang='lat' dir='ltr'><strong>magna</strong></span> 
     </span>
     <span class='ocr_line' id='line_1_15' title="bbox 409 1783 2648 1865; baseline 0.001 -21"><span class='ocrx_word' id='word_1_114' title='bbox 409 1785 921 1846; x_wconf 78' lang='lat' dir='ltr'><strong>verisimilitudine</strong></span> <span class='ocrx_word' id='word_1_115' title='bbox 996 1787 1208 1865; x_wconf 81' lang='lat' dir='ltr'><strong>conjici</strong></span> <span class='ocrx_word' id='word_1_116' title='bbox 1286 1792 1500 1865; x_wconf 85' lang='lat' dir='ltr'><strong>potest.</strong></span> <span class='ocrx_word' id='word_1_117' title='bbox 1623 1787 1778 1846; x_wconf 84' lang='lat' dir='ltr'><strong>Nam</strong></span> <span class='ocrx_word' id='word_1_118' title='bbox 1852 1804 1984 1845; x_wconf 91' lang='lat' dir='ltr'><strong>cum</strong></span> <span class='ocrx_word' id='word_1_119' title='bbox 2061 1804 2252 1863; x_wconf 89' lang='lat' dir='ltr'><strong>usque</strong></span> <span class='ocrx_word' id='word_1_120' title='bbox 2327 1783 2401 1845; x_wconf 76' lang='lat' dir='ltr'><strong>a&#39;d</strong></span> <span class='ocrx_word' id='word_1_121' title='bbox 2472 1786 2648 1847; x_wconf 87' lang='lat' dir='ltr'><strong>finem</strong></span> 
     </span>
     <span class='ocr_line' id='line_1_16' title="bbox 410 1887 2650 1966; baseline 0.001 -20"><span class='ocrx_word' id='word_1_122' title='bbox 410 1888 774 1963; x_wconf 88' lang='lat' dir='ltr'><strong>reipublicae</strong></span> <span class='ocrx_word' id='word_1_123' title='bbox 837 1889 1061 1948; x_wconf 78' lang='lat' dir='ltr'><strong>liberae</strong></span> <span class='ocrx_word' id='word_1_124' title='bbox 1118 1907 1312 1966; x_wconf 87' lang='lat' dir='ltr'><strong>neque</strong></span> <span class='ocrx_word' id='word_1_125' title='bbox 1375 1890 1698 1965; x_wconf 74' lang='lat' dir='ltr'><strong>scriptores</strong></span> <span class='ocrx_word' id='word_1_126' title='bbox 1760 1906 1957 1965; x_wconf 89' lang='lat' dir='ltr'><strong>neque</strong></span> <span class='ocrx_word' id='word_1_127' title='bbox 2012 1887 2441 1966; x_wconf 81' lang='lat' dir='ltr'><strong>inscriptiones</strong></span> <span class='ocrx_word' id='word_1_128' title='bbox 2486 1890 2650 1966; x_wconf 91' lang='lat' dir='ltr'><strong>quic-</strong></span> 
     </span>
     <span class='ocr_line' id='line_1_17' title="bbox 410 1990 2650 2068; baseline 0.001 -20"><span class='ocrx_word' id='word_1_129' title='bbox 410 2005 589 2066; x_wconf 89' lang='lat' dir='ltr'><strong>quam</strong></span> <span class='ocrx_word' id='word_1_130' title='bbox 651 1990 725 2049; x_wconf 90' lang='lat' dir='ltr'><strong>de</strong></span> <span class='ocrx_word' id='word_1_131' title='bbox 782 1990 1249 2068; x_wconf 81' lang='lat' dir='ltr'><strong>primipilaribus</strong></span> <span class='ocrx_word' id='word_1_132' title='bbox 1318 1995 1589 2062; x_wconf 88' lang='lat' dir='ltr'><strong>narrant,</strong></span> <span class='ocrx_word' id='word_1_133' title='bbox 1663 1990 1802 2050; x_wconf 89' lang='lat' dir='ltr'><strong>inde</strong></span> <span class='ocrx_word' id='word_1_134' title='bbox 1868 1990 1942 2050; x_wconf 89' lang='lat' dir='ltr'><strong>ab</strong></span> <span class='ocrx_word' id='word_1_135' title='bbox 2007 1991 2262 2067; x_wconf 85' lang='lat' dir='ltr'><strong>Augusti</strong></span> <span class='ocrx_word' id='word_1_136' title='bbox 2330 1994 2525 2051; x_wconf 86' lang='lat' dir='ltr'><strong>aetate</strong></span> <span class='ocrx_word' id='word_1_137' title='bbox 2592 1993 2650 2052; x_wconf 89' lang='lat' dir='ltr'><strong>in</strong></span> 
     </span>
     <span class='ocr_line' id='line_1_18' title="bbox 412 2092 2651 2170; baseline 0.002 -21"><span class='ocrx_word' id='word_1_138' title='bbox 412 2096 670 2169; x_wconf 78' lang='lat' dir='ltr'><strong>utroque</strong></span> <span class='ocrx_word' id='word_1_139' title='bbox 737 2096 1252 2153; x_wconf 82' lang='lat' dir='ltr'><strong>monumentorum</strong></span> <span class='ocrx_word' id='word_1_140' title='bbox 1322 2093 1740 2152; x_wconf 88' lang='lat' dir='ltr'><strong>historicorum</strong></span> <span class='ocrx_word' id='word_1_141' title='bbox 1816 2109 2041 2169; x_wconf 84' lang='lat' dir='ltr'><strong>genere</strong></span> <span class='ocrx_word' id='word_1_142' title='bbox 2121 2093 2361 2170; x_wconf 89' lang='lat' dir='ltr'><strong>saepius</strong></span> <span class='ocrx_word' id='word_1_143' title='bbox 2435 2092 2511 2152; x_wconf 90' lang='lat' dir='ltr'><strong>de</strong></span> <span class='ocrx_word' id='word_1_144' title='bbox 2579 2094 2651 2153; x_wconf 91' lang='lat' dir='ltr'><strong>iis</strong></span> 
     </span>
     <span class='ocr_line' id='line_1_19' title="bbox 408 2192 2653 2273; baseline 0.001 -20"><span class='ocrx_word' id='word_1_145' title='bbox 408 2194 694 2270; x_wconf 87' lang='lat' dir='ltr'><strong>scriptum</strong></span> <span class='ocrx_word' id='word_1_146' title='bbox 771 2192 1148 2267; x_wconf 88' lang='lat' dir='ltr'><strong>videmus.¹⁰)</strong></span> <span class='ocrx_word' id='word_1_147' title='bbox 1287 2196 1620 2271; x_wconf 85' lang='lat' dir='ltr'><strong>Propterea</strong></span> <span class='ocrx_word' id='word_1_148' title='bbox 1700 2198 1899 2254; x_wconf 86' lang='lat' dir='ltr'><strong>autem</strong></span> <span class='ocrx_word' id='word_1_149' title='bbox 1975 2193 2049 2254; x_wconf 88' lang='lat' dir='ltr'><strong>de</strong></span> <span class='ocrx_word' id='word_1_150' title='bbox 2086 2199 2392 2272; x_wconf 89' lang='lat' dir='ltr'><strong>·tempore</strong></span> <span class='ocrx_word' id='word_1_151' title='bbox 2473 2194 2653 2273; x_wconf 88' lang='lat' dir='ltr'><strong>hujus</strong></span> 
     </span>
     <span class='ocr_line' id='line_1_20' title="bbox 410 2295 2654 2375; baseline 0 -19"><span class='ocrx_word' id='word_1_152' title='bbox 410 2297 662 2357; x_wconf 90' lang='lat' dir='ltr'><strong>instituti</strong></span> <span class='ocrx_word' id='word_1_153' title='bbox 720 2295 1017 2356; x_wconf 84' lang='lat' dir='ltr'><strong>difficilius</strong></span> <span class='ocrx_word' id='word_1_154' title='bbox 1065 2296 1404 2375; x_wconf 88' lang='lat' dir='ltr'><strong>judicatur,</strong></span> <span class='ocrx_word' id='word_1_155' title='bbox 1476 2297 1620 2374; x_wconf 87' lang='lat' dir='ltr'><strong>quia</strong></span> <span class='ocrx_word' id='word_1_156' title='bbox 1678 2297 1737 2356; x_wconf 91' lang='lat' dir='ltr'><strong>in</strong></span> <span class='ocrx_word' id='word_1_157' title='bbox 1791 2295 2017 2372; x_wconf 87' lang='lat' dir='ltr'><strong>titulis,</strong></span> <span class='ocrx_word' id='word_1_158' title='bbox 2091 2298 2193 2374; x_wconf 89' lang='lat' dir='ltr'><strong>qui</strong></span> <span class='ocrx_word' id='word_1_159' title='bbox 2257 2297 2504 2358; x_wconf 86' lang='lat' dir='ltr'><strong>formam</strong></span> <span class='ocrx_word' id='word_1_160' title='bbox 2552 2298 2654 2357; x_wconf 91' lang='lat' dir='ltr'><strong>ab-</strong></span> 
     </span>
     <span class='ocr_line' id='line_1_21' title="bbox 410 2396 2650 2480; baseline 0.001 -22"><span class='ocrx_word' id='word_1_161' title='bbox 410 2396 741 2460; x_wconf 84' lang='lat' dir='ltr'><strong>breviatam</strong></span> <span class='ocrx_word' id='word_1_162' title='bbox 800 2400 895 2460; x_wconf 85' lang='lat' dir='ltr'><strong>vel</strong></span> <span class='ocrx_word' id='word_1_163' title='bbox 954 2405 1154 2461; x_wconf 86' lang='lat' dir='ltr'><strong>notam</strong></span> <span class='ocrx_word' id='word_1_164' title='bbox 1203 2419 1257 2479; x_wconf 89' lang='lat' dir='ltr'><strong>p.</strong></span> <span class='ocrx_word' id='word_1_165' title='bbox 1304 2419 1362 2479; x_wconf 90' lang='lat' dir='ltr'><strong>p.</strong></span> <span class='ocrx_word' id='word_1_166' title='bbox 1408 2399 1661 2479; x_wconf 88' lang='lat' dir='ltr'><strong>habent,</strong></span> <span class='ocrx_word' id='word_1_167' title='bbox 1722 2400 1880 2460; x_wconf 88' lang='lat' dir='ltr'><strong>iuter</strong></span> <span class='ocrx_word' id='word_1_168' title='bbox 1936 2399 2298 2477; x_wconf 89' lang='lat' dir='ltr'><strong>primipilum</strong></span> <span class='ocrx_word' id='word_1_169' title='bbox 2346 2404 2408 2462; x_wconf 89' lang='lat' dir='ltr'><strong>et</strong></span> <span class='ocrx_word' id='word_1_170' title='bbox 2450 2400 2650 2480; x_wconf 87' lang='lat' dir='ltr'><strong>primi-</strong></span> 
     </span>
     <span class='ocr_line' id='line_1_22' title="bbox 410 2502 2653 2583; baseline 0.002 -23"><span class='ocrx_word' id='word_1_171' title='bbox 410 2503 661 2579; x_wconf 89' lang='lat' dir='ltr'><strong>pilarem</strong></span> <span class='ocrx_word' id='word_1_172' title='bbox 714 2502 999 2579; x_wconf 81' lang='lat' dir='ltr'><strong>distingui</strong></span> <span class='ocrx_word' id='word_1_173' title='bbox 1060 2522 1182 2563; x_wconf 92' lang='lat' dir='ltr'><strong>non</strong></span> <span class='ocrx_word' id='word_1_174' title='bbox 1241 2509 1469 2581; x_wconf 81' lang='lat' dir='ltr'><strong>potest3</strong></span> <span class='ocrx_word' id='word_1_175' title='bbox 1540 2505 1624 2564; x_wconf 83' lang='lat' dir='ltr'><strong>ita</strong></span> <span class='ocrx_word' id='word_1_176' title='bbox 1679 2504 1740 2562; x_wconf 89' lang='lat' dir='ltr'><strong>in</strong></span> <span class='ocrx_word' id='word_1_177' title='bbox 1797 2504 1985 2563; x_wconf 90' lang='lat' dir='ltr'><strong>titulis</strong></span> <span class='ocrx_word' id='word_1_178' title='bbox 2029 2505 2456 2581; x_wconf 86' lang='lat' dir='ltr'><strong>antiquissimis</strong></span> <span class='ocrx_word' id='word_1_179' title='bbox 2501 2510 2653 2583; x_wconf 87' lang='lat' dir='ltr'><strong>quas</strong></span> 
     </span>
     <span class='ocr_line' id='line_1_23' title="bbox 408 2605 2653 2685; baseline 0.002 -23"><span class='ocrx_word' id='word_1_180' title='bbox 408 2605 607 2665; x_wconf 87' lang='lat' dir='ltr'><strong>inveni</strong></span> <span class='ocrx_word' id='word_1_181' title='bbox 666 2606 911 2666; x_wconf 87' lang='lat' dir='ltr'><strong>Henzen</strong></span> <span class='ocrx_word' id='word_1_182' title='bbox 960 2609 1124 2668; x_wconf 86' lang='lat'>6939</span> <span class='ocrx_word' id='word_1_183' title='bbox 1179 2614 1241 2666; x_wconf 87' lang='lat' dir='ltr'><strong>et</strong></span> <span class='ocrx_word' id='word_1_184' title='bbox 1297 2608 1621 2667; x_wconf 82' lang='lat' dir='ltr'><strong>Mommsen</strong></span> <span class='ocrx_word' id='word_1_185' title='bbox 1683 2609 1735 2666; x_wconf 88' lang='lat' dir='ltr'><strong>J.</strong></span> <span class='ocrx_word' id='word_1_186' title='bbox 1784 2608 1848 2666; x_wconf 74' lang='lat' dir='ltr'><strong>R.</strong></span> <span class='ocrx_word' id='word_1_187' title='bbox 1893 2607 1964 2667; x_wconf 86' lang='lat' dir='ltr'><strong>N.</strong></span> <span class='ocrx_word' id='word_1_188' title='bbox 2011 2610 2178 2669; x_wconf 83' lang='lat'>4628</span> <span class='ocrx_word' id='word_1_189' title='bbox 2252 2606 2497 2668; x_wconf 89' lang='lat' dir='ltr'><strong>dubium</strong></span> <span class='ocrx_word' id='word_1_190' title='bbox 2542 2611 2653 2685; x_wconf 88' lang='lat' dir='ltr'><strong>est,</strong></span> 
     </span>
     <span class='ocr_line' id='line_1_24' title="bbox 412 2708 2654 2787; baseline 0.001 -20"><span class='ocrx_word' id='word_1_191' title='bbox 412 2712 608 2767; x_wconf 90' lang='lat' dir='ltr'><strong>utrum</strong></span> <span class='ocrx_word' id='word_1_192' title='bbox 690 2708 1092 2786; x_wconf 85' lang='lat' dir='ltr'><strong>„primipilns“</strong></span> <span class='ocrx_word' id='word_1_193' title='bbox 1181 2728 1258 2768; x_wconf 89' lang='lat' dir='ltr'><strong>an</strong></span> <span class='ocrx_word' id='word_1_194' title='bbox 1335 2709 1794 2787; x_wconf 85' lang='lat' dir='ltr'><strong>„primipilaris“</strong></span> <span class='ocrx_word' id='word_1_195' title='bbox 1879 2709 2197 2786; x_wconf 89' lang='lat' dir='ltr'><strong>legendum</strong></span> <span class='ocrx_word' id='word_1_196' title='bbox 2270 2711 2371 2780; x_wconf 88' lang='lat' dir='ltr'><strong>sit;</strong></span> <span class='ocrx_word' id='word_1_197' title='bbox 2457 2712 2654 2787; x_wconf 89' lang='lat' dir='ltr'><strong>primi·</strong></span> 
     </span>
     <span class='ocr_line' id='line_1_25' title="bbox 412 2810 2650 2889; baseline 0.001 -19"><span class='ocrx_word' id='word_1_198' title='bbox 412 2810 668 2887; x_wconf 89' lang='lat' dir='ltr'><strong>pilorum</strong></span> <span class='ocrx_word' id='word_1_199' title='bbox 758 2816 954 2873; x_wconf 90' lang='lat' dir='ltr'><strong>antem</strong></span> <span class='ocrx_word' id='word_1_200' title='bbox 1046 2813 1334 2872; x_wconf 86' lang='lat' dir='ltr'><strong>institutio</strong></span> <span class='ocrx_word' id='word_1_201' title='bbox 1422 2817 1540 2871; x_wconf 90' lang='lat' dir='ltr'><strong>tam</strong></span> <span class='ocrx_word' id='word_1_202' title='bbox 1633 2817 1805 2873; x_wconf 87' lang='lat' dir='ltr'><strong>vetus</strong></span> <span class='ocrx_word' id='word_1_203' title='bbox 1901 2811 2172 2872; x_wconf 82' lang='lat' dir='ltr'><strong>habenda</strong></span> <span class='ocrx_word' id='word_1_204' title='bbox 2263 2816 2381 2884; x_wconf 89' lang='lat' dir='ltr'><strong>est,</strong></span> <span class='ocrx_word' id='word_1_205' title='bbox 2472 2831 2650 2889; x_wconf 85' lang='lat' dir='ltr'><strong>quam</strong></span> 
     </span>
     <span class='ocr_line' id='line_1_26' title="bbox 413 2914 2652 2992; baseline 0.001 -19"><span class='ocrx_word' id='word_1_206' title='bbox 413 2915 652 2974; x_wconf 91' lang='lat' dir='ltr'><strong>omnino</strong></span> <span class='ocrx_word' id='word_1_207' title='bbox 715 2914 984 2991; x_wconf 82' lang='lat' dir='ltr'><strong>legionis.</strong></span> <span class='ocrx_word' id='word_1_208' title='bbox 1057 2944 1141 2955; x_wconf 83' lang='grc'><strong>--</strong></span> <span class='ocrx_word' id='word_1_209' title='bbox 1214 2915 1360 2976; x_wconf 83' lang='lat' dir='ltr'><strong>Cum</strong></span> <span class='ocrx_word' id='word_1_210' title='bbox 1424 2933 1571 2975; x_wconf 87' lang='lat' dir='ltr'><strong>vero</strong></span> <span class='ocrx_word' id='word_1_211' title='bbox 1635 2934 1711 2975; x_wconf 83' lang='lat' dir='ltr'><strong>ex</strong></span> <span class='ocrx_word' id='word_1_212' title='bbox 1766 2915 1860 2973; x_wconf 89' lang='lat' dir='ltr'><strong>his</strong></span> <span class='ocrx_word' id='word_1_213' title='bbox 1904 2915 2091 2975; x_wconf 78' lang='lat' dir='ltr'><strong>tltulis</strong></span> <span class='ocrx_word' id='word_1_214' title='bbox 2136 2916 2511 2992; x_wconf 82' lang='lat' dir='ltr'><strong>apertissime</strong></span> <span class='ocrx_word' id='word_1_215' title='bbox 2557 2932 2652 2975; x_wconf 85' lang='lat' dir='ltr'><strong>oo·</strong></span> 
     </span>
    </p>
   </div>
   <div class='ocr_carea' id='block_1_3' title="bbox 300 3015 2654 3094">
    <p class='ocr_par' dir='ltr' id='par_1_5' title="bbox 300 3015 2654 3094">
     <span class='ocr_line' id='line_1_27' title="bbox 300 3015 2654 3094; baseline 0.001 -19"><span class='ocrx_word' id='word_1_216' title='bbox 300 3068 307 3075; x_wconf 90' lang='lat'><strong>.</strong></span> <span class='ocrx_word' id='word_1_217' title='bbox 411 3021 768 3093; x_wconf 85' lang='lat' dir='ltr'><strong>gnoscatur,</strong></span> <span class='ocrx_word' id='word_1_218' title='bbox 829 3017 1278 3077; x_wconf 87' lang='lat' dir='ltr'><strong>centurionibus</strong></span> <span class='ocrx_word' id='word_1_219' title='bbox 1339 3015 1412 3076; x_wconf 91' lang='lat' dir='ltr'><strong>ab</strong></span> <span class='ocrx_word' id='word_1_220' title='bbox 1459 3017 1734 3093; x_wconf 87' lang='lat' dir='ltr'><strong>Augusto</strong></span> <span class='ocrx_word' id='word_1_221' title='bbox 1793 3033 1956 3093; x_wconf 88' lang='lat' dir='ltr'><strong>spem</strong></span> <span class='ocrx_word' id='word_1_222' title='bbox 2019 3016 2248 3075; x_wconf 85' lang='lat' dir='ltr'><strong>altioris</strong></span> <span class='ocrx_word' id='word_1_223' title='bbox 2314 3034 2654 3094; x_wconf 87' lang='lat' dir='ltr'><strong>processus,</strong></span> 
     </span>
    </p>
   </div>
   <div class='ocr_carea' id='block_1_4' title="bbox 411 3118 2655 3504">
    <p class='ocr_par' dir='ltr' id='par_1_6' title="bbox 411 3118 2655 3504">
     <span class='ocr_line' id='line_1_28' title="bbox 414 3118 2654 3197; baseline 0 -18"><span class='ocrx_word' id='word_1_224' title='bbox 414 3137 534 3195; x_wconf 89' lang='lat' dir='ltr'><strong>qua</strong></span> <span class='ocrx_word' id='word_1_225' title='bbox 573 3120 941 3197; x_wconf 89' lang='lat' dir='ltr'><strong>reipublicae</strong></span> <span class='ocrx_word' id='word_1_226' title='bbox 970 3119 1191 3179; x_wconf 83' lang='lat' dir='ltr'><strong>liberae</strong></span> <span class='ocrx_word' id='word_1_227' title='bbox 1222 3123 1415 3180; x_wconf 85' lang='lat' dir='ltr'><strong>aetate</strong></span> <span class='ocrx_word' id='word_1_228' title='bbox 1461 3120 1762 3188; x_wconf 85' lang='lat' dir='ltr'><strong>carebant,</strong></span> <span class='ocrx_word' id='word_1_229' title='bbox 1810 3118 2068 3178; x_wconf 88' lang='lat' dir='ltr'><strong>oblatam</strong></span> <span class='ocrx_word' id='word_1_230' title='bbox 2102 3136 2237 3179; x_wconf 88' lang='lat' dir='ltr'><strong>esse</strong></span> <span class='ocrx_word' id='word_1_231' title='bbox 2283 3137 2538 3196; x_wconf 89' lang='lat' dir='ltr'><strong>cumque</strong></span> <span class='ocrx_word' id='word_1_232' title='bbox 2581 3138 2654 3180; x_wconf 86' lang='lat' dir='ltr'><strong>ea</strong></span> 
     </span>
     <span class='ocr_line' id='line_1_29' title="bbox 411 3220 2655 3300; baseline 0 -19"><span class='ocrx_word' id='word_1_233' title='bbox 411 3240 551 3300; x_wconf 90' lang='lat' dir='ltr'><strong>spes</strong></span> <span class='ocrx_word' id='word_1_234' title='bbox 609 3222 684 3281; x_wconf 91' lang='lat' dir='ltr'><strong>ad</strong></span> <span class='ocrx_word' id='word_1_235' title='bbox 748 3222 1196 3300; x_wconf 87' lang='lat' dir='ltr'><strong>primipilarium</strong></span> <span class='ocrx_word' id='word_1_236' title='bbox 1257 3224 1591 3282; x_wconf 88' lang='lat' dir='ltr'><strong>institutum</strong></span> <span class='ocrx_word' id='word_1_237' title='bbox 1637 3221 1876 3300; x_wconf 87' lang='lat' dir='ltr'><strong>penitus</strong></span> <span class='ocrx_word' id='word_1_238' title='bbox 1923 3222 2286 3300; x_wconf 85' lang='lat' dir='ltr'><strong>pertineret,</strong></span> <span class='ocrx_word' id='word_1_239' title='bbox 2345 3223 2506 3282; x_wconf 89' lang='lat' dir='ltr'><strong>hunc</strong></span> <span class='ocrx_word' id='word_1_240' title='bbox 2551 3220 2655 3281; x_wconf 89' lang='lat' dir='ltr'><strong>im·</strong></span> 
     </span>
     <span class='ocr_line' id='line_1_30' title="bbox 411 3322 2653 3402; baseline 0 -18"><span class='ocrx_word' id='word_1_241' title='bbox 411 3327 746 3401; x_wconf 88' lang='lat' dir='ltr'><strong>peratorem</strong></span> <span class='ocrx_word' id='word_1_242' title='bbox 809 3326 868 3383; x_wconf 90' lang='lat' dir='ltr'><strong>in</strong></span> <span class='ocrx_word' id='word_1_243' title='bbox 927 3324 1234 3402; x_wconf 88' lang='lat' dir='ltr'><strong>republica</strong></span> <span class='ocrx_word' id='word_1_244' title='bbox 1291 3330 1349 3383; x_wconf 88' lang='lat' dir='ltr'><strong>et</strong></span> <span class='ocrx_word' id='word_1_245' title='bbox 1406 3323 1672 3384; x_wconf 88' lang='lat' dir='ltr'><strong>exercitu</strong></span> <span class='ocrx_word' id='word_1_246' title='bbox 1721 3322 2151 3384; x_wconf 84' lang='lat' dir='ltr'><strong>constituendis</strong></span> <span class='ocrx_word' id='word_1_247' title='bbox 2197 3324 2653 3402; x_wconf 88' lang='lat' dir='ltr'><strong>primipilarium</strong></span> 
     </span>
     <span class='ocr_line' id='line_1_31' title="bbox 413 3425 2649 3504; baseline -0 -19"><span class='ocrx_word' id='word_1_248' title='bbox 413 3426 621 3487; x_wconf 89' lang='lat' dir='ltr'><strong>ordine</strong></span> <span class='ocrx_word' id='word_1_249' title='bbox 675 3432 907 3504; x_wconf 89' lang='lat' dir='ltr'><strong>creato,</strong></span> <span class='ocrx_word' id='word_1_250' title='bbox 965 3431 1030 3486; x_wconf 86' lang='lat' dir='ltr'><strong>ut</strong></span> <span class='ocrx_word' id='word_1_251' title='bbox 1089 3426 1306 3488; x_wconf 87' lang='lat' dir='ltr'><strong>milites</strong></span> <span class='ocrx_word' id='word_1_252' title='bbox 1366 3426 1627 3502; x_wconf 86' lang='lat' dir='ltr'><strong>gregarii</strong></span> <span class='ocrx_word' id='word_1_253' title='bbox 1692 3443 1799 3502; x_wconf 90' lang='lat' dir='ltr'><strong>spe</strong></span> <span class='ocrx_word' id='word_1_254' title='bbox 1861 3425 2146 3502; x_wconf 87' lang='lat' dir='ltr'><strong>majorum</strong></span> <span class='ocrx_word' id='word_1_255' title='bbox 2205 3425 2507 3487; x_wconf 85' lang='lat' dir='ltr'><strong>fructuum</strong></span> <span class='ocrx_word' id='word_1_256' title='bbox 2570 3425 2649 3485; x_wconf 89' lang='lat' dir='ltr'><strong>ad</strong></span> 
     </span>
    </p>
   </div>
   <div class='ocr_carea' id='block_1_5' title="bbox 414 3578 775 3585">
    <p class='ocr_par' dir='ltr' id='par_1_7' title="bbox 414 3578 775 3585">
     <span class='ocr_line' id='line_1_32' title="bbox 414 3578 775 3585; baseline 0.003 -1"><span class='ocrx_word' id='word_1_257' title='bbox 414 3578 573 3584; x_wconf 76' lang='lat'><em>———.--</em></span> <span class='ocrx_word' id='word_1_258' title='bbox 588 3578 721 3585; x_wconf 49' lang='grc' dir='ltr'><strong>φ’.--</strong></span> <span class='ocrx_word' id='word_1_259' title='bbox 734 3581 775 3585; x_wconf 49' lang='lat'><strong>0„</strong></span> 
     </span>
    </p>
   </div>
   <div class='ocr_carea' id='block_1_6' title="bbox 414 3654 2659 4324">
    <p class='ocr_par' dir='ltr' id='par_1_8' title="bbox 414 3654 2656 3895">
     <span class='ocr_line' id='line_1_33' title="bbox 415 3654 2656 3725; baseline 0 -14"><span class='ocrx_word' id='word_1_260' title='bbox 415 3658 450 3711; x_wconf 91' lang='lat' dir='ltr'><strong>l.</strong></span> <span class='ocrx_word' id='word_1_261' title='bbox 486 3674 533 3711; x_wconf 88' lang='lat' dir='ltr'><strong>c.</strong></span> <span class='ocrx_word' id='word_1_262' title='bbox 571 3659 632 3714; x_wconf 84' lang='lat' dir='ltr'><strong>C.</strong></span> <span class='ocrx_word' id='word_1_263' title='bbox 676 3660 775 3723; x_wconf 86' lang='grc'><strong>10.)</strong></span> <span class='ocrx_word' id='word_1_264' title='bbox 846 3655 938 3711; x_wconf 86' lang='lat' dir='ltr'><strong>Ac</strong></span> <span class='ocrx_word' id='word_1_265' title='bbox 985 3656 1176 3711; x_wconf 90' lang='lat' dir='ltr'><strong>nescio</strong></span> <span class='ocrx_word' id='word_1_266' title='bbox 1212 3670 1283 3711; x_wconf 88' lang='lat' dir='ltr'><strong>an</strong></span> <span class='ocrx_word' id='word_1_267' title='bbox 1320 3655 1624 3711; x_wconf 88' lang='lat' dir='ltr'><strong>similitudo</strong></span> <span class='ocrx_word' id='word_1_268' title='bbox 1660 3655 1928 3723; x_wconf 88' lang='lat' dir='ltr'><strong>quaedam</strong></span> <span class='ocrx_word' id='word_1_269' title='bbox 1968 3655 2044 3709; x_wconf 87' lang='lat' dir='ltr'><strong>sit</strong></span> <span class='ocrx_word' id='word_1_270' title='bbox 2079 3654 2166 3710; x_wconf 88' lang='lat' dir='ltr'><strong>bis</strong></span> <span class='ocrx_word' id='word_1_271' title='bbox 2220 3656 2656 3725; x_wconf 86' lang='lat' dir='ltr'><strong>primipilaribus</strong></span> 
     </span>
     <span class='ocr_line' id='line_1_34' title="bbox 414 3739 2656 3810; baseline -0 -13"><span class='ocrx_word' id='word_1_272' title='bbox 414 3758 539 3797; x_wconf 90' lang='lat' dir='ltr'><strong>cum</strong></span> <span class='ocrx_word' id='word_1_273' title='bbox 587 3741 825 3798; x_wconf 86' lang='lat' dir='ltr'><strong>tribunis</strong></span> <span class='ocrx_word' id='word_1_274' title='bbox 869 3740 1223 3809; x_wconf 84' lang='lat' dir='ltr'><strong>vacantibus,</strong></span> <span class='ocrx_word' id='word_1_275' title='bbox 1279 3740 1349 3795; x_wconf 89' lang='lat' dir='ltr'><strong>de</strong></span> <span class='ocrx_word' id='word_1_276' title='bbox 1394 3739 1600 3810; x_wconf 88' lang='lat' dir='ltr'><strong>quibus</strong></span> <span class='ocrx_word' id='word_1_277' title='bbox 1647 3740 1799 3809; x_wconf 87' lang='lat' dir='ltr'><strong>apud</strong></span> <span class='ocrx_word' id='word_1_278' title='bbox 1836 3739 2134 3810; x_wconf 75' lang='lat' dir='ltr'><strong>vegetium</strong></span> <span class='ocrx_word' id='word_1_279' title='bbox 2173 3741 2397 3810; x_wconf 87' lang='lat' dir='ltr'><strong>saepius</strong></span> <span class='ocrx_word' id='word_1_280' title='bbox 2437 3741 2656 3810; x_wconf 81' lang='lat' dir='ltr'><strong>legitur.</strong></span> 
     </span>
     <span class='ocr_line' id='line_1_35' title="bbox 414 3824 1942 3895; baseline -0.001 -13"><span class='ocrx_word' id='word_1_281' title='bbox 414 3826 484 3884; x_wconf 87' lang='lat' dir='ltr'><strong>cf.</strong></span> <span class='ocrx_word' id='word_1_282' title='bbox 523 3827 859 3895; x_wconf 78' lang='lat' dir='ltr'><strong>Marquardt.</strong></span> <span class='ocrx_word' id='word_1_283' title='bbox 898 3826 1091 3882; x_wconf 89' lang='lat' dir='ltr'><strong>Roem.</strong></span> <span class='ocrx_word' id='word_1_284' title='bbox 1127 3826 1605 3894; x_wconf 78' lang='lat' dir='ltr'><strong>Staatsverwaltg.</strong></span> <span class='ocrx_word' id='word_1_285' title='bbox 1642 3824 1700 3879; x_wconf 90' lang='lat'><strong>11</strong></span> <span class='ocrx_word' id='word_1_286' title='bbox 1735 3842 1788 3894; x_wconf 90' lang='lat' dir='ltr'><strong>p.</strong></span> <span class='ocrx_word' id='word_1_287' title='bbox 1826 3830 1942 3881; x_wconf 80' lang='lat'><strong>447.</strong></span> 
     </span>
    </p>

    <p class='ocr_par' dir='ltr' id='par_1_9' title="bbox 414 3910 2659 4324">
     <span class='ocr_line' id='line_1_36' title="bbox 590 3910 2656 3980; baseline -0.001 -13"><span class='ocrx_word' id='word_1_288' title='bbox 590 3917 654 3978; x_wconf 85' lang='lat'><strong>¹⁰)</strong></span> <span class='ocrx_word' id='word_1_289' title='bbox 688 3911 1051 3968; x_wconf 85' lang='lat' dir='ltr'><strong>vetustissimi</strong></span> <span class='ocrx_word' id='word_1_290' title='bbox 1102 3912 1208 3966; x_wconf 93' lang='lat' dir='ltr'><strong>loci</strong></span> <span class='ocrx_word' id='word_1_291' title='bbox 1255 3912 1352 3979; x_wconf 91' lang='lat' dir='ltr'><strong>qui</strong></span> <span class='ocrx_word' id='word_1_292' title='bbox 1396 3911 1467 3965; x_wconf 89' lang='lat' dir='ltr'><strong>de</strong></span> <span class='ocrx_word' id='word_1_293' title='bbox 1504 3910 1942 3980; x_wconf 86' lang='lat' dir='ltr'><strong>primipilaribus</strong></span> <span class='ocrx_word' id='word_1_294' title='bbox 1979 3916 2208 3966; x_wconf 86' lang='lat' dir='ltr'><strong>exstant</strong></span> <span class='ocrx_word' id='word_1_295' title='bbox 2244 3918 2379 3967; x_wconf 88' lang='lat' dir='ltr'><strong>sunt</strong></span> <span class='ocrx_word' id='word_1_296' title='bbox 2413 3912 2656 3966; x_wconf 86' lang='lat' dir='ltr'><strong>Tacitei:</strong></span> 
     </span>
     <span class='ocr_line' id='line_1_37' title="bbox 415 3996 2659 4067; baseline -0.001 -14"><span class='ocrx_word' id='word_1_297' title='bbox 415 4014 543 4053; x_wconf 88' lang='lat' dir='ltr'><strong>ann.</strong></span> <span class='ocrx_word' id='word_1_298' title='bbox 579 3999 651 4053; x_wconf 90' lang='lat'><strong>11.</strong></span> <span class='ocrx_word' id='word_1_299' title='bbox 692 4003 768 4051; x_wconf 79' lang='lat'><strong>¹1.</strong></span> <span class='ocrx_word' id='word_1_300' title='bbox 806 3996 902 4052; x_wconf 90' lang='lat' dir='ltr'><strong>IV.</strong></span> <span class='ocrx_word' id='word_1_301' title='bbox 941 4000 1032 4066; x_wconf 79' lang='lat'><strong>723</strong></span> <span class='ocrx_word' id='word_1_302' title='bbox 1078 3996 1304 4051; x_wconf 89' lang='lat' dir='ltr'><strong>Henzeu</strong></span> <span class='ocrx_word' id='word_1_303' title='bbox 1342 4000 1499 4052; x_wconf 84' lang='lat'>6939:</span> <span class='ocrx_word' id='word_1_304' title='bbox 1550 3996 1710 4065; x_wconf 89' lang='lat' dir='ltr'><strong>prim.</strong></span> <span class='ocrx_word' id='word_1_305' title='bbox 1747 3996 1842 4065; x_wconf 86' lang='lat' dir='ltr'><strong>pil.</strong></span> <span class='ocrx_word' id='word_1_306' title='bbox 1882 3996 1984 4065; x_wconf 83' lang='lat' dir='ltr'><strong>leg.</strong></span> <span class='ocrx_word' id='word_1_307' title='bbox 2024 3996 2176 4051; x_wconf 87' lang='lat' dir='ltr'><strong>XXI.</strong></span> <span class='ocrx_word' id='word_1_308' title='bbox 2224 3996 2399 4065; x_wconf 84' lang='lat' dir='ltr'><strong>praef.</strong></span> <span class='ocrx_word' id='word_1_309' title='bbox 2446 3997 2659 4067; x_wconf 86' lang='lat' dir='ltr'><strong>Raetis,</strong></span> 
     </span>
     <span class='ocr_line' id='line_1_38' title="bbox 415 4080 2656 4152; baseline -0.001 -13"><span class='ocrx_word' id='word_1_310' title='bbox 415 4083 743 4152; x_wconf 87' lang='lat' dir='ltr'><strong>Vindelicis,</strong></span> <span class='ocrx_word' id='word_1_311' title='bbox 781 4083 926 4138; x_wconf 88' lang='lat' dir='ltr'><strong>Vall.</strong></span> <span class='ocrx_word' id='word_1_312' title='bbox 961 4082 1243 4138; x_wconf 83' lang='lat' dir='ltr'><strong>Poeninae</strong></span> <span class='ocrx_word' id='word_1_313' title='bbox 1280 4123 1293 4136; x_wconf 90' lang='lat'><strong>.</strong></span> <span class='ocrx_word' id='word_1_314' title='bbox 1321 4125 1332 4138; x_wconf 94' lang='lat'><strong>.</strong></span> <span class='ocrx_word' id='word_1_315' title='bbox 1360 4124 1373 4137; x_wconf 89' lang='lat'><strong>.</strong></span> <span class='ocrx_word' id='word_1_316' title='bbox 1399 4125 1411 4137; x_wconf 95' lang='lat'><strong>.</strong></span> <span class='ocrx_word' id='word_1_317' title='bbox 1449 4080 1625 4151; x_wconf 86' lang='lat' dir='ltr'><strong>praef.</strong></span> <span class='ocrx_word' id='word_1_318' title='bbox 1674 4082 2071 4137; x_wconf 86' lang='lat' dir='ltr'><strong>Germanici</strong></span> <span class='ocrx_word' id='word_1_319' title='bbox 2120 4083 2439 4138; x_wconf 86' lang='lat' dir='ltr'><strong>Caesaris</strong></span> <span class='ocrx_word' id='word_1_320' title='bbox 2488 4083 2656 4148; x_wconf 84' lang='lat' dir='ltr'><strong>Quin-</strong></span> 
     </span>
     <span class='ocr_line' id='line_1_39' title="bbox 416 4166 2653 4241; baseline -0.001 -17"><span class='ocrx_word' id='word_1_321' title='bbox 416 4169 735 4238; x_wconf 85' lang='lat' dir='ltr'><strong>quennalici</strong></span> <span class='ocrx_word' id='word_1_322' title='bbox 762 4168 912 4241; x_wconf 85' lang='lat' dir='ltr'><strong>juris</strong></span> <span class='ocrx_word' id='word_1_323' title='bbox 948 4174 1054 4223; x_wconf 88' lang='lat' dir='ltr'><strong>etc.</strong></span> <span class='ocrx_word' id='word_1_324' title='bbox 1135 4167 1435 4223; x_wconf 78' lang='lat' dir='ltr'><strong>Mommsen</strong></span> <span class='ocrx_word' id='word_1_325' title='bbox 1473 4167 1514 4222; x_wconf 93' lang='lat'><strong>1.</strong></span> <span class='ocrx_word' id='word_1_326' title='bbox 1553 4166 1621 4220; x_wconf 88' lang='lat' dir='ltr'><strong>R.</strong></span> <span class='ocrx_word' id='word_1_327' title='bbox 1658 4167 1722 4222; x_wconf 81' lang='lat' dir='ltr'><strong>N.</strong></span> <span class='ocrx_word' id='word_1_328' title='bbox 1761 4170 1922 4221; x_wconf 83' lang='lat'>4628:</span> <span class='ocrx_word' id='word_1_329' title='bbox 1967 4167 2146 4236; x_wconf 90' lang='lat' dir='ltr'><strong>primo</strong></span> <span class='ocrx_word' id='word_1_330' title='bbox 2182 4167 2276 4236; x_wconf 90' lang='lat' dir='ltr'><strong>pil.</strong></span> <span class='ocrx_word' id='word_1_331' title='bbox 2312 4166 2367 4221; x_wconf 92' lang='lat'><strong>11</strong></span> <span class='ocrx_word' id='word_1_332' title='bbox 2402 4167 2525 4222; x_wconf 86' lang='lat' dir='ltr'><strong>trib.</strong></span> <span class='ocrx_word' id='word_1_333' title='bbox 2560 4166 2653 4222; x_wconf 87' lang='lat' dir='ltr'><strong>mi-</strong></span> 
     </span>
     <span class='ocr_line' id='line_1_40' title="bbox 414 4249 2653 4324; baseline -0.001 -14"><span class='ocrx_word' id='word_1_334' title='bbox 414 4257 494 4310; x_wconf 82' lang='lat' dir='ltr'><strong>lit.</strong></span> <span class='ocrx_word' id='word_1_335' title='bbox 531 4253 703 4324; x_wconf 82' lang='lat' dir='ltr'><strong>praef.</strong></span> <span class='ocrx_word' id='word_1_336' title='bbox 740 4259 847 4309; x_wconf 85' lang='lat' dir='ltr'><strong>etc.</strong></span> <span class='ocrx_word' id='word_1_337' title='bbox 884 4251 1057 4324; x_wconf 86' lang='lat' dir='ltr'><strong>praef.</strong></span> <span class='ocrx_word' id='word_1_338' title='bbox 1093 4258 1254 4308; x_wconf 87' lang='lat' dir='ltr'><strong>castr.</strong></span> <span class='ocrx_word' id='word_1_339' title='bbox 1290 4252 1433 4323; x_wconf 67' lang='lat' dir='ltr'><strong>imp:</strong></span> <span class='ocrx_word' id='word_1_340' title='bbox 1459 4252 1679 4309; x_wconf 81' lang='lat' dir='ltr'><strong>Caesar.</strong></span> <span class='ocrx_word' id='word_1_341' title='bbox 1720 4249 1871 4320; x_wconf 88' lang='lat' dir='ltr'><strong>Aug.</strong></span> <span class='ocrx_word' id='word_1_342' title='bbox 1909 4257 1968 4307; x_wconf 88' lang='lat' dir='ltr'><strong>et</strong></span> <span class='ocrx_word' id='word_1_343' title='bbox 2002 4252 2088 4306; x_wconf 86' lang='lat' dir='ltr'><strong>Ti.</strong></span> <span class='ocrx_word' id='word_1_344' title='bbox 2115 4253 2369 4308; x_wconf 87' lang='lat' dir='ltr'><strong>Caesaris</strong></span> <span class='ocrx_word' id='word_1_345' title='bbox 2389 4253 2653 4322; x_wconf 84' lang='lat' dir='ltr'><strong>Augusti.</strong></span> 
     </span>
    </p>
   </div>
  </div>
 </body>
</html>
