3166 4871
2545 344 2582 405 3

344 514 584 574 dubium
645 513 781 574 fuit:
844 520 965 574 tum
1027 534 1169 574 vero
1233 514 1507 575 facillime
1570 520 1742 575 vates
1801 517 2015 593 aliquis
2077 521 2136 575 et
2197 518 2578 577 oraculorum

342 617 664 677 fabricator
694 615 894 677 dicere
938 619 1134 693 potuit
1162 636 1271 695 per
1313 621 1406 677 ter
1451 637 1662 678 novem
1694 636 1885 693 annos
1913 618 2200 678 bellatum
2233 619 2322 677 iri.
2397 621 2580 680 Recte

343 721 497 779 enim
557 719 959 779 Blomfieldius
1018 720 1093 778 ad
1167 720 1626 795 Thucydideum
1699 721 1868 779 illum
1940 720 2136 779 locum
2198 719 2276 793 [V
2309 717 2417 793 26]
2479 722 2579 780 ad-

344 823 589 899 notavit,
631 839 942 882 numerum
974 816 1118 900 τρὶς
1148 812 1343 880 ἐννέα
1386 854 1471 861 -
1514 823 1760 882 consilio
1792 840 1910 882 non
1947 822 2081 882 dico
2112 823 2323 899 viginti
2351 829 2577 900 septem

343 955 425 963 --
470 925 525 984 in
560 925 987 1001 superstitione
1032 930 1303 985 sanctum
1337 924 1638 1002 quendam
1683 928 1956 1001 putatum
1990 926 2212 997 esse:*)
2259 929 2327 985 ut
2361 927 2582 1002 singuli

345 1028 579 1118 numeri¹
616 1032 792 1105 τρεῖς
836 1030 897 1086 et
941 1018 1164 1099 ἐννέα,
1225 1027 1310 1086 sic
1355 1029 1530 1088 etiam
1576 1021 1723 1106 τρὶς
1768 1020 1962 1085 ἐννέα
2007 1026 2168 1104 apud
2213 1028 2478 1089 Graecos
2523 1034 2584 1087 et

345 1131 643 1189 Romanos
700 1130 912 1189 summi
972 1131 1251 1189 momenti
1308 1129 1495 1190 fuisse
1541 1129 1946 1207 compluribus
1992 1130 2138 1189 locis
2182 1131 2584 1206 cognoscitur.

346 1232 543 1291 Veluti
589 1231 749 1307 apud
772 1231 1125 1309 Sophoclem
1170 1232 1229 1290 in
1253 1229 1563 1310 Oedipode
1610 1233 1872 1292 Coloneo
1919 1232 2139 1292 chorus
2183 1232 2258 1291 ad
2284 1230 2579 1310 Oedipum

346 1332 515 1393 dicit:
562 1334 639 1403 [v.
670 1331 815 1419 483]
1000 1400 1004 1407 ,

651 1430 820 1513 τρὶς
863 1428 1050 1495 ἐννέ
1090 1420 1280 1513 ἀὐτῇ
1321 1432 1593 1506 κλῶνας
1638 1428 1707 1512 ἐξ
1753 1420 2005 1512 ἀμφοῖν
2048 1443 2278 1514 χεροῖν

310 1602 336 1616 -
652 1533 869 1608 τιθεὶς
913 1530 1133 1608 ἐλαίας
1177 1523 1359 1608 rcigd'
1404 1528 1804 1615 ἐπεύχεσθαι
1856 1528 2061 1608 λιτάς.

346 1642 423 1700 Et
484 1642 544 1707 iu
591 1641 740 1702 Ciris
797 1658 974 1701 versu
1022 1637 1136 1698 371
1191 1642 1340 1700 haec
1395 1642 1685 1719 leguntur

651 1749 885 1819 terque
929 1761 1211 1803 novena
1255 1743 1454 1820 ligans
1499 1737 1723 1820 triplici
1770 1743 2012 1803 diversa
2056 1743 2261 1802 colore

345 1947 579 2007 Deinde
656 1947 817 2023 apud
883 1947 1270 2008 Plutarchum
1352 1949 1411 2007 in
1493 1947 1945 2024 quaestionibus
2026 1946 2274 2007 Graecis
2342 1944 2419 2018 [c.
2476 1943 2579 2018 12]

345 2051 624 2126 scriptum
671 2049 974 2109 videmus:
1018 2056 1230 2127 τρεῖς
1275 2035 1510 2127 ἄγουσι
1543 2044 1790 2124 Δελφοὶ
1837 2041 2367 2128 ἐνναετηρίδας
2409 2039 2584 2106 κατὰ

343 2143 425 2211 τὸ
473 2141 649 2230 ἑξῆς,
708 2132 807 2209 ὧν
851 2142 974 2231 τὴν
1016 2146 1140 2230 μὲν
1186 2141 1617 2230 Στεπτήριον
1662 2148 1969 2224 καλοῦσι,
2031 2141 2158 2231 τὴν
2204 2136 2264 2210 δ’
2295 2138 2584 2228 ζΗρωίδα

343 2245 467 2333 τὴν
513 2249 585 2313 δὲ
637 2243 952 2332 Χάριλαν.
1044 2255 1354 2314 Postremo
1400 2256 1536 2314 luce
1581 2254 1802 2314 clarius
1848 2254 2012 2332 quod
2067 2256 2323 2331 probare
2367 2252 2584 2313 studeo

342 2358 717 2434 Porphyrius
762 2356 1148 2435 demonstrat,
1206 2358 1309 2432 qui
1354 2358 1412 2416 in
1460 2356 1619 2417 vitae
1663 2357 1923 2433 Pythag.
1968 2374 2098 2433 cap.
2150 2353 2221 2413 17
2269 2356 2419 2416 haec
2463 2374 2580 2415 me-

344 2460 566 2520 moriae
596 2459 887 2536 prodidit:
934 2453 1025 2530 εἰς
1056 2453 1128 2517 δὲ
1158 2450 1239 2517 τὸ
1259 2446 1509 2518 ’Ίδαιον
1547 2449 1973 2538 καλούμενον
2004 2445 2259 2538 ἄντρον
2288 2448 2584 2532 καταβὰς

346 2553 489 2639 ἔρια
534 2552 708 2639 ἔχων
748 2556 1005 2640 μέλανα
1047 2551 1180 2632 τὰς
1224 2556 1806 2640 νενομισμένας
1851 2555 2022 2641 τρὶς
2068 2553 2296 2621 ἐννέα
2339 2547 2585 2640 ἡμέρας

344 2657 485 2722 ἐκεῖ
526 2657 883 2743 διέτριψεν.
977 2665 1054 2724 Et
1097 2664 1635 2725 luculentissimum
1691 2664 1856 2725 aliud
1902 2664 2063 2742 apud
2108 2665 2299 2742 ipsum
2345 2664 2583 2740 Thucy-

343 2767 538 2826 didem
584 2770 781 2827 exstat
839 2767 1177 2844 exemplum
1238 2767 1299 2826 iu
1361 2767 1497 2827 libri
1543 2768 1780 2843 septimi
1828 2767 2025 2856 capite
2070 2768 2582 2845 quinquagesimo.

345 2869 565 2929 Classis
607 2869 1066 2930 Atheniensium
1112 2888 1247 2929 cum
1293 2875 1468 2930 nocte
1513 2871 1658 2930 luna
1716 2869 1898 2946 plena
1941 2870 2093 2929 clam
2137 2869 2406 2929 hostibus
2450 2886 2582 2928 sese

346 2971 615 3048 recipere
677 2974 994 3050 coepisset,
1054 2971 1250 3032 subito
1304 2973 1448 3031 luna
1507 2971 1760 3032 defecit:
1820 2990 1938 3047 quo
1997 2971 2169 3049 siguo
2225 2970 2583 3049 perterritus

345 3073 548 3132 Nicias
591 3089 655 3132 se
702 3092 818 3132 non
851 3075 1018 3160 prius
1060 3072 1470 3151 profecturum
1503 3092 1636 3134 esse
1679 3076 1780 3151 ait,
1825 3091 2003 3151 quam
2034 3078 2204 3133 vates
2233 3072 2580 3142 audivisset:

345 3174 428 3233 illi
472 3191 619 3235 vero
666 3178 775 3234 ter
817 3194 1067 3235 novem
1114 3177 1242 3237 dies
1288 3176 1578 3236 exercitui
1626 3176 1835 3236 eodem
1880 3176 2017 3234 loco
2047 3175 2406 3235 manendum
2444 3191 2576 3234 esse

344 3276 802 3353 responderunt.
890 3279 1104 3339 Denuo
1150 3278 1333 3356 igitur
1361 3297 1673 3338 numerum
1705 3279 1873 3338 illum
1904 3280 2197 3355 magicum
2228 3277 2582 3343 invenimus.

343 3377 510 3453 Quae
555 3398 688 3441 cum
748 3381 831 3441 ita
888 3382 1033 3460 sint,
1089 3383 1267 3441 aliam
1327 3382 1785 3460 explicationem
1846 3382 1975 3441 eius
2020 3381 2250 3441 numeri
2293 3380 2580 3457 indagare

343 3498 495 3558 opus
538 3501 659 3544 non
706 3488 822 3543 est:
865 3484 927 3544 id
974 3483 1136 3561 quod
1168 3484 1410 3545 Curtius
1456 3484 1617 3560 facit,
1661 3482 1760 3560 qui
1807 3483 1883 3542 de
1926 3482 2040 3542 hac
2084 3501 2149 3542 re
2191 3483 2256 3543 in
2299 3482 2582 3542 historiae

343 3601 599 3662 graecae
632 3585 933 3645 volumine
975 3584 1088 3664 11⁴,
1115 3605 1172 3664 p.
1192 3581 1315 3643 655
1348 3585 1498 3646 haec
1528 3586 1756 3646 attulit:
1800 3585 1934 3664 „die
1965 3586 2121 3662 jetzt
2152 3584 2580 3645 vorhandenen

341 3681 583 3748 meister
627 3687 735 3748 der
778 3686 963 3748 kunst
1006 3688 1337 3766 erklarten‚
1399 3706 1532 3747 man
1580 3696 1775 3749 musse
1820 3688 1994 3747 einen
2041 3688 2290 3747 vollen
2337 3688 2578 3747 mond-

339 3790 615 3850 umlauf
650 3791 1118 3870 abwarteuhum
1164 3792 1269 3851 mit
1310 3794 1513 3868 gutem
1558 3790 1851 3868 gewissen
1897 3789 1990 3850 die
2033 3788 2356 3850 rilckfahrt
2398 3807 2578 3849 anzu-

339 3897 551 3953 treten.
653 3893 782 3953 also
844 3892 1093 3954 dreimal
1148 3911 1310 3953 neun
1372 3898 1546 3971 tage,
1612 3911 1705 3953 wo
1758 3891 1904 3970 jede
1962 3890 2179 3952 stuude
2240 3891 2576 3952 ver-derben

510 4055 565 4123 ‘)
597 4054 717 4110 The
766 4053 945 4111 thrice
987 4054 1117 4110 nine
1170 4054 1310 4122 (like
1353 4055 1429 4109 all
1464 4054 1579 4109 odd
1615 4054 1880 4109 numbers
1917 4053 2035 4108 and
2081 4052 2388 4123 especially
2434 4050 2580 4106 their

340 4138 626 4208 multiply)
658 4154 775 4193 was
810 4156 844 4194 a
878 4139 1153 4194 favourite
1194 4139 1431 4194 number
1476 4137 1614 4192 with
1662 4137 1821 4193 those
1867 4136 1992 4191 who
2029 4152 2175 4193 were
2222 4136 2485 4192 attached
2520 4143 2578 4189 to

341 4222 667 4278 divinatiou.
751 4223 906 4279 Thus
968 4231 1026 4279 at
1062 4224 1172 4278 VII
1197 4230 1261 4278 50
1307 4225 1399 4279 the
1448 4222 1805 4295 soothsayers
1851 4222 2019 4292 being
2068 4221 2362 4276 consulted
2407 4220 2581 4274 about

342 4312 435 4363 the
471 4309 672 4377 army's
708 4309 933 4378 leaving
969 4309 1141 4378 Sicily
1178 4324 1296 4378 say,
1332 4309 1455 4363 that
1488 4310 1534 4363 it
1566 4315 1714 4362 must
1751 4307 1959 4363 remain
1992 4308 2168 4363 thrice
2204 4307 2336 4360 niue
2374 4306 2530 4375 days.

2211 4412 2269 4460 1.
