3166 4871
516 252 640 312 320

1434 420 1470 491 ἓ
1514 428 1572 484 2.
1660 421 1833 486 Quo.

690 544 780 602 De
834 561 945 602 usu
1006 543 1338 620 particulae
1397 557 1512 616 que
1569 542 1824 619 primum
1883 541 1944 601 id
2006 542 2256 601 maxime
2300 541 2626 601 notandum
2673 546 2764 602 est

520 664 813 723 nusquam
859 663 988 705 eam
1037 645 1289 705 inveniri
1338 645 1397 704 in
1428 645 1671 705 rusticis
1702 644 1838 704 libri
1870 643 2217 704 Petroniani
2248 644 2537 721 partibus.
2597 644 2760 722 quod

518 746 756 825 quidem
818 766 959 808 casu
1023 766 1143 807 non
1203 751 1401 823 potest
1459 746 1776 823 accidisse,
1836 747 2115 824 quoniam
2174 747 2237 807 in
2280 746 2409 807 aliis
2452 746 2583 807 libri
2628 766 2762 824 par·

518 850 675 910 tibus
728 850 787 909 in
843 867 1207 927 unaquaque
1253 849 1862 927 pagina-saepissime
1907 850 2224 911 invenitur.
2312 866 2387 909 ex
2432 868 2555 926 qno
2601 854 2765 911 certe

519 951 799 1013 concludi
845 956 1044 1029 potest
1089 968 1204 1026 que
1241 951 1594 1028 particulam
1626 952 1892 1012 Petronii
1924 951 2291 1029 temporibus
2322 950 2396 1011 ab
2428 952 2765 1012 hominibus

519 1054 835 1115 humiliore
879 1056 1010 1114 loco
1057 1056 1211 1115 natis
1255 1055 1494 1115 omnino
1540 1074 1658 1114 non
1706 1058 2054 1131 usurpatam
2100 1051 2394 1126 fuisse.¹⁸)
2481 1073 2614 1114 cum
2651 1055 2764 1115 hac

520 1158 936 1219 observatione
981 1159 1203 1235 optime
1243 1158 1480 1217 videtur
1509 1175 1867 1234 congruere,
1908 1156 2071 1233 quod
2102 1172 2219 1231 que
2248 1157 2307 1216 in
2340 1158 2765 1234 antiquissimis

518 1261 752 1339 legibus
808 1260 1062 1337 aliisque
1116 1261 1514 1320 Romanorum
1570 1259 1826 1336 publicis
1870 1259 2273 1338 documentis,
2341 1266 2407 1320 ut
2449 1261 2508 1319 in
2556 1259 2760 1321 decem

519 1364 774 1441 tabulis,
847 1362 907 1423 in
966 1363 1243 1423 columna
1300 1366 1590 1437 rostrata,
1669 1364 1728 1421 in
1804 1362 2147 1440 Scipionum
2213 1363 2384 1423 titulo
2445 1363 2762 1440 sepulcrali

521 1467 707 1526 multo
769 1466 1010 1542 saepius
1070 1466 1404 1543 invenitur,
1464 1483 1645 1541 quam
1704 1470 1761 1524 et
1823 1465 1915 1525 vel
1960 1480 2052 1525 ae.
2140 1463 2379 1524 videtur
2423 1466 2606 1542 igitur
2650 1482 2765 1538 que

521 1570 956 1646 posterioribus
1000 1567 1367 1646 temporibus
1411 1569 1610 1628 rarius
1655 1567 2013 1639 adhibitum,
2075 1585 2311 1645 semper
2355 1572 2551 1628 antem
2599 1567 2764 1627 nobi-

522 1671 652 1731 liori
710 1675 942 1731 tantum
1004 1668 1240 1730 dicendi
1303 1671 1507 1747 generi
1568 1676 1920 1748 usurpatum
1982 1670 2182 1730 fuisse.
2287 1670 2563 1747 idemque
2623 1668 2764 1729 inde

521 1789 764 1851 quoque
808 1772 1049 1833 videtur
1094 1773 1372 1832 concludi
1418 1791 1628 1851 posse,
1681 1772 1840 1850 quod
1889 1774 1946 1832 in
1997 1773 2300 1850 plerisque
2347 1774 2557 1852 certis,
2601 1772 2762 1832 haud

521 1895 660 1937 raro
707 1861 1093 1937 sollemnibus
1140 1876 1432 1945 formulis,
1478 1876 1534 1935 in
1585 1877 1802 1953 quibus
1846 1875 2000 1936 duae
2047 1877 2319 1935 notiones
2349 1877 2505 1935 inter
2536 1894 2599 1935 se
2625 1893 2764 1935 con-

524 1980 872 2055 iunguntur,
917 1994 1034 2052 que
1078 1979 1390 2056 particula,
1434 1979 1623 2039 multo
1662 1979 1855 2039 rarius
1897 1984 2093 2039 autem
2127 1980 2278 2039 aliae
2311 1979 2766 2038 coniunctiones

524 2085 910 2159 usurpantur.
1019 2098 1271 2157 quarum
1348 2080 1737 2141 formularum
1811 2081 2029 2140 multas
2096 2082 2356 2141 afferunt
2423 2082 2766 2156 Draegerus

524 2183 584 2257 (ξ
618 2187 758 2253 314,
791 2181 855 2255 8)
902 2187 962 2242 et
1005 2183 1372 2242 Kuehnerus
1416 2183 1562 2253 (11§
1597 2186 1737 2260 152,
1768 2180 1858 2254 2),
1905 2182 2123 2260 quibus
2168 2201 2241 2242 ex
2286 2183 2574 2243 Petronio
2619 2202 2765 2242 non-

526 2286 694 2347 nulla
755 2283 981 2346 addere
1040 2286 1245 2344 liceat:
1330 2301 1482 2359 royo
1537 2301 1883 2359 quaesoque
1943 2304 1992 2344 c.
2038 2288 2116 2346 99
2179 2283 2349 2363 (119,
2395 2282 2528 2357 15),
2603 2286 2769 2343 intra

523 2500 771 2568 ipsorum
808 2501 986 2568 ponit,
1021 2500 1317 2555 Petronius
1355 2515 1572 2569 semper
1610 2501 1691 2556 ait
1723 2502 1812 2554 vel
1852 2500 2041 2556 aicbat
2063 2501 2220 2570 ponit
2244 2505 2372 2569 post
2396 2501 2572 2569 prima
2596 2501 2769 2556 verba

524 2585 875 2653 insequentis
911 2585 1197 2640 sermonis.

702 2690 765 2752 ¹⁸)
818 2688 990 2752 Quam
1028 2688 1478 2743 observationem
1520 2690 1616 2757 qui
1654 2687 1917 2743 videntur
1963 2688 2206 2743 refutare
2245 2689 2351 2742 loci
2388 2690 2547 2744 aliter
2594 2690 2770 2759 expli·

525 2772 689 2827 candi
738 2778 885 2827 sunt.
958 2772 1192 2842 primum
1246 2774 1386 2828 enim
1444 2774 1776 2828 sententiam
1825 2775 2149 2844 abruptam,
2196 2781 2340 2844 quae
2376 2774 2583 2843 legitur
2619 2791 2666 2829 c.
2703 2780 2769 2828 55

523 2864 631 2922 (63,
669 2864 723 2912 4:
786 2858 996 2928 diuque
1033 2875 1250 2913 summa
1287 2847 1551 2915 carminis
1594 2876 1769 2931 penes
1802 2858 2066 2931 Mopsum
2109 2859 2378 2915 Thracem
2426 2865 2770 2914 commorata

526 2947 639 3011 est)
688 2943 1063 2998 Buechelerus
1115 2944 1173 2997 in
1218 2943 1463 2998 editione
1512 2944 1819 2999 recentiore
1872 2960 1920 2997 a.
1964 2951 2081 3000 1571
2127 2962 2181 3014 p.
2219 2951 2301 3008 34,
2345 2952 2401 2998 15
2459 2953 2608 3000 recte
2643 2962 2768 2998 cum

526 3029 807 3098 prioribus
844 3028 1153 3083 editoribus
1206 3028 1301 3097 (cf.
1341 3030 1427 3085 ed.
1464 3030 1650 3084 Burm.
1686 3047 1741 3099 p.
1767 3033 1888 3092 349)
1926 3030 2214 3099 Encolpio,
2267 3046 2409 3096 non,
2463 3037 2524 3083 nt
2560 3030 2616 3083 in
2654 3029 2769 3084 edi-

526 3114 677 3169 tione
721 3129 769 3167 a.
812 3117 967 3175 1862,
1028 3114 1419 3169 Trimalchioni
1474 3116 1561 3169 vel
1620 3116 1882 3170 libertino
1940 3115 2158 3169 cuidam
2215 3116 2427 3170 tribuit.
2462 3147 2526 3154 —
2566 3114 2770 3170 deinde

525 3197 861 3290 Trimalchio
897 3199 1186 3270 Scylacem
1222 3212 1412 3254 canem
1451 3199 1651 3256 adduci
1690 3201 1865 3266 iubet,
1895 3201 2243 3273 praesidium
2271 3202 2470 3255 domus
2489 3201 2770 3269 familiae·

526 3301 652 3355 que.
722 3300 865 3351 quae
901 3284 1100 3351 verba,
1138 3299 1449 3354 quanquam
1489 3288 1728 3355 scriptor
1763 3285 1896 3340 nibil
1937 3285 2006 3340 de
2043 3286 2144 3340 hac
2179 3300 2237 3339 re
2284 3285 2443 3340 addit
2492 3301 2675 3355 neque
2709 3287 2770 3339 in

526 3368 994 3437 praecedentibus
1047 3370 1228 3438 ipsius
1264 3369 1687 3426 Trimalchionis
1732 3371 1905 3426 verba
1951 3371 2137 3436 affert,
2191 3378 2341 3425 certe
2377 3370 2768 3425 Trimalchioni

526 3454 825 3508 tribuenda
861 3461 1011 3521 sunt,
1050 3464 1112 3508 ut
1147 3462 1296 3510 recte
1334 3454 1710 3511 Buechelerus
1746 3456 2002 3522 adnotat,
2041 3457 2140 3511 sed
2178 3455 2313 3511 haec
2348 3462 2439 3511 est
2474 3463 2627 3511 certa
2662 3456 2768 3510 for·

526 3539 674 3592 mula
725 3539 953 3607 saepius
1006 3540 1284 3604 adhibita,
1338 3547 1402 3594 ut
1453 3543 1617 3596 docet
1668 3541 1824 3596 locus
1873 3540 2240 3610 Theophrast.
2278 3539 2425 3595 char.
2462 3557 2510 3595 c.
2547 3546 2579 3594 4
2633 3538 2772 3610 περὶ

528 3615 832 3691 ἀγροικίας
866 3640 920 3693 p.
964 3627 1074 3691 126,
1117 3629 1169 3679 11
1211 3625 1299 3680 ed.
1336 3627 1628 3680 Peterson:
1704 3624 1834 3684 ..καὶ
1877 3621 1982 3680 τὸν
2025 3622 2172 3680 κύνα
2218 3621 2774 3696 προσκαλεσάμενος

526 3706 625 3763 καὶ
663 3703 1084 3780 ἐπιλαβόμενος
1119 3715 1223 3764 τοῦ
1262 3706 1509 3781 ῥύγχους
1535 3706 1745 3764 εἰπεῖν·
1791 3700 1969 3775 Οὗτος
2004 3706 2278 3780 φυλάττει
2317 3706 2382 3763 τὸ
2415 3707 2636 3780 χωρίον
2670 3708 2772 3764 καὶ

527 3788 631 3863 τὴν
666 3790 906 3848 οἰκίαν.“
944 3828 1009 3834 —-
1048 3795 1248 3850 tertius
1285 3796 1531 3865 denique
1567 3796 1727 3851 locus
1775 3803 1926 3851 certe
1971 3803 2268 3865 corruptus
2306 3802 2419 3860 est,
2474 3796 2532 3849 in
2587 3796 2771 3863 capite

527 3880 673 3933 enim
711 3885 775 3933 65
812 3882 919 3946 (77,
958 3884 1049 3946 24)
1084 3881 1208 3935 cod.
1245 3882 1322 3934 ita
1359 3881 1549 3935 habet:
1611 3881 1908 3936 Habinnas
1944 3883 2098 3937 sevir
2144 3887 2226 3936 est
2261 3881 2515 3952 idemque
2551 3880 2770 3951 lapida-

527 3966 681 4028 νέης,
735 3967 834 4035 qui
882 3965 1166 4020 videretur
1223 3976 1575 4021 monumenta
1630 3968 1834 4037 optime
1872 3967 2091 4037 facere.
2171 3965 2452 4034 posterior
2496 3963 2770 4020 enuntiati

528 4067 676 4120 pars,
713 4052 846 4120 quin
883 4052 1211 4119 gravissime
1248 4059 1512 4121 corrupta
1547 4053 1638 4118 sit,
1674 4051 1828 4105 nulla
1863 4058 2200 4120 potestesse
2226 4051 2504 4104 dubitatio
2529 4050 2769 4118 ideoque

528 4152 596 4191 eo
650 4136 1005 4191 verisimilius
1058 4143 1148 4191 est
1200 4137 1568 4205 corruptelam
1625 4137 1792 4206 paulo
1828 4137 1997 4192 latius
2051 4142 2243 4206 patere
2293 4141 2350 4191 et
2384 4152 2492 4207 que
2544 4151 2771 4204 qnoque

529 4238 639 4275 non
679 4229 828 4277 reete
865 4237 925 4277 se
962 4220 1182 4290 habere,
1217 4221 1323 4275 nisi
1362 4220 1509 4277 forte
1542 4222 1798 4292 idemque
1833 4227 1986 4275 certa
2020 4221 2290 4291 quaedam
2329 4219 2561 4274 formula
2595 4226 2700 4275 est.
