3166 4871
603 269 725 332 382

597 449 750 504 teste
794 445 851 503 in
908 444 1025 502 illis
1080 442 1465 520 regionibus,
1525 443 1623 501 ubi
1683 443 1889 501 titulus
1933 446 2208 519 repertus
2253 448 2374 513 est,
2437 443 2534 502 hic
2579 442 2855 502 vocabuli

604 548 855 618 „vivus“
888 564 1034 605 usus
1075 546 1272 605 adhuc
1302 545 1559 604 inveniri
1595 563 1714 605 non
1763 546 2041 622 potuerit,
2088 544 2194 604 sed
2242 545 2356 605 hoc
2389 547 2436 604 V
2469 544 2848 605 referendum

600 667 729 709 esse
772 649 847 708 ad
895 648 1163 709 coloniae
1193 667 1433 709 nomen.
1480 678 1564 688 —-
1612 649 1746 707 Duo
1793 649 2162 708 coloniarum
2214 649 2452 707 nomina
2498 648 2636 707 novi
2681 649 2854 709 litera

602 755 652 812 V
683 751 1060 829 incipientia:
1108 752 1353 811 Valeria
1385 755 1444 810 et
1475 751 1756 811 Veneria.
1842 750 2111 824 Quorum
2166 750 2480 824 „Valeria“
2535 752 2852 812 Diocletia-

602 874 737 915 nam
783 855 1065 931 originem
1112 853 1456 931 significans
1502 853 1641 911 hnic
1686 852 1893 925 titulo,
1942 854 2043 930 qni
2093 855 2290 914 omnia
2337 856 2596 931 optimae
2642 855 2854 914 aetatis

545 958 771 1033 ,signa
828 975 971 1032 prae
1034 974 1097 1015 se
1160 954 1310 1022 fert,
1397 960 1541 1031 apta
1605 973 1724 1014 non
1784 961 1906 1033 est,
1980 957 2166 1015 altera
2230 956 2567 1026 „Veneria“
2632 958 2852 1035 optimc

600 1060 898 1119 convenit.
1000 1059 1153 1118 Nam
1228 1058 1403 1116 etiam
1473 1059 1734 1133 Augusti
1805 1058 2073 1119 coloniae
2148 1059 2322 1119 facile
2381 1060 2674 1119 'Veneriae
2748 1077 2851 1119 no·

600 1163 807 1222 minari
852 1164 1191 1238 potuerunt.
1263 1191 1350 1200 --
1422 1161 1615 1236 Magis
1682 1166 1880 1221 autem
1942 1161 2296 1223 crediderim
2345 1162 2707 1223 Florentiam
2754 1181 2850 1222 co·

600 1266 816 1324 Ioniam
863 1259 1166 1324 Sullanam
1215 1261 1402 1322 fuisse
1450 1262 1523 1320 ab
1557 1265 1832 1340 Augusto
1881 1269 2113 1324 auctam
2162 1271 2220 1324 et
2268 1265 2579 1325 firmatam.
2667 1263 2849 1324 Cuius

601 1367 685 1427 rei
731 1367 922 1426 solum
969 1365 1287 1442 vestigium
1338 1365 1511 1425 nobis
1556 1371 1840 1442 superest
1885 1367 2031 1426 haec
2081 1369 2250 1427 litera
2295 1367 2363 1426 V.
2467 1369 2620 1427 Nam
2686 1366 2848 1427 Flori

599 1470 768 1528 locus
825 1467 907 1542 (2.
952 1471 1008 1529 9.
1055 1466 1193 1539 27):
1270 1468 1634 1546 „municipia
1695 1468 1904 1528 Italiae
1967 1467 2448 1543 splendidissima
2505 1468 2615 1528 sub
2675 1468 2850 1528 hasta

599 1572 918 1630 venierunt
987 1570 1318 1647 Spoletium
1397 1570 1824 1629 Interamnium
1900 1572 2226 1631 Praeneste
2301 1570 2644 1631 Florentia“
2727 1590 2846 1631 non

601 1676 788 1750 cogit,
864 1676 928 1733 ut
988 1672 1229 1732 Ilmium
1290 1673 1475 1732 seculi
1535 1670 1634 1745 (H.
1674 1673 1741 1731 R.
1788 1677 1824 1732 5
1890 1692 1947 1751 p.
1992 1676 2120 1734 408
2168 1675 2235 1733 Α.
2283 1671 2346 1746 3)
2418 1674 2567 1734 haec
2626 1673 2848 1750 oppida

600 1777 803 1838 Sullae
849 1776 1114 1835 colonias
1161 1775 1606 1851 existimemus3
1666 1775 1817 1833 alias
1864 1775 2018 1834 enim
2066 1794 2163 1836 res
2209 1777 2466 1853 respicit.
2553 1775 2672 1837 Sed
2717 1775 2846 1835 fieri

598 1878 828 1956 potuit,
888 1886 955 1938 ut
1001 1879 1149 1937 haec
1204 1876 1429 1955 oppida
1491 1877 1734 1936 vendita
1796 1878 1971 1937 etiam
2037 1878 2500 1938 deducerentur.
2630 1878 2845 1955 Neque

597 1983 788 2043 solum
833 2000 908 2040 ex
961 1980 1053 2040 his
1098 1980 1336 2057 oppidis
1381 1979 1754 2039 Florentiam
1803 1980 2095 2040 coloniam
2142 1980 2443 2041 Sullanam
2492 1979 2676 2040 fuisse
2722 1978 2843 2039 effi-

598 2086 792 2144 ciatur
837 2086 1105 2161 oportet,
1165 2080 1272 2142 sed
1319 2082 1493 2140 etiam
1539 2082 1945 2142 Praenestem.
2050 2084 2326 2160 Namque
2389 2083 2614 2143 Gellius
2657 2083 2731 2142 N.
2775 2081 2846 2141 A.

602 2191 696 2248 16.
759 2190 836 2247 13
912 2183 1287 2246 Hadrianum
1363 2184 1424 2243 in
1500 2185 1772 2244 oratione
1848 2183 1924 2245 de
1993 2185 2439 2262 Italicensibus,
2520 2205 2694 2263 quam
2784 2185 2842 2244 in

595 2291 808 2348 senatu
872 2287 1109 2358 habuit,
1179 2286 1402 2346 dixisse
1462 2288 1665 2346 affert:
1754 2288 2188 2348 Praenestinos
2253 2288 2505 2348 maximo
2567 2306 2748 2364 opere
2809 2306 2846 2346 a

594 2391 835 2451 Tiberio
876 2390 1238 2468 imperatore
1279 2388 1497 2467 petisse
1529 2406 1879 2467 orasseque,
1923 2395 1990 2450 ut
2034 2409 2108 2450 ex
2156 2390 2391 2451 colonia
2435 2392 2494 2451 in
2540 2389 2846 2468 municipii

593 2499 812 2554 statum
858 2492 1294 2570 redigerentur.
1380 2493 1472 2551 Ex
1518 2493 1734 2568 quibus
1784 2497 2038 2570 apparet
2084 2495 2470 2554 Praenestem
2517 2499 2577 2554 et
2618 2494 2842 2554 Tiberii

594 2600 862 2673 tempore
909 2595 1203 2656 coloniam
1251 2594 1433 2654 fuisse
1489 2599 1579 2671 et,
1644 2615 1775 2655 cum
1837 2596 2000 2655 nullo
2063 2596 2240 2657 modo
2295 2597 2540 2657 coloniis
2585 2595 2847 2673 Augusti

594 2704 866 2775 tempore
915 2697 1189 2758 deductis
1233 2696 1615 2757 adnumerari
1662 2699 1887 2776 possit,
1945 2716 1981 2757 a
2025 2699 2192 2761 Sulla
2236 2699 2534 2760 conditam
2580 2716 2728 2760 esse.

1554 2912 1878 2979 Perusia.

595 3055 771 3130 Quod
816 3055 947 3115 Dio.
986 3058 1086 3116 48.
1122 3052 1260 3127 14¹)
1305 3058 1363 3112 et
1408 3054 1721 3132 Appianus
1767 3055 1821 3114 b.
1851 3074 1899 3115 c.
1933 3060 1989 3116 5.
2024 3060 2104 3116 49
2152 3056 2440 3133 referunt,
2485 3057 2844 3134 Augustum,

593 3160 739 3236 quia
782 3156 1067 3235 oppidum
1112 3174 1271 3216 anno
1319 3160 1440 3217 713
1497 3174 1690 3228 omne,
1737 3161 1978 3232 praeter
2022 3157 2464 3235 Hephaesteum
2498 3158 2636 3235 igne
2681 3158 2841 3220 dele·

593 3267 717 3321 tum
778 3264 936 3320 esset
996 3260 1098 3337 iis,
1157 3260 1259 3336 qui
1307 3260 1538 3318 vellent
1578 3260 1930 3336 permisisse,
1977 3264 2044 3320 ut
2088 3260 2165 3319 ibi
2217 3261 2571 3333 habitarent,
2619 3263 2841 3339 optime

594 3362 892 3423 consentit
935 3380 1069 3422 cum
1101 3380 1186 3431 eo,
1218 3360 1384 3438 quod
1419 3361 1706 3438 oppidum
1738 3364 1796 3421 in
1847 3363 2018 3423 titulo
2067 3363 2168 3425 Or.
2200 3383 2255 3423 n.
2287 3367 2366 3426 93
2415 3383 2629 3425 nomen
2663 3365 2845 3424 habet

597 3466 909 3542 „Augusta
966 3464 1290 3535 Perusia“,
1367 3464 1529 3542 quod
1601 3464 1818 3541 legitur
1865 3467 1923 3526 in
1978 3466 2152 3526 titulo
2211 3466 2312 3527 Or.
2357 3487 2413 3526 n.
2462 3471 2584 3528 608
2647 3469 2839 3543 „Aug

594 3586 746 3628 sacr.
792 3568 1044 3627 Perusia
1087 3568 1436 3644 restituta“‚
1495 3566 1658 3644 quod
1706 3569 1864 3628 tituli
1926 3569 2456 3646 quatuorvirorum
2514 3570 2842 3646 municipa-

590 3672 731 3731 lium
779 3670 1178 3747 reperiuntur,
1224 3676 1291 3729 ut
1333 3669 1541 3729 titulus
1588 3666 1690 3729 Or.
1735 3689 1789 3730 n.
1840 3674 2020 3732 3707.

770 3906 808 3954 ¹)
844 3892 875 3969 ἢ
912 3895 1080 3963 πόλις
1131 3892 1271 3967 arti]
1322 3894 1469 3968 πλὴν
1516 3893 1619 3953 τοὺ
1659 3892 2029 3967 Ἡφαιστείου
2078 3905 2182 3954 τοῦ
2229 3918 2292 3953 τε
2338 3906 2436 3969 τῆς
2463 3892 2639 3971 ‘'Hpag
2674 3896 2842 3966 ἔδοι-ς

592 3991 750 4039 πᾶσα
787 3984 1127 4052 κατεκαύθη
1158 3989 1365 4038 ,τοῦτο
1403 3982 1463 4039 δὲ
1506 3979 1705 4052 ἐσώθη
1755 3980 1868 4053 γάρ
1914 4002 2037 4049 πως
2081 3980 2233 4038 κατὰ
2277 3982 2454 4054 τύχην
2503 3979 2722 4057 ἀνήχθη
2770 4004 2840 4041 τε

595 4065 654 4134 ἐς
690 4066 792 4139 τὴν
820 4064 1043 4137 Ῥώμην
1082 4064 1146 4133 ἐξ
1181 4063 1380 4137 ὄψεως
1417 4062 1681 4139 ὀνείρου,
1733 4064 1801 4138 ἣν
1838 4061 1868 4123 ὃ
1893 4070 2119 4139 Καῖσαρ
2159 4062 2272 4123 εἶδε
2310 4068 2410 4124 καὶ
2444 4066 2700 4141 παρέσχε
2738 4071 2842 4127 καὶ

592 4161 659 4224 τῇ
706 4152 871 4210 πόλει
920 4152 1068 4223 πρὸς
1110 4161 1227 4208 τῶν
1273 4149 1646 4223 βουλομένων
1695 4157 2158 4225 συνοικισθῆναι,
2195 4152 2343 4224 πλὴν
2378 4147 2465 4209 ὅτι
2505 4161 2603 4224 τῆς
2632 4152 2844 4227 χώρας

592 4238 760 4295 οὐδὲν
796 4232 944 4309 ὑπὲρ
982 4232 1129 4293 ἑπτὰ
1162 4237 1263 4293 καὶ
1300 4231 1470 4308 ἥμισυ
1507 4238 1768 4303 σταδίους
1805 4233 2152 4309 ἐκτήσαντο.
