3166 4871
2524 327 2595 389 21

371 520 548 580 quem
617 502 829 579 legens
894 518 1051 562 unus
1117 501 1371 579 quisque
1432 502 1816 562 Homericum
1867 501 2032 561 illum
2091 500 2470 562 recordatur:
2528 500 2606 574 [Il

371 621 413 663 α
458 600 568 676 70]

499 706 572 792 ὃς
616 707 677 780 τ’
722 708 842 802 ᾔδη
888 712 970 783 τά
1014 708 1074 781 τ’
1120 712 1320 781 ἐόντα
1365 712 1449 782 τά
1493 707 1551 780 τ’
1596 712 1922 800 ἐσσόμενα
1964 712 2106 807 πρό,
2149 708 2209 780 τ’
2255 711 2475 795 ἐόντα,

370 878 544 952 plane
589 876 919 937 absurdum
965 894 1095 938 esse
1142 872 1345 959 σοφίᾳ
1390 876 1672 954 scribere,
1717 877 1879 954 quod
1926 880 1985 936 et
2027 876 2331 945 Diodorus
2379 875 2490 951 [IX
2540 872 2603 948 7]

370 983 429 1039 et
469 980 745 1040 Laertius
789 980 1092 1056 Diogenes
1139 977 1195 1053 [1
1246 977 1297 1058 1,
1329 970 1436 1052 35]
1484 976 1889 1056 tradiderunt,
1953 997 2159 1039 omnes
2204 978 2420 1056 opinor
2466 996 2605 1081 con-

371 1080 603 1143 cedent.

538 1201 729 1261 Etiam
774 1201 835 1261 in
881 1201 993 1261 hoc
1038 1203 1278 1262 oraculo
1328 1200 1532 1274 [Paus.
1563 1202 1648 1263 IX
1703 1198 1795 1280 18,
1826 1199 1890 1273 5]
1938 1188 2207 1317 πάτραν
2249 1148 2316 1259 in
2341 1188 2609 1278 πάτρην

374 1302 726 1364 mutandum
772 1308 951 1381 puto.

552 1437 850 1518 Θηβαῖοι,
894 1428 1196 1517 Κάδμοιο
1240 1429 1449 1498 πόλιν
1493 1428 2113 1511 καταναιετάοντες,

537 1526 666 1600 αἵκ’
709 1534 982 1622 ἐθέλητε·
1024 1531 1362 1620 σὲάτραν
1406 1535 1619 1601 οἰκεῖν
1664 1533 1788 1601 σὺν
1835 1527 2122 1620 ἀμύμονι
2166 1530 2470 1618 πλούτῳ,

530 1629 847 1722 Ἕκτορος
891 1628 1094 1702 όστέα
1140 1639 1516 1722 Πριαμίδου
1561 1640 1958 1722 κομίσαντες
2002 1636 2068 1714 ἐς
2113 1636 2343 1713 οἴκους

540 1739 609 1822 ἐξ
633 1730 840 1824 Άσίης
883 1736 1038 1815 Διὸς
1083 1739 1379 1824 ἐννεσίῃς
1422 1731 1610 1827 ἥρωα
1655 1741 1984 1821 σέβεσθαι.

370 1899 526 1974 Quid
570 1918 716 1960 vero
763 1900 837 1959 de
883 1899 976 1959 his
1021 1899 1291 1959 versibus
1334 1899 1661 1960 iudicarem

493 2042 753 2131 χώρας
797 2047 911 2111 καὶ
953 2042 1284 2123 πόλεως
1326 2042 1654 2133 οἰκήτορα
1702 2043 1871 2113 λαὸν
1917 2044 2199 2129 ἔχοντες,

436 2139 721 2234 ἤλθετ’
764 2144 1155 2235 ἐρησόμενοι
1202 2150 1457 2228 Φοῖβον
1500 2150 1655 2213 τίνα
1698 2161 1895 2234 γαῖαν
1940 2148 2193 2235 ἵκησθε.

492 2241 635 2316 ἀλλ’
680 2243 793 2335 ἆγε
839 2247 923 2336 δὴ
969 2243 1294 2335 φράζεσθ’
1339 2243 1623 2335 ἀγαθῶν
1667 2246 1964 2337 πότερόν
2008 2275 2142 2317 κεν
2171 2248 2442 2316 ἕλοισθε

497 2356 809 2419 πλοῦτον
855 2351 1026 2440 ἔχειν
1070 2350 1380 2419 κτεάνων
1424 2347 1463 2441 ἢ
1506 2350 1974 2441 τερπνοτάτην
2021 2348 2275 2440 ὑγίειαν

371 2513 582 2586 [schol.
627 2514 931 2591 Aristoph.
977 2533 1113 2591 equ.
1162 2505 1353 2593 1091]
1402 2513 1503 2574 diu
1550 2515 1835 2575 dubitavi.
1907 2515 2179 2604 Apparet
2223 2514 2369 2574 satis
2415 2513 2605 2573 scien-

367 2622 458 2676 ter
510 2634 614 2676 eos
679 2619 1040 2694 compositos
1102 2635 1267 2677 esse:
1327 2621 1387 2677 et
1442 2635 1802 2695 quamquam
1863 2616 2205 2677 facillimum
2254 2619 2347 2676 est
2387 2604 2608 2712 χώρης

366 2719 630 2779 scribere
691 2736 802 2797 pro
862 2707 1105 2798 χώρας,
1151 2724 1210 2779 et
1269 2719 1384 2779 hoc
1448 2738 1687 2797 quoque
1748 2720 1884 2779 licet
1934 2708 2201 2789 πόλεως
2260 2724 2488 2779 mutare
2547 2717 2606 2775 in

367 2810 626 2893 πόλιος,
671 2839 803 2880 cum
848 2821 1085 2897 syllaba
1127 2822 1459 2882 terminans
1503 2821 1702 2883 brevis
1747 2852 1833 2863 —
1874 2839 1948 2892 ος
1997 2826 2289 2900 sequente
2338 2821 2493 2880 ,Ροικ
2522 2850 2609 2859 -

370 2923 711 3000 saepissime
773 2923 1168 3002 producatur,
1229 2942 1567 3000 repugnare
1613 2928 1811 2984 tamen
1856 2923 2093 2984 videtur
2137 2925 2321 2983 attica
2363 2922 2607 2983 alterius

371 3043 583 3085 versus
644 3025 837 3086 forma
895 3015 1290 3105 ἐρησόμενοι
1347 3043 1459 3105 pro
1521 3016 1978 3105 εἶρησόμενοι.-
2048 3025 2163 3085 Sed
2228 3044 2362 3085 cum
2427 3024 2600 3084 etiam

375 3128 536 3204 apud
582 3128 906 3188 Homerum
960 3133 1158 3189 exstet
1200 3129 1446 3188 verbum
1493 3119 1788 3206 ἔρεσθαι,
1852 3147 1926 3188 ex
1972 3147 2091 3205 quo
2139 3128 2444 3187 derivatae
2489 3125 2607 3186 for·

375 3249 502 3290 mae
550 3218 882 3307 ἐρώμεθα,
929 3221 1172 3306 ἔροιτο,
1218 3223 1491 3310 ἐρέσθαι
1537 3231 1938 3309 inveniantur,
1970 3230 2045 3289 ad
2092 3248 2218 3290 eam
2251 3228 2633 3303 sententiam⁴

370 3332 615 3409 perveni
663 3335 729 3394 ut
771 3333 833 3391 in
879 3332 994 3392 hoc
1036 3351 1217 3393 versu
1248 3322 1640 3412 ἐρησόμενοι
1685 3352 1751 3393 re
1796 3351 1942 3393 vera
1986 3332 2208 3392 dictum
2254 3332 2328 3392 ab
2374 3350 2466 3409 eo,
2497 3332 2605 3408 qui

374 3436 678 3494 oraculum
725 3435 1075 3512 composuit,
1117 3434 1177 3495 in
1222 3435 1413 3512 primo
1459 3453 1605 3495 vero
1648 3425 1870 3516 χώρης
1914 3439 1987 3495 et'
2017 3423 2259 3504 πόλιος
2289 3435 2604 3496 restituen-

268 3531 283 3538 ’
374 3536 511 3596 dum
556 3536 696 3596 mihi
742 3536 1035 3596 videatur.

540 3673 849 3734 Nonnulla
892 3678 1091 3734 tamen
1136 3677 1372 3736 exstant
1416 3674 1677 3752 oracula,
1722 3675 1780 3733 in
1831 3675 2047 3751 quibus
2092 3675 2276 3735 attica
2320 3674 2611 3734 dialectus

368 3775 971 3837 videtui-‘servandat
1018 3793 1173 3853 quae
1219 3794 1355 3836 cum
1396 3778 1653 3854 posteris
1697 3777 2082 3855 temporibus,
2129 3779 2190 3837 ni
2237 3776 2432 3854 fallor,
2465 3793 2602 3836 con-

370 3879 593 3957 scripta
646 3879 795 3956 sint,
852 3879 1095 3939 atticam
1159 3878 1474 3938 dialectum
1521 3879 1761 3938 mixtam
1825 3897 1957 3939 cum
2003 3879 2176 3956 epica
2237 3879 2442 3938 miram
2490 3895 2606 3938 nou
2647 3927 2654 3942 .

380 3987 524 4056 puto
569 3999 678 4041 nec
725 3998 968 4040 causam
1014 3979 1188 4039 video
1234 3998 1344 4040 cur
1376 3984 1684 4040 mutemus.
1757 3981 2073 4056 Carystum
2103 3980 2390 4058 oppidum
2421 3979 2608 4038 fuisse

374 4082 429 4139 iu
492 4082 688 4142 insula
731 4083 979 4143 Euboea
1040 4082 1214 4143 situm
1261 4082 1409 4142 satis
1454 4084 1611 4141 inter
1655 4099 1859 4146 omnes
1905 4086 2172 4143 constat:
2236 4081 2397 4159 quod
2445 4081 2610 4158 oppi-

376 4183 512 4242 dum
560 4185 880 4262 Carystus,
940 4184 1096 4245 filins
1143 4182 1445 4262 Chironis,
1503 4183 1844 4244 condidisse
1905 4185 2124 4246 dicitur
2185 4183 2301 4243 hoc
2360 4187 2609 4260 accepto

376 4285 649 4346 oraculo:
