3166 4871
2457 267 2582 328 209

342 443 540 499 autem
593 441 715 515 est,
778 457 930 514 quae
989 437 1064 497 de
1126 437 1241 497 hoc
1300 437 1460 515 apud
1509 438 1853 500 Ciceronem
1900 439 2323 515 inveniuntur,
2394 441 2477 499 ita
2519 441 2581 500 in

343 539 685 600 universum
731 557 865 599 esse
910 538 1086 613 dicta,
1136 544 1199 599 ut
1243 539 1529 616 suspicari
1579 542 1810 600 tantum
1855 540 2046 617 liceat,
2092 560 2209 602 non
2255 543 2409 602 scire
2451 543 2583 621 ejus

340 641 709 702 sententiam.
806 641 1162 718 Appellatm·
1221 641 1375 700 enim
1422 641 1816 718 Epicharmus
1862 643 2041 703 Tusc.
2091 649 2142 713 1,
2195 649 2270 705 15
2329 652 2584 715 „acutus

342 764 455 805 nec
498 744 757 805 insulsus
807 744 999 813 homo,
1063 751 1125 802 ut
1169 745 1443 805 Siculus“
1494 748 1554 804 et
1597 745 1671 804 ad
1720 746 1839 804 Att.
1891 752 1940 817 1,
1992 749 2087 822 19,
2131 750 2170 806 8
2238 747 2443 818 „vafer
2487 748 2584 808 ille

343 845 636 907 Siculus“.
737 847 938 923 Atque
996 848 1174 906 etiam
1233 850 1407 924 pauci
1471 847 1550 906 illi
1619 848 1955 925 Epicharmi
2017 867 2253 927 versus,
2319 851 2422 926 qui
2481 855 2586 910 ant

342 948 733 1025 proferuntur
794 953 899 1009 aut
953 947 1366 1025 significantur
1420 949 1582 1027 apud
1634 950 2009 1021 Ciceronem,
2074 950 2366 1028 ejusmodi
2426 957 2583 1025 sunt,

344 1056 435 1121 ut,
495 1052 845 1127 praesertim
904 1070 1036 1110 cum
1098 1070 1174 1110 ne
1229 1052 1343 1110 hoc
1387 1050 1630 1129 quidem
1677 1053 1821 1112 satis
1867 1057 2128 1130 constet,
2190 1053 2405 1130 quibus
2450 1055 2584 1131 eJus

342 1154 625 1231 operibns
669 1155 786 1214 sint
830 1154 1162 1224 tribuendi,
1209 1173 1281 1213 ex
1329 1155 1399 1213 iis
1445 1173 1688 1231 quoque
1735 1156 1970 1215 minime
2014 1156 2203 1233 possit
2246 1155 2587 1234 disceptari,

344 1263 542 1317 utrum
588 1258 829 1316 omnino
878 1257 1298 1333 Epicharmium
1348 1257 1536 1334 ipsum
1587 1258 1800 1332 legerit
1845 1276 2052 1317 necne.
2148 1259 2585 1319 Sententiarum

344 1359 526 1430 enim,
588 1359 805 1436 quibus
858 1364 1095 1436 poetam
1156 1358 1320 1418 illum
1392 1358 1657 1419 Siculum
1735 1359 2079 1420 abundasse
2151 1362 2309 1421 inter
2381 1379 2589 1421 omnes

345 1465 598 1537 constat,
642 1462 840 1521 cuncti
886 1479 1032 1537 prae
1076 1479 1139 1521 se
1185 1460 1388 1520 ferunt
1432 1463 1690 1539 speciem
1708 1460 1803 1534 ⁸⁵).
1900 1464 2111 1540 Itaque
2174 1481 2306 1524 cnm
2352 1465 2587 1524 Lorenz

347 1565 383 1623 l.
417 1564 452 1624 l.
498 1583 554 1642 p.
587 1567 666 1625 69
713 1565 929 1641 passim
969 1564 1097 1623 sine
1129 1563 1305 1625 dubio
1340 1569 1502 1625 recte
1534 1564 1858 1625 contendat
1886 1567 2214 1626 sententias
2244 1566 2588 1644 Epicharmi

347 1686 483 1728 mox
528 1685 602 1727 ex
649 1667 814 1726 libris
858 1667 987 1744 ejus
1032 1674 1351 1743 excerptas
1397 1674 1456 1727 et
1501 1668 1781 1728 collectas
1813 1686 1963 1743 esse,
2009 1668 2168 1728 haud
2200 1667 2587 1747 improbabile

349 1769 582 1829 videtur
639 1787 713 1829 ex
779 1768 1116 1846 hujusmodi
1176 1769 1324 1829 libro
1372 1771 1722 1830 Ciceronem
1770 1788 2014 1847 quoque
2068 1788 2196 1838 eas,
2257 1788 2408 1848 quas
2453 1789 2589 1847 pro-

346 1871 479 1942 fert,
525 1888 657 1931 esse
704 1876 1050 1931 mutuatum.
1142 1872 1418 1931 Attamen
1466 1876 1606 1931 sunt
1652 1872 1828 1930 etiam
1876 1889 2157 1948 caussae,
2217 1870 2465 1949 quibus,
2525 1878 2593 1932 ut

349 1972 424 2032 ad
485 1974 616 2048 ipsa
678 1973 1014 2049 Epicharmi
1074 1990 1261 2049 opera
1315 1973 1574 2049 legenda
1635 1972 1980 2049 accederet,
2040 1970 2391 2034 Ciceronem
2438 1992 2591 2035 com-

351 2079 570 2134 motum
635 2092 765 2134 esse
819 2073 990 2134 facile
1045 2075 1236 2150 possit
1297 2074 1562 2150 cogitari.
1668 2076 1818 2133 Nam
1878 2075 2132 2152 primum
2181 2080 2367 2135 totum
2414 2075 2594 2153 hujus

351 2180 563 2252 poetae
622 2175 917 2236 scribendi
980 2194 1204 2253 genus,
1262 2194 1624 2253 quamquam
1691 2175 1875 2236 multo
1936 2184 2074 2237 ante
2133 2177 2594 2255 Aristophanem

351 2285 504 2355 erat,
567 2283 766 2349 tamen
829 2277 1015 2354 magis
1073 2276 1151 2337 ad
1197 2280 1597 2338 Romanorum
1658 2285 1719 2339 et
1773 2279 1959 2355 ipsius
2007 2279 2312 2340 Ciceronis
2355 2298 2595 2341 sensum

352 2387 533 2459 atque
563 2380 1028 2459 intellegentiam
1072 2385 1203 2441 erat
1230 2381 1776 2455 accommodatum3
1820 2385 1942 2441 tum
1980 2382 2170 2456 Plato,
2216 2400 2391 2459 quem
2425 2383 2595 2461 quasi

354 2484 527 2544 deum
584 2487 905 2545 veneratus
964 2491 1082 2555 est,
1144 2483 1319 2544 valde
1379 2482 1644 2545 Siculum
1720 2484 1885 2544 illum
1961 2483 2200 2545 videtur
2270 2485 2597 2545 admiratus

352 2605 509 2657 esse;
557 2586 816 2663 denique
861 2586 1183 2646 verisimile
1229 2590 1319 2646 est
1363 2585 1625 2646 Ennium
1673 2587 1853 2664 hujus
1896 2587 2085 2664 ipsius
2131 2586 2207 2647 de
2252 2605 2449 2647 rerum
2497 2606 2595 2647 na·

351 2696 486 2751 tura
540 2708 778 2750 carmen
852 2690 909 2748 in
989 2689 1424 2765 „Epicharmo“
1448 2686 1523 2760 ⁸⁸)
1599 2689 2035 2749 conscribendo
2110 2694 2378 2750 secutum
2449 2707 2597 2750 esse.

354 2794 519 2852 Haec
563 2791 766 2869 habui,
827 2811 982 2868 quae
1028 2792 1103 2850 de
1150 2794 1261 2851 hac
1306 2810 1371 2851 re
1420 2791 1712 2867 dicerem3
1788 2796 2014 2851 certum
2071 2797 2267 2851 autem
2305 2791 2596 2869 Judicium

355 2895 628 2973 proferre
674 2913 792 2954 non
838 2893 1045 2954 audeo·

525 2994 644 3055 Sed
698 2995 975 3071 quoniam
1036 2994 1292 3054 vidimus
1339 2993 1641 3054 veteribus
1688 2995 2018 3053 Atticorum
2067 2992 2391 3053 comoediis
2438 2991 2598 3052 haud

528 3127 596 3182 ⁸⁵)
629 3120 701 3178 cf.
736 3121 904 3176 Tusc.
948 3127 989 3190 l,
1023 3126 1109 3176 15:

697 3208 883 3262 Emori
917 3208 1074 3269 nolo,
1122 3208 1224 3262 sed
1259 3223 1343 3263 me
1380 3222 1506 3262 esse
1543 3213 1816 3261 mortuum
1855 3205 1991 3260 nihil
2028 3205 2260 3261 aestimo

356 3296 561 3367 quibus
609 3293 795 3349 verbis
829 3291 1112 3362 expressit
1160 3308 1380 3347 versum
1417 3292 1538 3347 sine
1575 3291 1750 3347 dubio
1787 3296 2113 3362 corruptum
2150 3291 2333 3360 apud,
2389 3291 2599 3345 Lorenz

357 3382 412 3435 in
453 3380 595 3434 libro
629 3377 726 3447 qui
761 3376 1088 3431 inscribitur
1126 3378 1346 3439 „Leben
1387 3377 1502 3430 und
1539 3375 1815 3430 Schriften
1854 3376 1955 3430 des
1995 3376 2173 3432 Koers
2200 3375 2596 3446 Epicharmns⁶⁶

357 3467 546 3534 fragm.
587 3464 632 3518 B
666 3455 899 3531 (ἄδηλα)
941 3467 1001 3516 10
1038 3462 1119 3517 sic
1151 3469 1492 3518 exstantem:

858 3541 1184 3603 ἀποθανεῖν
1216 3541 1250 3618 ἢ
1287 3543 1564 3603 τεθνάναι
1602 3539 1672 3602 οὗ
1693 3544 1795 3614 μοὶ
1830 3543 2095 3620 διαφέρει
2125 3565 2137 3577 ·

359 3636 526 3691 Τιιεο.
571 3640 613 3704 1,
647 3639 738 3689 46:
774 3633 1016 3688 animum
1054 3640 1111 3688 et
1148 3634 1338 3688 videre
1374 3639 1432 3689 et
1467 3634 1661 3688 audire
1697 3630 1768 3687 cf.
1802 3633 1849 3687 B
1887 3639 1947 3688 2:

1042 3717 1196 3785 Νόος
1230 3711 1340 3790 ὁρῇ
1373 3716 1474 3774 καὶ
1508 3717 1645 3784 νόος
1679 3709 1918 3774 α’κούει·

359 3807 431 3862 ad
466 3805 592 3862 Att.
638 3811 678 3870 ι,
721 3810 797 3872 19,
835 3808 866 3859 s
901 3828 971 3852 =
1006 3805 1051 3859 Β
1093 3810 1179 3859 17:

585 3893 755 3961 Νᾶφε
791 3888 890 3945 καὶ
923 3884 1172 3958 μέμνασ’
1207 3883 1486 3956 α’πιστεῖν,
1523 3884 1721 3961 ἄρθρα
1755 3893 1937 3945 ταῦτα
1973 3894 2078 3945 τᾶν
2117 3895 2352 3961 φρενῶν
2384 3909 2398 3922 ·

359 3980 432 4035 ad
467 3979 530 4045 Q.
566 3977 633 4032 fr.
671 3983 718 4046 3,
762 3982 803 4043 ι,
841 3982 905 4031 23
942 4001 1010 4024 =
1045 3977 1091 4031 B
1134 3982 1218 4031 18:
1836 4019 1845 4032 .

1038 4063 1256 4128 Γνῶθι,
1288 4067 1412 4126 πῶς
1450 4055 1606 4136 ἄλλῳ
1642 4055 1934 4132 κέχρηται.

533 4154 603 4217 ⁸⁰)
639 4151 722 4203 Ex
758 4147 864 4203 hoc
901 4149 1141 4203 carmine
1179 4148 1374 4202 Cicero
1410 4147 1518 4203 Ac.
1557 4163 1639 4217 pr.
1678 4152 1725 4215 2,
1763 4152 1820 4201 51
1863 4146 2011 4203 hunc
2046 4148 2297 4203 servavit
2331 4163 2583 4204 versum:

735 4236 870 4290 Nam
908 4233 1141 4289 videbar
1176 4233 1447 4288 somniare
1482 4232 1611 4287 med
1645 4248 1751 4300 ego
1786 4248 1913 4286 esse
1950 4237 2241 4286 mortuum.

2138 4340 2194 4389 le
