3166 4871
594 266 674 328 70

763 430 1305 519 ἑλκησισταχύων
1350 438 1463 501 καὶ
1508 429 2006 524 άκανθοφαγον
2050 437 2216 506 πάλι
2261 446 2455 527 θῆκε,

762 543 1205 618 νοσφισθεῖσα
1249 539 1407 624 γε’ρα
1451 540 1810 627 προτέρων
1852 539 2044 627 τιμάς
2088 568 2157 609 τε
2204 545 2512 623 παλαὶας.

762 640 876 703 καί
921 630 979 705 σ’
1026 631 1502 727 ἀλληλοφάγον
1546 639 1745 728 θήσει
1789 636 1958 728 τάχα
2001 647 2114 710 καὶ
2161 649 2619 734 τεκνοδαίτην,

763 741 820 805 εἰ
861 738 949 826 μὴ
995 739 1370 829 πανδήμοις
1415 749 1673 826 λοιβαῖς
1714 743 1925 830 χόλον
1970 744 2322 815 ἱλάσσεσθε

603 849 677 907 10
768 840 1091 930 σήραγγός
1134 870 1205 911 τε
1251 844 1466 932 μυχὸν
1509 850 1726 928 θείαις
1771 847 2137 946 κοσμήσετε
2185 866 2420 936 τιμαῖς.

1652 1040 1786 1104 120.

638 1159 699 1233 a)
769 1154 1129 1240 θειαγένην
1175 1147 1237 1220 δ’
1284 1149 1580 1243 ἅμνητον
1624 1148 1926 1244 ἀφήκατε
1971 1150 2096 1225 τὸν
2137 1161 2346 1244 μέγαν
2389 1154 2629 1245 ὑμέων.

642 1329 703 1403 b)
770 1324 883 1402 Εἰς
925 1320 1197 1412 πάτρην
1241 1322 1539 1411 φυγάδας
1585 1324 1900 1413 κατάγων
1944 1324 2232 1416 Δήμητρ’
2277 1324 2656 1419 άπαμήσεις.

644 1499 701 1573 c)
766 1485 868 1562 Ἑν
909 1499 1066 1580 τιμῇ
1106 1493 1229 1562 τὸν
1277 1493 1517 1583 ἄτιμον
1562 1496 1734 1584 ἔχων
1777 1497 1930 1566 τότε
1977 1505 2101 1588 γῆν
2148 1494 2531 1589 άναρώσεις.

1658 1691 1794 1756 121.

782 1806 978 1871 Τι’πτε
1025 1806 1194 1884 νέως
1238 1808 1503 1873 κτίσσαι
1546 1805 1913 1875 πολύπουν
1938 1813 2328 1901 ,μειεαὶνετε
2371 1815 2601 1897 χῶρον

773 1911 1009 1992 κοῦροι
1060 1899 1455 1995 Αθηναίων,
1496 1908 1799 1996 χαλεπὸν
1845 1915 1914 1978 δὲ
1963 1917 2153 1979 θεῶν
2198 1908 2370 2033 &req
2401 1911 2622 2001 ὔμμιν.

774 2002 856 2077 οὐ
897 2008 1020 2097 γὰρ
1070 2009 1416 2095 θέσφατόν
1460 2013 1602 2080 ἐστι
1648 2017 1810 2100 πρὶν
1854 2040 1938 2080 αν
1983 2009 2284 2104 κομίσητ
2331 2010 2466 2084 άπὸ
2523 2020 2753 2105 Τροίης

763 2111 1006 2200 Ῥησου
1050 2107 1451 2201 ἀνευρόντες
1494 2114 1803 2206 καλάμην
1846 2122 2094 2205 πατρίς]
2141 2121 2215 2187 δέ
2254 2113 2316 2185 τ’
2362 2113 2615 2207 ἀρούρῃ

775 2210 1064 2305 xpi-uns?
1110 2211 1426 2304 εὐαγέως·
1473 2216 1628 2287 τότε
1675 2214 1736 2288 δ’
1783 2217 1870 2288 ἂν
1913 2215 2068 2308 τόγε
2114 2223 2319 2300 κῦδος
2364 2218 2662 2308 ἄροισθε.

606 2392 712 2456 καὶ
775 2387 1191 2458 ἱκετεύσασιν
1243 2384 1474 2469 αὐτοῖς
1522 2396 1651 2482 χρᾷ
1709 2389 1864 2458 τάδε
1926 2388 1965 2481 ἡ
2017 2396 2278 2462 Πυθία·
2343 2385 2644 2481 Άρκάδες
2702 2400 2846 2461 κτλ.

608 2489 696 2572 ὡς
742 2495 813 2560 δὲ
858 2494 923 2560 οἱ
975 2501 1282 2581 Φιγαλεῖς
1328 2547 1341 2560 .
1378 2548 1390 2561 .
1439 2491 1741 2584 ἤκουσαν
1786 2549 1798 2562 .
1837 2550 1849 2561 .
1886 2551 1897 2562 .
1933 2550 1945 2561 .
1995 2490 2267 2565 Ὀνάταν
2316 2552 2327 2564 .
2365 2553 2375 2563 .
2422 2500 2740 2592 πείθουσι
2781 2551 2794 2564 .
2832 2551 2845 2564 .

609 2599 885 2683 ποιῆσαί
932 2617 1162 2680 σφισιν
1207 2594 1466 2684 ἄγαλμα
1511 2595 1868 2687 Δήμητρος.

782 2707 849 2768 5:
911 2703 983 2767 σὲ
1030 2700 1275 2768 ἔπαυσε
1333 2709 1506 2770 codd.
1561 2704 1638 2768 σε’
1680 2694 1739 2788 γ’
1782 2710 2000 2771 Schub.
2045 2696 2104 2771 σ’
2148 2696 2492 2772 ἀπέπαυσε
2539 2714 2854 2791 Kayserus

615 2810 789 2884 [mue.
834 2812 1002 2873 rhen.
1032 2812 1086 2870 V
1118 2808 1290 2884 3631.
1322 2806 1343 2890 ΙΙ
1421 2797 1573 2892 Δηώ
1619 2807 1688 2871 δὲ
1734 2803 2006 2893 νομήων
2063 2815 2235 2874 codd.
2296 2816 2636 2876 emendavit
2689 2817 2853 2892 Kay-

612 2934 801 2977 seruS.
828 2907 855 2991 ΙΙ
931 2913 1001 2973 6:
1045 2898 1520 2994 άναστοφάγον
1566 2917 1740 2976 codd.
1784 2902 2275 2995 άκανθοφάγον
2319 2920 2645 2996 KayseruS.
2679 2912 2701 2994 ΙΙ

783 3037 839 3078 v.
872 3016 931 3075 1:
962 3011 1036 3077 ἐν
1066 3003 1367 3097 Ἀρκαδίῃ
1398 3008 1867 3099 βαλανηφάγοι
1899 3006 2134 3098 ἄνδρες
2157 3039 2315 3080 orac.
2338 3041 2431 3099 ap.
2456 3019 2769 3082 Her.166.
2803 3014 2824 3096 ΙΙ

614 3120 684 3181 2:
730 3110 1100 3199 ἱππολεχής
1143 3126 1203 3182 et
1246 3112 1656 3202 κρυπτήριος
1703 3109 1815 3180 ἅπ.
1865 3115 1979 3201 εἰρ.
2030 3122 2298 3200 [praeter
2349 3123 2562 3183 enolae.
2620 3123 2856 3202 scriptl.

616 3223 683 3285 3·
732 3211 1064 3303 άλγινοέις
1106 3228 1244 3286 Hes.
1290 3226 1373 3285 th.
1404 3223 1545 3285 214.
1576 3223 1719 3285 226.
1753 3220 1774 3302 ΙΙ
1852 3215 2047 3285 λύσιν
2091 3224 2287 3303 λιμοῦ
2330 3228 2472 3287 Hae.
2504 3246 2598 3305 op.
2632 3224 2771 3286 404.
2803 3220 2826 3302 ΙΙ

792 3327 909 3385 12⁴)
942 3327 1001 3402 a)
1049 3331 1224 3388 ΡΜ
1253 3330 1335 3388 VI
1362 3325 1441 3384 11
1484 3326 1538 3388 7.
1632 3322 1966 3408 Θεαγένην
2012 3329 2183 3389 codd.
2216 3323 2239 3407 fl

788 3431 849 3504 b)
895 3432 1035 3491 Eue.
1082 3450 1172 3509 pr.
1217 3449 1307 3491 ev.
1346 3434 1398 3490 V
1439 3428 1536 3492 34.
1634 3416 1922 3511 Δήμητρ’
1976 3417 2343 3550 απαμήσεις
2401 3431 2737 3494 Meinekius
2794 3432 2855 3489 in

622 3534 913 3595 FleckeiS.
961 3553 1099 3594 ann.
1132 3529 1212 3592 89
1259 3554 1316 3612 p.
1348 3531 1448 3593 60.
1494 3534 1769 3595 Dindorf.
1802 3529 1824 3612 ΙΙ

790 3638 863 3697 of.
912 3636 1137 3697 Wolffii
1182 3637 1475 3713 Porphyr.
1521 3658 1578 3716 p.
1613 3635 1711 3698 84.

792 3739 849 3812 ο)
895 3741 1035 3801 Eus.
1074 3760 1160 3816 pr.
1192 3759 1281 3799 ev.
1316 3743 1361 3800 V
1397 3738 1493 3799 34.
1537 3736 1666 3819 γῆν
1710 3725 2073 3818 αναρώσεις
2105 3742 2283 3801 Dind.
2326 3738 2449 3818 γᾶν
2496 3726 2863 3817 άναριόσεις

624 3844 974 3907 Meinekius.
1031 3850 1229 3924 γαῖαν
1291 3828 1568 3924 άρώσεις
1614 3845 1926 3923 Gaisford,
1987 3864 2164 3923 quem
2226 3845 2300 3904 de
2346 3844 2517 3906 codd.
2563 3845 2865 3921 scriptura

623 3949 920 4010 conferas·
951 3943 974 4024 ΙΙ

799 4049 942 4125 121)
988 4052 1270 4129 Polyaen.
1304 4053 1381 4110 VI
1414 4049 1522 4111 53:
1586 4037 1832 4130 Ἄγνων
1889 4037 2190 4130 Ἀττικήν
2251 4035 2570 4110 ἀποικίαν
2620 4036 2867 4129 ἢγαγεν

625 4150 867 4216 οἰκίσαι
924 4143 1335 4231 βουλόμενος
1397 4140 1518 4225 τὰς
1575 4149 1991 4232 καλουμένας
2051 4141 2270 4215 Ἐννέα
2336 4141 2539 4223 ὁδοὺς
2597 4145 2722 4236 ἐπὶη
2766 4146 2864 4229 τῷ

628 4251 970 4340 Στρυμόνι
990 4273 1003 4286 ·
1052 4245 1137 4336 ἦν
1179 4244 1304 4336 γὰρ
1336 4253 1447 4318 καὶ
1481 4248 1714 4336 λόγιον
1741 4244 2118 4338 ,Ἀθηναίοις
2143 4246 2443 4316 τοιόνδε·
2499 4248 2694 4314 Τίπτε
2728 4252 2868 4314 κτλ.
