3166 4871
493 259 612 321 156

488 434 852 509 cognomina
912 433 1248 509 imponere,
1317 430 1602 507 exemplis
1671 430 2003 490 confirmari
2068 433 2280 505 potest..
2400 430 2736 506 Hesychius

486 553 619 595 s.v.
684 519 1194 613 ,,Δημὴτριος
1262 520 1298 591 ὁ
1358 526 1710 602 ΙΙέλεκυς
1734 531 1786 603 “‚
1858 527 2305 611 τραγῳὸ(ι)ῶν
2374 514 2737 611 ὗποκριτής

486 631 610 696 καὶ
654 628 817 707 ἴσως
865 624 1201 715 τῖπεκρίθη
1243 625 1370 694 τὸν
1388 620 1868 713 Ἀγαμέμνονος
1897 623 2227 706 θάνατον,
2270 628 2539 693 πελέόεει
2568 618 2741 693 κατὰ

486 727 790 810 πολλοὺς
819 727 1185 817 γενόμενον
1234 724 1341 810 (πὸ
1373 733 1491 795 Π.“
1527 736 1603 796 ab
1635 736 1881 797 Heinsio
1913 754 1945 795 e
1979 731 2319 808 ,,.πελέκει“
2369 735 2733 814 suppletum)

487 840 783 918 significat
840 839 1129 918 tragicum
1192 845 1452 899 actorem
1516 840 1688 899 nobis
1740 839 2044 917 ignotum,
2100 840 2195 900 cui
2252 839 2415 916 quod
2462 838 2733 917 Aegisthi

486 944 583 1004 vel
647 943 1159 1021 Clytaemnestrae
1215 943 1723 1019 Agamemnonem
1800 942 1995 1002 securi
2067 942 2459 1018 percutientis
2532 944 2732 1019 partes

487 1046 635 1106 scite
681 1046 1060 1116 sustinuerat,
1106 1063 1436 1122 cognomen
1491 1039 1863 1119 meum&
1914 1043 2162 1104 inditum
2211 1047 2316 1104 est.

660 1147 821 1208 Idem
867 1166 913 1208 s.
956 1167 1012 1209 v.
1089 1137 1559 1221 „Ammovdg
1623 1134 1660 1207 ὃ
1718 1131 2225 1227 Παλαμήδης·
2288 1138 2363 1205 ἐκ
2424 1143 2543 1225 τῆς
2592 1141 2733 1204 τῶν

492 1241 780 1329 ἱματίων
826 1238 1284 1329 ἐπιρῤάψεως“
1346 1250 1691 1309 histrionem
1751 1248 2003 1310 fortasse
2066 1249 2370 1326 intelligit,
2433 1250 2533 1326 qui
2588 1249 2734 1308 scite

488 1357 592 1413 aut
650 1353 859 1412 inscite
917 1352 1260 1412 Palamedis
1320 1357 1523 1429 part-es
1580 1355 1793 1429 egerat
1862 1340 2073 1411 λώπει
2156 1351 2418 1411 indutus.
2563 1350 2732 1410 Adde

488 1454 652 1533 quod
676 1448 1145 1515 Demosthenes:
1191 1453 1265 1514 de
1292 1472 1410 1514 cor.
1442 1458 1590 1532 307,
1619 1472 1975 1531 quamquam
2010 1453 2089 1514 ibi
2123 1473 2239 1514 non
2275 1454 2349 1513 de
2379 1453 2733 1531 cognomine

490 1561 782 1634 perpetuo
828 1556 1042 1633 agitur,
1087 1556 1464 1631 Aeschinem,
1508 1557 1652 1634 quia
1682 1555 1997 1632 Sophoclis
2026 1553 2392 1616 Oenomaum
2433 1554 2729 1633 quondam

489 1659 614 1719 ruri
661 1659 812 1719 male
852 1664 1133 1736 gesserat,
1186 1645 1603 1738 „a'povoalov
1652 1647 2027 1736 Οἰνόμαον“
2077 1658 2359 1736 appellat„
2402 1689 2486 1698 —

659 1762 778 1820 Iam
825 1760 1155 1839 videamus,
1199 1759 1343 1837 quid
1391 1759 1466 1819 de
1512 1762 1580 1821 iis
1625 1760 1957 1831 actoribus,
2005 1779 2158 1838 quos
2204 1761 2624 1838 Aristophanis
2669 1761 2728 1819 in

487 1865 722 1942 vespis,
791 1882 886 1922 vv.
934 1867 1057 1925 566
1111 1869 1170 1921 et
1215 1867 1336 1925 579
1400 1860 1516 1934 (ed.
1573 1861 1841 1934 Richter)
1915 1862 2237 1938 significari
2312 1866 2373 1923 et
2444 1862 2729 1940 Aeschyli

490 1967 672 2026 fuisse
734 1966 1054 2026 histriones
1114 1982 1230 2025 non
1294 1965 1404 2025 nisi
1464 1983 1497 2024 e
1543 1965 1904 2025 scholiorum
1965 1966 2057 2024 his
2102 1965 2245 2025 locis
2291 1964 2729 2042 adscriptorum

489 2068 823 2128 testimonio
870 2071 1123 2144 constat,
1156 2066 1550 2146 ⁸iudicandum
1599 2068 1692 2127 sit.
1781 2068 1990 2128 Priore
2038 2067 2173 2128 loco
2219 2067 2585 2145 Philoclem,
2630 2069 2728 2144 qui

488 2171 850 2248 colloquitur
894 2188 1025 2230 cum
1062 2168 1485 2247 Bdelycleonc,
1531 2170 1678 2230 haec
1724 2169 1869 2229 dicit
1914 2170 2134 2231 verba:
2181 2161 2272 2238 „oi
2321 2162 2391 2228 δὲ
2422 2163 2730 2248 λέγουσιν

483 2262 746 2351 μύθους
789 2255 952 2351 ἡμῖν
997 2263 1062 2330 οἱ
1109 2255 1501 2331 ὸἈίοώπου
1547 2288 1610 2329 τι
1659 2266 1959 2350 γε’λοιον“
2023 2273 2126 2344 (sc.
2187 2273 2243 2331 in
2302 2271 2478 2332 rebus
2514 2272 2729 2350 judici·

484 2374 677 2435 alibus
729 2376 788 2433 in
855 2374 986 2435 foro
1041 2373 1417 2448 tractandis),
1476 2373 1551 2434 ad
1613 2392 1769 2453 quae
1814 2374 2135 2434 scholiasta
2179 2372 2522 2435 adnotavit:
2587 2366 2732 2445 »Αἲ-

486 2490 716 2549 σωπος
773 2470 1039 2555 ἐγένετο
1101 2470 1475 2556 τραγῳδίας
1528 2462 1896 2556 ὑποκριτὴς
1951 2466 2337 2558 γελοιώδης,
2390 2466 2730 2554 Αἰσχύλου

487 2564 632 2661 δ’ἦν
705 2562 1133 2657 ἑποκριτής.“
1254 2577 1610 2658 Quaeritur,
1682 2584 1877 2639 utrum
1943 2579 2298 2639 scholiastae
2362 2580 2416 2639 h.
2457 2580 2492 2639 1.
2551 2578 2727 2640 fidem

487 2681 712 2742 habere
778 2682 1106 2760 possimus,
1180 2700 1255 2741 an
1325 2680 1627 2758 Aesopum
1699 2679 2036 2741 fabularum
2104 2672 2337 2757 poetam
2407 2681 2730 2759 significari

489 2789 792 2863 putemus.
897 2782 1230 2844 Meinekius
1289 2783 1674 2844 scholiastam
1732 2784 1996 2861 ineptum
2044 2783 2340 2844 rettulisse
2384 2783 2530 2844 dicit
2573 2784 2733 2855 (add.

492 2887 647 2947 critt.
691 2887 767 2946 ad
817 2906 876 2947 v.
919 2885 997 2959 1.).
1095 2887 1451 2964 Priusquam
1513 2885 1808 2946 Dindorfii
1863 2892 1923 2946 et
1973 2887 2236 2947 Richteri
2295 2886 2368 2947 de
2412 2887 2468 2947 h.
2515 2888 2546 2945 l.
2602 2905 2731 2947 sen·

487 2990 710 3051 tentiae
750 2990 1149 3068 explicentur,
1195 2988 1462 3068 ejusdem
1493 2988 1736 3049 fabulae
1767 3008 2002 3051 versum
2037 2993 2160 3052 579
2192 2989 2406 3050 intueri
2446 2989 2732 3067 cogimur,

489 3092 587 3153 ubi
646 3097 844 3154 exstat
898 3092 1129 3168 Oeaqri
1186 3092 1492 3153 histrionis
1552 3092 1765 3168 tragici
1826 3111 2040 3153 nomen
2088 3092 2147 3152 in
2194 3092 2286 3151 his
2332 3091 2732 3152 Philocleonis

485 3195 716 3255 verbis:

573 3284 736 3368 ωκᾶν
771 3290 1057 3376 Οἴαγρος
1086 3290 1354 3374 εῖσέλθῃ
1383 3281 1680 3376 φεύγων,
1710 3281 1840 3355 οὐκ
1871 3282 2238 3375 ἀποφεύγει
2267 3291 2433 3374 πρὶν
2461 3283 2545 3354 ἂν
2573 3284 2732 3376 ἡμῖν

572 3392 647 3459 ἐκ
690 3394 806 3479 τῆς
851 3388 1102 3480 Νιόβης
1149 3392 1301 3477 εἴπῃ
1348 3391 1541 3479 ῥῆσιν
1585 3389 1714 3477 τὴν
1758 3394 2131 3480 καλλίστην
2174 3382 2560 3474 ἇπολέξας.“

484 3502 561 3560 ad
608 3519 762 3579 quae
807 3502 1011 3562 schol:
1073 3487 1178 3561 ὅτι
1225 3491 1549 3581 τραγικὸς
1596 3490 1965 3581 ὑποκριτὴς
2019 3489 2078 3569 (ὃ
2131 3495 2431 3582 Οἴαγρος,
2475 3495 2731 3582 εἴρηται

487 3593 866 3682 πρότερον).
926 3586 1019 3675 ὡς
1049 3594 1428 3682 θαυμάζων
1475 3597 1545 3663 δὲ
1589 3587 1803 3663 αὖτόν
1849 3589 2247 3683 φησιν(ὅτι)·
2303 3590 2430 3664 κᾶν
2479 3597 2731 3674 ἐκεῖνος

488 3694 525 3763 ὁ
554 3699 755 3785 μέγας
789 3699 1264 3783 ‚camoenae-927.
1327 3690 1427 3766 Ἐκ
1472 3703 1588 3787 τῆς
1618 3696 1868 3787 Νιὸβης
1915 3701 2024 3766 δέ·
2071 3701 2184 3765 καὶ
2231 3693 2354 3786 γὰρ
2398 3691 2730 3788 &staplen

485 3797 612 3887 τὴν
643 3792 900 3887 Νιόβην
935 3796 975 3887 ἢ
1019 3802 1462 3884 Σοφοκλέους
1503 3796 1541 3889 ἢ
1583 3794 1981 3889 Αἰσχῦλου“.
2072 3810 2364 3884 Quoniam
2408 3810 2731 3870 scholiasta

487 3911 687 3972 verbis
739 3903 1024 3991 „dorstat
1053 3901 1434 3990 πρότερον*
1483 3911 1558 3971 ad
1607 3913 1775 3988 prius
1821 3911 2115 3990 quoddam
2164 3911 2435 3971 scholion
2467 3912 2729 3991 respicit,

490 4018 550 4074 et
595 4013 935 4073 Dindoriius
980 4017 1039 4073 et
1085 4014 1418 4085 Richter-us,
1485 4033 1663 4091 quum
1712 4020 1852 4074 ante
1900 4015 2058 4073 hunc
2102 4031 2337 4074 versum
2387 4015 2445 4075 in
2491 3996 2730 4075 scholiis

489 4115 565 4176 de
624 4114 863 4194 Oeagro
928 4116 1072 4176 nihil
1141 4117 1398 4193 legatur,
1468 4120 1677 4176 merito
1746 4120 2018 4178 statuunt
2083 4116 2456 4177 scholiastam
2524 4117 2599 4177 ad
2667 4117 2726 4176 id

496 4219 764 4279 scholion
812 4220 1126 4298 respicere,
1170 4237 1288 4295 quo
1331 4219 1403 4279 dc
1436 4220 1723 4280 histrione
1756 4221 1942 4280 verba
1971 4219 2139 4297 fiunt,
2182 4219 2259 4279 ad
2289 4218 2471 4279 schol.
2500 4238 2557 4279 v.
2587 4223 2731 4281 566.
