3166 4871
535 282 658 345 258
1528 277 1794 332 zacher

534 448 605 502 de
649 447 905 501 omnibus
950 445 1063 500 illis
1101 446 1387 500 vocabulis
1434 445 1768 500 sententiam
1820 447 1960 501 satis
1997 446 2222 516 copiose
2257 448 2317 500 in
2350 446 2477 515 ipso
2512 447 2655 501 libro
2691 463 2783 501 ex-

575 516 902 570 osuerimus.
974 513 1154 568 Unum
1203 519 1417 568 tantum
1466 515 1673 568 addere
1721 515 1861 569 libet
1907 516 2036 581 hoc,
2088 517 2240 584 quod
2286 516 2600 570 constantia
2632 522 2785 570 caret

584 583 719 637 ’ckii
755 583 852 636 illa
887 582 1205 637 disserendi
1241 584 1398 637 ratio,
1472 583 1608 635 Nam
1644 584 1902 654 quoniam
1938 584 2222 638 innumera
2257 584 2529 637 vocabula
2571 584 2629 637 in
2655 601 2782 648 αιος

535 651 727 706 suffixi
765 670 818 705 ιο
857 653 945 705 vel
984 669 1042 704 ια
1076 667 1111 703 o
1154 666 1185 704 e
1220 666 1288 704 ex
1326 650 1596 720 stirpibus
1632 651 2006 705 nominalibus
2045 652 2214 704 ducta
2261 667 2390 706 esse
2433 658 2678 718 constat,
2721 651 2782 705 id

538 721 689 788 quod
725 735 797 774 ne
834 720 959 788 ipse
994 718 1090 804 qui
1134 735 1218 772 em
1252 725 1440 806 negat.
1476 725 1540 772 ut
1564 726 1754 788 γραῖα,
1790 717 2043 784 νεολαία,
2079 717 2344 788 προναία,
2380 717 2606 788 κεραία,
2641 737 2779 774 κνε-

533 796 722 856 φαῖος,
758 806 963 857 -γαιος,
989 790 1276 856 αγελαῖος,
1302 793 1556 850 ακταῖος,
1585 782 1884 854 ἃμαξαῖος,
1915 781 2173 857 ἅκραῖος,
2199 786 2465 852 δείλαιος,
2489 779 2781 874 ἦσυχαῒος,

533 875 571 909 κ
612 864 781 919 παῖος
806 863 911 910 etc.
936 863 1058 920 etc„
1093 871 1228 909 sane
1263 871 1378 909 non
1400 855 1755 924 intelligitur,
1792 856 1887 938 (1ἳοί
1915 871 2091 923 pauca
2115 857 2404 924 quaedam,
2441 863 2505 909 ut
2530 873 2780 924 γυναιος,

533 928 565 978 δ
587 943 767 988 καιος,
814 927 1066 990 δομαῖος,
1113 926 1404 992 δρομαῖος,
1444 916 1738 993 ἐρημαῖος,
1777 930 2018 988 ευναῖος,
2057 926 2316 992 θυραῖος,
2354 932 2675 994 κορυφαῖος
2710 924 2782 978 al.

534 999 764 1061 propter
798 993 1005 1045 nullam
1043 991 1203 1045 aliam
1240 1007 1463 1046 causam
1487 991 1680 1045 eadem
1708 992 1924 1046 ratione
1949 993 2182 1045 formata
2204 1007 2330 1046 esse
2356 1007 2560 1059 negare
2587 992 2783 1060 possit,

535 1076 698 1130 quam
736 1060 888 1129 quod
925 1065 1147 1114 exstant
1182 1059 1345 1113 etiam
1382 1059 1553 1113 verba
1587 1059 1658 1113 ab
1695 1059 1895 1114 iisdem
1943 1060 2212 1128 stirpibus
2259 1060 2510 1114 derivata
2544 1078 2780 1129 -γυνεω,

534 1132 747 1192 «suesco,
785 1131 1016 1195 -δομεω,
1055 1129 1323 1196 -δρομεω,
1364 1121 1595 1196 ἐρημέω
1628 1128 1804 1196 (quod
1840 1128 1910 1181 ab
1948 1128 2071 1197 ipso
2108 1127 2299 1181 fictum
2339 1144 2465 1182 esse
2492 1129 2612 1213 jam
2649 1128 2783 1196 dixi,

534 1197 767 1250 Graecis
805 1212 914 1249 non
953 1195 1218 1249 usitatum
1256 1203 1375 1249 erat
1409 1196 1515 1249 nisi
1557 1190 1792 1263 ἐρημόω
1828 1199 2075 1262 vastare)
2111 1189 2316 1260 εὕνάω,
2356 1199 2576 1266 θυροω,
2611 1214 2781 1266 κορυ-

535 1261 690 1336 φόω,
740 1281 973 1334 quarum
1022 1264 1261 1317 maxima
1303 1279 1437 1344 pars
1485 1264 1651 1331 plane
1687 1263 1964 1318 diversam
2000 1264 2168 1318 habet
2202 1264 2679 1332 significationem.
2714 1295 2783 1303 —

538 1335 799 1388 Ceterum
838 1331 908 1385 de
946 1331 1186 1399 singulis
1222 1346 1539 1400 quicunque
1566 1332 1807 1385 voluerit
1822 1331 2075 1400 judicare
2101 1339 2385 1400 comparet
2407 1348 2615 1401 quaeso
2638 1347 2782 1400 quae

537 1402 630 1454 ille
668 1401 906 1468 protulit
940 1416 1063 1453 cum
1102 1400 1171 1454 iis
1207 1415 1351 1467 quae
1387 1399 1510 1467 ipse
1549 1399 1669 1452 suis
1707 1399 1846 1454 locis
1884 1400 2015 1453 dixi.
2076 1400 2189 1453 Iam
2216 1415 2395 1468 pauca
2418 1400 2616 1454 addam
2642 1415 2785 1468 quae

534 1470 593 1523 in
632 1468 963 1536 corrigendo
1001 1467 1143 1521 libro
1178 1483 1264 1521 1116
1302 1467 1587 1535 fugerunt,
1624 1469 1784 1522 cuius
1822 1468 1902 1521 rei
1937 1467 2156 1522 veniam
2193 1475 2324 1537 peto
2359 1484 2392 1522 a
2427 1469 2674 1523 lecturis,

709 1553 763 1605 p.
795 1541 872 1600 13,
894 1541 955 1589 35
995 1530 1227 1604 κέραος]
1255 1537 1406 1604 lege:
1444 1531 1663 1604 κεραός
1699 1566 1764 1574 ——
1801 1552 1852 1604 p.
1881 1539 1961 1602 25,
1983 1540 2040 1589 21
2072 1532 2343 1605 πυρκᾶΐη]
2380 1538 2416 1591 1.
2441 1530 2692 1606 πυρκᾶϊὴ
2719 1567 2786 1575 -

535 1622 593 1726 Ξ.
623 1608 705 1672 26,
732 1610 761 1658 8
798 1597 1015 1673 ἠβαίος]
1054 1605 1089 1658 l.
1125 1596 1326 1724 ἠέαιός
1364 1634 1429 1643 -
1466 1621 1519 1671 p.
1547 1606 1629 1670 27,
1656 1609 1718 1657 23
1756 1600 2030 1673 πυρκαΐα]
2067 1606 2102 1659 l.
2138 1601 2393 1674 πυρκαϊά
2429 1636 2496 1643 -
2530 1623 2586 1726 ρ.
2611 1609 2693 1668 30,
2718 1607 2782 1659 23

592 1688 680 1725 en.
730 1673 773 1727 C
820 1690 860 1725 r.
898 1674 1016 1740 577]
1066 1672 1100 1726 l.
1204 1687 1289 1726 en.
1338 1671 1481 1741 Cyn.
1520 1675 1574 1738 8,
1621 1677 1660 1724 1.
1710 1704 1774 1710 —
1822 1689 1875 1741 p.
1913 1677 1977 1726 35
2025 1679 2137 1726 not.
2185 1673 2280 1726 lin.
2319 1679 2349 1727 3
2385 1673 2492 1740 ad.]
2562 1714 2575 1727 .
2611 1672 2684 1726 ad
2715 1703 2783 1711 -—

582 1783 592 1792 .
630 1745 712 1793 45.
774 1743 837 1794 ’6
883 1741 1162 1794 castaneis
1208 1739 1279 1793 cf.
1316 1739 1503 1805 Hehn,
1553 1739 1847 1808 Uulturpfl.
1894 1757 1947 1808 p.
1985 1745 2136 1794 340s
2180 1781 2217 1808 .,
2264 1740 2359 1810 qui
2407 1742 2513 1795 eti
2559 1756 2619 1795 se
2656 1755 2782 1795 sero

564 1809 766 1862 *raecis
795 1807 935 1862 hanc
960 1823 1158 1862 nucem
1190 1807 1504 1861 innotuisse
1540 1813 1722 1875 putat.
1759 1839 1826 1847 —
1905 1849 1917 1860 .
1945 1814 2075 1876 53‚5
2112 1808 2159 1861 'l‘
2201 1807 2408 1878 eophr.]
2446 1810 2481 1862 l.
2505 1809 2517 1828 ’
2556 1807 2783 1877 heophr.

536 1892 687 1930 caus.
726 1878 803 1945 pl.
853 1907 921 1915 —
1015 1916 1027 1928 .
1065 1882 1155 1932 54.
1190 1880 1273 1929 33.
1327 1884 1415 1930 est
1460 1876 1652 1942 fragm.
1689 1881 1787 1930 399
1896 1877 2036 1942 ind.‚
2091 1877 2255 1931 Mein.
2291 1876 2370 1944 11,
2466 1917 2477 1930 .
2521 1880 2665 1931 1141.
2716 1906 2783 1915 —

579 1984 592 1997 .
616 1950 703 2011 60,
728 1950 803 1998 ¹4.
839 1946 926 1998 Ex
963 1893 1133 1998 fleilii
1169 1943 1551 2011 disputatione
1589 1945 1658 1997 de
1694 1946 1860 2000 inscr.
1898 1943 2125 1998 thessal.
2156 1946 2337 2000 tribus
2372 1949 2394 2012 (
2460 1944 2783 1999 .Boeckhio

576 2028 728 2067 eccm
766 2013 940 2067 lustra
963 2053 976 2066 .
1001 2053 1014 2066 .
1042 2052 1055 2065 .
1122 2021 1308 2066 oracta
1330 2012 1786 2080 congratulantur
1810 2019 2208 2081 praeceptores
2231 2015 2544 2080 Portentes‚
2580 2013 2782 2067 Numb.

542 2085 693 2144 1857)
731 2098 783 2149 p.
810 2087 840 2135 6
867 2081 1040 2147 disco,
1117 2096 1224 2134 unc
1262 2078 1767 2148 patronymicorum
1793 2097 1998 2135 morem
2023 2080 2189 2134 etiam
2216 2082 2391 2136 fuisse
2417 2081 2783 2136 Phocensium

537 2147 636 2214 (CI
668 2153 793 2202 1727
836 2142 1197 2202 Πανταινὲτα
1238 2145 1673 2216 Ξενοκρατεία),
1710 2149 2063 2217 Epirotarum
2102 2149 2298 2214 (Leak.
2325 2166 2377 2202 n.
2408 2153 2501 2204 172
2537 2149 2781 2217 Πετραι-

537 2214 704 2270 ονίκα
758 2215 1055 2286 Δερδαία),
1114 2217 1521 2284 Cyrenaeorum
1575 2216 1672 2283 (CI
1711 2221 1841 2270 5157
1899 2209 2199 2286 Έχεμὴδας
2261 2215 2680 2288 Τιμοκρατείας
2726 2223 2785 2271 et

538 2277 768 2354 Άράτας
814 2282 1227 2356 Δαβρομείας).
1273 2314 1340 2323 -
1388 2302 1441 2353 p.
1481 2288 1570 2350 68,
1620 2289 1678 2337 13
1715 2279 1868 2354 νηῧς]
1906 2285 1941 2337 l.
1979 2291 2114 2353 νηῦς
2161 2316 2228 2325 -
2320 2327 2331 2338 .
2371 2293 2459 2354 bo,
2496 2289 2526 2339 8
2572 2279 2781 2354 φάῘος]

536 2353 570 2406 l.
608 2357 797 2420 ‹pafog
832 2385 900 2391 -
938 2371 991 2421 p.
1031 2357 1096 2406 84
1143 2354 1456 2422 κραταιά
1511 2351 1818 2406 vocabatur
1870 2354 2061 2421 planta
2108 2303 2403 2421 quaedlam,
2457 2370 2598 2422 quae
2645 2354 2783 2407 alias

531 2417 856 2490 χελιδόνιον
890 2422 1093 2488 μεῖζον
1127 2437 1198 2489 ap
1242 2420 1531 2483 ellabatur‚
1577 2420 1762 2476 Diosc.
1787 2420 1942 2476 noth.
1969 2425 2015 2487 2,
2059 2424 2172 2476 211.
2211 2421 2410 2477 Fickio
2447 2423 2601 2477 Curt.
2626 2421 2784 2476 Stud.

536 2488 635 2557 IX,
678 2495 767 2544 173
804 2490 910 2544 hoc
950 2490 1170 2543 videtur
1201 2439 1747 2569 flypocoristicorum
1785 2506 1934 2545 more
1971 2490 2316 2545 decurtatum
2353 2508 2420 2545 ex
2457 2490 2785 2559 composite,

539 2564 597 2613 et
634 2558 856 2612 confert
889 2558 1112 2626 plantae
1147 2573 1349 2611 nomen
1395 2575 1836 2627 κραταιογονος.
1872 2590 1940 2599 -
1976 2575 2030 2627 p.
2070 2562 2149 2625 89,
2191 2564 2245 2611 11
2287 2559 2409 2614 dele
2447 2556 2680 2627 σημαία.
2716 2589 2784 2599 -

537 2643 593 2695 p.
618 2628 730 2680 122.
766 2626 949 2709 Etiam
976 2632 1140 2705 γαῖος
1163 2625 1361 2707 Fickip
1399 2627 1432 2679 l.
1460 2629 1490 2678 Ι.
1530 2642 1581 2694 p.
1617 2629 1702 2678 171
1736 2628 1959 2681 videtur
1983 2642 2050 2681 ex
2076 2628 2383 2709 composito
2408 2627 2783 2708 decurtatum:

520 2735 561 2809 ff·-
594 2688 2785 2847 1111,αεόἐὲἕῖῑεπεεξςῆῗῐῑὲοξὲ1πεῖ1.1ρξῖ.έῖεᾱ.1.ῗῑ.ὲὲ;’ὲὲ;

537 2828 756 2901 βοίδιον
801 2832 900 2886 der
945 2829 1253 2896 ackersticr
1288 2831 1377 2884 bei
1415 2829 1844 2913 Aristophanes.
1881 2861 1948 2869 —
1983 2838 2211 2900 γαῖος·
2260 2823 2466 2951 [narbo
2506 2826 2621 2885 από
2667 2849 2784 2894 ειυς

550 2893 754 2966 ’νεμος
790 2897 1047 2968 Hesych.,
1072 2899 1191 2952 also
1229 2906 1392 2967 γαῖος
1416 2924 1484 2945 =
1508 2892 1859 2967 ἄπο-γειος“.
1896 2930 1963 2938 -
2000 2915 2054 2967 p.
2087 2903 2200 2967 125,
2221 2904 2276 2953 31
2311 2899 2370 2952 W
2427 2900 2481 2968 l.]
2509 2900 2543 2952 l.
2641 2899 2690 2952 zl
2715 2929 2783 2937 —

538 2986 592 3036 p.
619 2971 702 3022 161
739 2966 1010 3037 σπειραία
1066 2966 1296 3020 Fickius
1321 2982 1409 3036 ap.
1433 2968 1710 3021 Bezzenb.
1748 2984 1801 3035 p.
1832 2971 1924 3020 137
1951 2984 2063 3021 non
2088 2968 2279 3036 inepte
2305 2968 2468 3022 affert
2505 2962 2781 3049 σπειράο).

537 3053 719 3159 sega
736 3040 951 3165 ¹325:
966 3135 1034 3143 -
1049 3034 1186 3173 ἳξῗῆ
1199 3034 1973 3170 ?}1.;2.22{¹12233.¹.‘0⁴g{.2..1¹:
1997 3036 2784 3169 13,¹'51¹2⁶⁸.’.t¹¹„1;’33‘2¹n¹5312?2

538 3190 639 3242 pro
679 3168 1003 3239 ἱππόδαμος
1050 3203 1115 3210 -
1162 3187 1219 3239 p.
1262 3174 1370 3225 175.
1423 3173 1481 3224 N
1489 3191 1524 3225 α
1586 3170 1749 3225 καία
1797 3171 2048 3225 Minerva
2093 3173 2403 3226 vocabatur
2449 3172 2639 3239 Elide,
2694 3172 2781 3225 cui
2883 3190 2892 3197 ·

540 3241 807 3322 templum
846 3241 1169 3295 condidisse
1205 3246 1461 3293 narratur
1569 3246 1858 3309 αρκαῖος
1895 3239 2097 3294 Bacchi
2133 3240 2314 3294 filius:
2351 3241 2512 3294 Paus.
2535 3239 2603 3305 V,
2635 3245 2710 3302 16,
2736 3246 2782 3294 7.

538 3309 863 3364 Derivatum
901 3307 1188 3377 putaveris
1225 3323 1257 3360 a
1292 3304 1546 3377 ναρκάω,
1585 3308 1684 3362 sed
1722 3308 1859 3361 nihil
1894 3310 2104 3362 certius
2129 3314 2368 3362 constat.
2404 3338 2471 3347 —
2507 3325 2561 3376 p.
2585 3313 2696 3373 175,
2718 3311 2782 3361 25

540 3377 669 3445 Vgl.
706 3376 836 3445 Vb.]
876 3377 909 3429 1.
954 3376 1076 3444 Vgl.
1114 3375 1347 3456 Wb.‹—
1383 3392 1436 3443 p.
1480 3381 1592 3444 ibo,
1630 3380 1692 3430 23
1729 3376 1892 3442 Xen.]
1931 3377 1964 3429 1.
2001 3376 2138 3430 Χ611.
2175 3374 2362 3430 Anab.
2399 3406 2466 3415 -
2500 3394 2555 3445 p.
2585 3379 2780 3440 181,25

537 3445 657 3511 rad]
695 3445 732 3497 l.
769 3444 881 3499 rad.
921 3476 987 3482 --
1024 3461 1076 3512 p.
1119 3447 1209 3498 183
1250 3446 1445 3506 οδαῖος
1482 3435 1670 3513 ὃδαῖα]
1702 3443 1856 3497 Pass.
1896 3444 1953 3496 in
1988 3445 2095 3498 lex.
2131 3451 2190 3498 et
2223 3443 2459 3499 Fickius
2494 3460 2580 3512 ap.
2619 3444 2784 3498 Bezz.

544 3517 636 3566 135
674 3510 968 3566 conferunt
1003 3506 1175 3576 ὁδάω,
1227 3512 1386 3566 cuius
1422 3513 1697 3567 sententia
1732 3527 1865 3566 sane
1902 3529 2012 3565 non
2048 3511 2231 3566 aliena
2264 3521 2353 3567 est
2387 3512 2457 3566 ab
2496 3504 2679 3566 ὁδαῖα.
2713 3542 2785 3551 -

542 3598 594 3650 p.
627 3584 738 3645 185,
782 3584 835 3632 11
879 3581 1085 3645 fuisus]
1127 3579 1161 3631 l.
1199 3579 1382 3634 fusius
1418 3610 1484 3618 —
1520 3598 1575 3649 p.
1609 3586 1720 3645 156,
1757 3584 1819 3633 25
1858 3580 2079 3634 derivat
2113 3582 2224 3650 ain]
2262 3580 2299 3635 l.
2337 3580 2589 3634 derivata
2621 3581 2680 3634 in
2714 3612 2782 3619 —

536 3666 590 3718 p.
629 3651 745 3713 212,
790 3652 839 3701 11
887 3640 1090 3717 ἀργὰς]
1132 3648 1166 3701 l.
1203 3640 1385 3717 ὀργὰς
1421 3679 1488 3687 -
1526 3665 1578 3716 p.
1607 3652 1695 3701 221
1743 3645 2048 3718 τροπαία
2083 3650 2386 3703 vocabatur
2421 3658 2625 3704 ventus
2649 3649 2783 3702 reci-

536 3732 772 3786 procus,
818 3715 854 3769 i.
885 3732 930 3770 6.
970 3708 1002 3785 ἦ
1053 3711 1395 3787 τρεπομένη.
1468 3717 1606 3780 „Est
1642 3716 1788 3769 enim
1838 3709 2087 3785 α’πογεία
2134 3722 2339 3771 ventus
2387 3717 2483 3785 qui
2533 3734 2604 3772 ex
2639 3724 2785 3772 terra

541 3791 766 3840 exortus
803 3784 863 3837 in
899 3800 1047 3839 mare
1083 3787 1287 3838 fertur:
1327 3785 1421 3853 qui
1461 3784 1507 3838 si
1543 3784 1682 3838 flatu
1719 3800 1992 3838 converso
2028 3801 2096 3839 ex
2133 3786 2267 3838 mari
2294 3787 2350 3839 in
2373 3792 2575 3839 terram
2601 3801 2780 3839 rever·

536 3858 704 3919 tatur,
741 3850 994 3922 τροπαία
1030 3852 1372 3921 appellatur“
1413 3851 1478 3906 H.
1506 3851 1698 3922 Steph.
1724 3851 1958 3920 Saepius
1982 3855 2252 3907 translato
2278 3869 2451 3907 sensu
2485 3854 2634 3923 apud
2672 3855 2784 3907 Ae-

538 3920 809 3991 schylum.
882 3919 965 3973 Cf.
1004 3921 1141 3975 Lob.
1180 3920 1350 3988 paral.
1390 3936 1439 3989 p.
1467 3924 1583 3973 314.
1619 3951 1686 3958 —
1721 3937 1773 3989 p.
1801 3923 1899 3973 230
1937 3924 2222 3990 τροχαῖος]
2261 3920 2490 3976 Fickius
2510 3936 2598 3990 ap.
2619 3922 2782 3975 Bezz.

539 3993 634 4042 139
671 3988 887 4042 confert
921 3984 1182 4058 τροχάω;
1216 3988 1415 4042 melius
1450 3988 1804 4043 adhibuisset
1837 3984 2124 4057 τροχάζω,
2162 4006 2328 4057 quum
2363 3985 2592 4059 τροχάω
2629 3989 2782 4057 apud

534 4055 953 4112 Alexandrinos
998 4056 1206 4126 primos
1243 4056 1489 4123 legatur,
1540 4053 1804 4126 τροχάζω
1839 4057 1946 4126 jam
1985 4058 2252 4111 Herodoti
2289 4057 2380 4111 sit.
2416 4087 2484 4095 —-
2519 4074 2571 4124 p.
2599 4059 2696 4110 238
2755 4062 2773 4107 1

536 4118 646 4188 ἕως
688 4125 774 4193 ου]
812 4125 847 4177 l.
875 4117 985 4188 ἕως
1022 4127 1088 4179 οὑ
1128 4157 1191 4164 -
1232 4142 1285 4193 p.
1312 4128 1410 4178 239
1446 4127 1807 4192 παλαμναῖος
1844 4125 1892 4179 si
1917 4125 2111 4180 Fiekio
2146 4124 2306 4179 Stud.
2330 4125 2426 4189 lx,
2457 4128 2551 4179 196
2582 4098 2781 4179 credas

536 4193 745 4248 dictum
784 4200 871 4247 est
906 4210 1005 4260 pro
1042 4188 1402 4263 ἰαρπάλαμος
1439 4193 1590 4261 quod
1627 4192 1869 4263 Hesych.
1906 4193 2149 4261 explicat
2187 4184 2421 4263 ἄκρόχει
2465 4210 2544 4259 ος,
2600 4208 2779 4261 „ganz

535 4262 679 4316 nach
714 4262 978 4335 analogio⁸
1010 4263 1107 4317 der
1144 4262 1529 4315 kurznamen.“
1566 4291 1635 4299 —
1669 4278 1723 4330 p.
1762 4263 1877 4328 256,
1919 4265 1940 4314 1
1983 4260 2148 4329 Arg]
2189 4262 2223 4315 l.
2263 4260 2404 4330 Arg.
2429 4210 2538 4315 qv.
