3166 4871
549 350 669 410 312

546 525 748 584 annal.
799 529 956 586 1861
1007 544 1062 602 p.
1105 530 1228 587 262
1255 545 1423 603 seqq.
1469 558 1551 566 —
1598 534 1808 586 contra
1862 528 1977 587 alio
2034 529 2165 587 loco
2219 531 2312 587 vel
2367 527 2440 586 ad
2490 530 2788 588 notionem

546 626 921 686 minuendam
969 627 1316 705 adhibetur,
1374 630 1456 688 ita
1510 635 1576 689 ut
1637 634 1842 690 nostro
1889 629 2042 690 auch
2092 649 2207 689 nur
2251 629 2628 708 respondeat.
2717 630 2791 690 cf.

547 748 595 790 c.
630 735 706 792 13
754 727 880 807 (16,
912 736 967 791 3.
1014 731 1086 789 cf.
1133 732 1604 792 Kretschmann.
1649 752 1706 811 p.
1743 728 1859 807 17).

635 852 641 858 ·
716 833 849 892 Sive
890 834 950 893 in
998 833 1220 911 duplici
1267 835 1455 894 forma
1501 837 1656 896 inter
1701 855 1764 895 88
1809 835 2214 911 respondente
2259 835 2553 912 significat
2597 838 2680 897 sei
2726 853 2792 897 es

546 936 685 996 dass
713 966 798 975 ——
843 936 929 995 sei
959 954 1023 996 es
1056 935 1215 996 dass.
1305 937 1378 997 cf.
1419 958 1467 998 c.
1500 943 1580 999 68
1628 937 1752 1012 (81,
1788 935 1908 1015 13),
1955 943 2033 1000 79
2079 938 2202 1010 (93,
2247 937 2366 1011 19),
2420 943 2499 1000 82
2546 937 2672 1021 (97,
2710 936 2795 1012 5),

552 1042 669 1099 126
716 1037 884 1111 (173,
937 1035 1018 1114 3),
1068 1044 1189 1101 130
1233 1037 1401 1112 (180,
1451 1038 1530 1111 9),
1582 1045 1697 1101 137
1747 1040 1915 1116 (199,
1954 1038 2032 1113 5).
2122 1041 2224 1101 88(1
2272 1041 2592 1102 Petronius
2636 1041 2792 1101 hanc

549 1141 867 1218 legitimam
930 1142 1336 1222 responsionis
1396 1142 1646 1202 formam
1710 1162 2135 1219 nonnunquam
2193 1144 2373 1221 paulo
2439 1144 2792 1203 insolentius

550 1248 888 1312 commutat.
977 1244 1061 1303 ita
1121 1244 1373 1321 legimus
1441 1264 1489 1304 8.
1536 1250 1572 1306 5
1622 1244 1710 1316 (8,
1761 1242 1847 1317 7);
1892 1246 2308 1304 sive—seu-ve
2350 1252 2410 1304 et
2453 1244 2664 1322 fragm.
2710 1249 2793 1307 50

548 1344 831 1416 (fortasse
891 1344 1122 1422 spurio)
1187 1366 1240 1405 v.
1294 1351 1358 1407 8:
1416 1348 1825 1407 sive-seu-aut.
1956 1348 2057 1406 sed
2129 1348 2241 1407 hae
2315 1346 2608 1407 formulae
2670 1366 2788 1407 non

550 1449 835 1523 leguntur
879 1447 992 1507 nisi
1037 1448 1098 1508 in
1145 1448 1523 1508 carminibus.
1614 1451 1959 1525 Draegerus
2003 1449 2063 1522 (ἓ
2105 1454 2255 1526 345,
2298 1447 2417 1521 31))
2473 1450 2791 1509 nonnullos

547 1551 721 1608 affert
764 1550 957 1620 locos,
1005 1551 1101 1609 ubi
1149 1550 1552 1610 sive-seu-ve
1597 1551 1845 1627 legitur,
1892 1557 2104 1612 contra
2146 1552 2588 1610 sive-seu-aut
2631 1552 2790 1629 apud

549 1651 772 1710 nullum
830 1652 1010 1711 alium
1068 1654 1415 1728 scriptorem
1474 1657 1738 1712 notatum
1795 1654 2016 1713 inveni.
2063 1685 2142 1693 —-
2200 1674 2318 1714 uno
2372 1659 2600 1713 tantum
2657 1655 2789 1713 loco

547 1758 671 1813 sive
713 1754 900 1813 semel
956 1755 1201 1831 ponitur
1260 1757 1415 1815 inter
1462 1755 1612 1816 duas
1656 1756 1921 1816 eiusdem
1969 1775 2263 1832 personae
2309 1756 2790 1833 significationes,

551 1877 583 1915 e
629 1855 848 1932 quibus
893 1859 976 1933 is,
1034 1857 1138 1935 qui
1183 1857 1555 1935 appellatur,
1615 1859 1904 1935 aptiorem
1952 1858 2048 1917 vel
2093 1858 2523 1919 accuratiorem
2569 1859 2788 1935 eligere
2905 1907 2918 1919 .

551 1963 769 2035 potest.
812 1956 915 2031 (cf.
944 1959 1252 2020 Kuehner.
1283 1959 1341 2019 11
1389 1961 1424 2030 ἓ
1456 1965 1598 2037 220,
1629 1965 1746 2021 4n.
1796 1958 1857 2033 7)
1903 1961 1979 2020 cf.
2009 1980 2057 2020 c.
2088 1965 2125 2022 9
2173 1959 2298 2035 (12,
2333 1965 2398 2018 3:
2439 1963 2641 2033 frater
2682 1976 2793 2019 seu

548 2058 779 2133 comes).

736 2163 815 2223 l'e
874 2165 1058 2223 semel
1120 2166 1375 2242 positum
1436 2171 1527 2225 est
1586 2185 1632 2225 8.
1687 2170 1806 2228 116
1854 2165 2035 2242 (148,
2082 2166 2146 2236 4)
2207 2171 2266 2226 81
2324 2170 2440 2226 132
2488 2164 2666 2240 (185,
2714 2168 2795 2232 8).

549 2287 596 2325 8.
634 2270 753 2328 109
800 2264 968 2339 (133,
1012 2264 1074 2338 3)
1120 2284 1185 2326 ve
1229 2270 1289 2326 et
1332 2276 1440 2326 aut
1483 2268 1835 2329 coordinata
1880 2273 2039 2345 sunt,
2085 2287 2422 2345 quanquam
2469 2286 2590 2327 non
2637 2268 2796 2327 inter

550 2387 615 2429 se
660 2368 1027 2446 respondent
1071 2367 1170 2443 (cf.
1216 2370 1503 2446 Draeger.
1547 2369 1583 2443 ξ
1616 2372 1756 2443 345,
1790 2368 1925 2442 38).

718 2573 833 2634 Sed
892 2574 1004 2633 iam
1066 2573 1242 2633 finem
1302 2574 1512 2634 faciam
1572 2576 1986 2653 reliquamque
2032 2577 2514 2636 observationum
2563 2582 2788 2652 partem

550 2676 669 2734 alia
716 2676 917 2735 oblata
963 2677 1276 2736 occasione
1325 2676 1514 2736 edam.
1603 2660 2000 2737 intelleximus
2055 2679 2261 2754 igitur,
2315 2679 2362 2736 si
2406 2677 2550 2754 quid
2598 2677 2785 2747 video,

548 2779 974 2838 Petronianum
1036 2777 1272 2838 dicendi
1336 2796 1507 2838 usum
1571 2798 1645 2839 ne
1707 2780 1763 2839 in
1827 2779 2094 2856 partibus
2155 2780 2506 2855 vulgaribus
2552 2779 2785 2857 quidem

549 2886 669 2941 tam
725 2882 1111 2941 vehementer
1171 2899 1206 2939 a
1265 2883 1560 2942 communi
1621 2900 1841 2957 genere
1891 2882 2175 2957 loquendi
2221 2882 2565 2954 abhorrere,
2613 2901 2788 2959 quam

549 3002 727 3060 saepe
773 2989 834 3043 et
877 2985 1126 3042 maxime
1171 2983 1472 3061 prioribus
1517 2984 1887 3063 temporibus
1927 2984 2040 3043 viri
2087 2984 2248 3044 docti
2281 2985 2588 3061 putabant.
2675 2985 2790 3044 ia'm

549 3084 810 3146 Beckius
856 3093 917 3146 et
960 3086 1029 3145 A.
1074 3104 1111 3144 a
1155 3084 1454 3146 Guericke
1501 3087 1956 3163 diligentissime
2012 3106 2218 3147 omnes
2266 3088 2361 3146 vel
2406 3088 2652 3147 voculas
2695 3088 2795 3148 vel

549 3189 811 3266 plebeias
855 3187 1095 3248 dicendi
1140 3188 1457 3266 formulas,
1509 3189 1726 3267 quibus
1772 3190 1869 3248 alii
1919 3189 2333 3265 offendebant,
2387 3189 2672 3267 exemplis
2718 3208 2792 3249 ex

550 3291 683 3351 aliis
744 3291 1136 3368 scriptoribus
1198 3292 1390 3351 allatis
1452 3291 1972 3352 confirmaverunt.
2077 3311 2187 3351 nec
2243 3292 2427 3351 multo
2482 3291 2651 3351 aliter
2695 3309 2792 3352 res

551 3412 613 3452 se
660 3392 842 3452 habet
885 3394 942 3452 in
992 3394 1301 3470 particulis
1347 3400 1407 3453 et
1452 3393 1989 3453 coniunctionibus.
2079 3393 2235 3453 haud
2283 3395 2366 3453 ita
2410 3412 2591 3470 saepe
2636 3395 2790 3452 enim

552 3494 845 3572 quaedam
907 3513 1051 3555 usus
1111 3515 1336 3572 genera
1389 3496 1623 3572 notavi,
1683 3514 1938 3574 quorum
1999 3497 2274 3572 exempla
2331 3514 2403 3556 ex
2460 3495 2587 3553 aliis
2648 3497 2790 3554 scri-

551 3597 822 3674 ptoribus
869 3599 928 3658 in
979 3598 1162 3669 libris,
1209 3599 1427 3674 quibus
1474 3617 1617 3658 usus
1648 3617 1796 3675 sum,
1834 3600 2015 3657 allata
2045 3617 2162 3659 non
2198 3604 2387 3673 erant,
2429 3617 2501 3657 ac
2533 3599 2793 3675 plerum-

553 3719 671 3777 que
731 3701 969 3777 quidem
1031 3701 1173 3759 talia
1233 3701 1292 3760 iu
1354 3702 1624 3778 partibus
1681 3701 2031 3777 vulgaribus
2090 3701 2386 3776 leguntur.
2476 3699 2536 3759 id
2592 3706 2790 3759 autem

557 3803 810 3862 maxime
857 3821 1098 3879 operam
1144 3802 1301 3879 dedi,
1347 3810 1428 3879 ut,
1472 3822 1626 3880 quae
1659 3804 1979 3863 varietates
2024 3821 2165 3861 casu
2213 3803 2450 3861 evenire
2498 3806 2795 3880 poterant,

554 3904 628 3964 ab
674 3906 745 3964 iis
790 3906 1199 3982 seiungerem,
1263 3922 1413 3980 quas
1472 3906 1722 3965 consilio
1776 3906 2140 3983 appetivisse
2192 3903 2470 3963 videatur
2517 3905 2793 3981 scriptor.

724 4111 848 4169 lam
908 4110 1086 4169 liceat
1140 4109 1280 4168 mihi
1338 4110 1399 4169 in
1454 4111 1743 4189 epimetro
1800 4110 2006 4169 critico
2052 4109 2274 4169 addere
2322 4127 2516 4185 pauca
2560 4110 2796 4169 coniec-

553 4219 747 4283 tanea‚
793 4230 949 4289 quae
997 4214 1055 4271 in
1104 4211 1397 4288 prioribus
1442 4212 2000 4272 dissertatiunculae
2047 4211 2316 4290 partibus
2354 4210 2625 4286 proferre
2671 4231 2790 4271 non

552 4315 737 4391 potui.
