3166 4871
536 304 652 364 154

702 477 1075 552 Myuniscum
1122 493 1240 534 una
1284 492 1416 534 cum
1451 474 1582 533 aliis
1614 474 2055 550 tragoediarum
2092 475 2396 533 actoribus
2428 475 2772 533 clarissimis

529 583 947 638 commemorat
993 578 1149 637 Plut.
1194 578 1270 636 dc
1315 579 1468 654 glor.
1514 578 1731 636 Athen.
1767 581 1823 653 6,
1871 576 2003 636 loco
2050 576 2166 652 illo,
2212 576 2308 635 ubi
2355 577 2606 652 quaerit,
2652 577 2771 635 bel·

529 681 665 740 lone
708 699 784 739 an
820 698 967 757 pace
999 679 1281 739 clariores
1314 679 1537 739 fuerint
1569 678 1985 746 Athenienses,
2034 683 2093 737 ct
2123 697 2243 755 quo
2278 678 2485 738 melius
2516 679 2771 738 virtutes

529 782 979 842 Atheniensium
1014 781 1401 854 illustrentur,
1433 782 1541 858 ipsi
1575 781 1694 839 viri
1724 779 2189 840 introducuntur
2221 785 2393 841 notas
2423 785 2483 841 et
2517 781 2772 857 insignia

529 903 775 961 operum
832 902 1071 944 suorum
1121 885 1468 943 afferentes:
1532 878 1870 961 „rpaycxol
1923 867 2213 955 δἀὗτοῖς
2254 870 2617 961 ὑποκριταὶ
2660 877 2773 941 καὶ

527 976 996 1064 Νικόστρατοι,
1032 980 1143 1043 καὶ
1169 980 1652 1058 Καλλιππίδαι,
1682 980 1797 1044 καὶ
1819 979 2197 1045 Μυννίσκοι
2229 984 2380 1059 (libr.
2392 980 2772 1066 Μηνίσκοι),

414 1147 418 1151 .
527 1082 641 1153 καὶ
691 1073 1032 1165 θεόδωροι
1090 1082 1202 1146 καὶ
1249 1083 1480 1147 Πῶλοι
1543 1082 1950 1159 συνίτωσαν,
2005 1075 2223 1165 ὥςπερ
2276 1078 2594 1167 γυναικὸς
2650 1104 2772 1146 πο-

532 1186 874 1262 λυτελοῦς,
920 1187 1035 1270 τῆς
1064 1184 1439 1269 τραγῳδίας.-
1480 1183 1829 1268 κομμωταὶ
1873 1184 1986 1248 καὶ
2032 1175 2471 1269 διφροφόροι,
2514 1187 2773 1268 μᾶλλον

530 1287 599 1351 δὲ
647 1281 737 1364 ὡς
785 1278 1194 1370 ἀγαλμάτων
1241 1276 1613 1370 α’γκαυσταὶ
1655 1286 1769 1350 καὶ
1810 1286 2149 1370 χρυσωταὶ
2195 1286 2308 1351 καὶ
2350 1289 2583 1368 βαφεῖς
2611 1309 2775 1370 παρ-

529 1391 1144 1466 ακολουθοῦντες.“

700 1498 1052 1558 Aristoteles
1093 1496 1358 1575 denique
1391 1499 1686 1573 Mynnisci
1730 1499 2087 1558 mentionem
2128 1496 2276 1557 facit
2314 1499 2371 1557 in
2404 1503 2561 1574 poet.
2594 1517 2644 1558 c.
2677 1503 2774 1569 26,

529 1605 569 1662 4
624 1601 712 1660 his
768 1599 994 1660 verbis:
1071 1632 1196 1669 „—
1242 1587 1332 1670 ὡς
1388 1594 1540 1658 λίαν
1594 1588 1721 1678 γὰρ
1783 1584 2302 1678 ὑπερβάλλοντα
2370 1595 2675 1681 πίθηκον
2735 1589 2773 1658 ὁ

529 1696 921 1772 Μυννίσκος
983 1691 1110 1762 τὸν
1157 1695 1627 1782 Καλλιππίδην
1681 1692 1925 1775 ἐκάλει,
1983 1691 2265 1783 τοιαύτη
2319 1697 2387 1761 δὲ
2445 1695 2607 1778 δόξα
2661 1697 2775 1760 καὶ

526 1799 675 1882 περὶ
729 1791 1078 1882 Πινδάρου
1123 1784 1266 1885 ἧν“.
1357 1804 1608 1878 Quaerit
1635 1806 2029 1883 philosophus
2059 1806 2133 1864 ad
2166 1805 2341 1865 finem
2375 1806 2530 1884 libri,
2574 1812 2770 1865 utrum

528 1896 888 1987 ἐποποιικὴ
949 1928 1025 1968 an
1083 1898 1361 1987 τραγικὴ
1419 1902 1686 1987 μίμησις
1743 1909 1942 1986 potior
1989 1907 2262 1968 habenda
2305 1908 2412 1985 sit,
2467 1909 2594 1967 sive
2638 1912 2773 1967 utra

528 2011 721 2071 minus
766 2011 1034 2088 molesta,
1079 2012 1389 2088 primoque
1436 2010 1603 2080 dicit
1666 2011 1957 2088 tragicam
2005 2011 2215 2086 poesin
2263 2010 2442 2069 nimia
2486 2009 2770 2070 imitando

529 2119 587 2173 et
645 2113 911 2189 gestibus
972 2113 1169 2172 omnia
1230 2113 1636 2173 declarantem
1703 2114 2102 2173 molestiorem
2151 2130 2283 2172 esse
2328 2112 2549 2182 videri,
2615 2112 2773 2172 unde

527 2216 726 2292 pergit
769 2215 861 2275 his
905 2215 1137 2276 verbis.
1220 2198 1290 2286 ,a‘
1349 2207 1471 2292 μὲν
1527 2195 1654 2274 οὖν
1702 2208 2043 2293 τραγῳδία
2087 2204 2364 2295 τοιαύτη
2419 2207 2629 2286 ἐστὶι,
2684 2201 2773 2284 ὡς

528 2312 636 2376 καὶ
699 2335 762 2376 οι
817 2302 1157 2396 πρότερον
1209 2334 1370 2388 τους
1427 2304 1750 2395 ὑστέρους
1811 2302 2036 2375 αὐτῶν
2097 2306 2324 2396 ᾠόντο
2378 2300 2770 2394 υποκριτάς,

526 2412 616 2492 ὠς
662 2414 815 2480 λίαν
858 2409 983 2499 γὰρ
1028 2431 1087 2479 κ.
1123 2438 1178 2479 τ.
1212 2417 1308 2480 λ.
1359 2420 1394 2481 i.
1426 2439 1476 2481 e.
1521 2422 1753 2499 tragica
1798 2420 1871 2480 ab
1919 2420 2085 2497 cpica
2148 2421 2316 2498 poesi
2377 2420 2585 2482 eadem
2645 2419 2770 2481 fere

527 2524 753 2583 ratione
800 2522 1070 2591 discedit,
1116 2541 1237 2600 qua
1281 2524 1605 2583 histriones
1651 2527 1846 2583 aetate
1877 2525 2239 2600 posteriores
2281 2524 2354 2585 ab
2386 2523 2771 2584 histrionibus

527 2625 847 2702 prioribus.
922 2656 1006 2665 —
1082 2626 1240 2685 Bene
1302 2626 1623 2686 convenire
1685 2626 1978 2703 Mynnisci
2057 2626 2391 2686 convicium
2452 2625 2770 2704 Callippidi

528 2727 768 2804 tragico
816 2728 1034 2805 actori,
1080 2729 1179 2804 qui
1244 2727 1354 2786 sub
1402 2728 1592 2804 quinti
1654 2727 1877 2787 saeculi
1941 2726 2114 2787 finem
2163 2729 2394 2799 floruit,
2456 2728 2614 2789 infra
2671 2748 2772 2806 ap-

533 2829 788 2907 parebit,
834 2829 931 2890 ubi
981 2829 1055 2890 dc
1100 2829 1211 2889 hoc
1258 2834 1462 2889 actore
1506 2829 1931 2906 disputandum
1979 2831 2108 2889 erit.
2198 2829 2330 2890 Vox
2383 2825 2773 2909 „atomos-⁶⁶,

527 2951 683 3009 quae
737 2932 849 2992 hoc
897 2933 1031 2992 loco
1078 2931 1378 3007 expressis
1423 2931 1761 3009 explicatur
1815 2931 2011 2992 verbis
2081 2919 2205 3002 ηὼς
2248 2926 2399 2992 λίαν
2443 2915 2772 3010 &neeffleta-

534 3033 806 3105 λοντα“,
868 3034 1047 3095 alium
1111 3053 1183 3095 ac
1243 3040 1447 3095 nostro
1508 3035 1641 3095 loco
1698 3035 1876 3094 habet
1929 3052 2168 3094 sensum
2214 3036 2273 3095 in
2320 3036 2487 3096 Dem.
2533 3036 2608 3095 de
2652 3054 2775 3096 cor.

527 3143 683 3215 307,
738 3137 838 3199 ubi
887 3137 1216 3197 Aeschines
1278 3137 1644 3215 aliquamdiu
1701 3137 1909 3197 histrio
1964 3155 2000 3195 a
2062 3138 2463 3197 Demosthene
2523 3143 2772 3198 vocatur

531 3229 889 3318 „tpaytxog
933 3235 1262 3319 πίθηκος“
1333 3259 1450 3300 non
1513 3241 1655 3316 quia
1694 3239 1967 3299 *modum
2043 3239 2365 3300 excesserit
2437 3240 2543 3301 sed
2607 3240 2769 3318 quod

522 3341 842 3402 histriones
913 3344 1175 3419 potiores
1229 3343 1443 3401 imitari
1500 3341 1814 3413 studuerit,
1876 3341 2193 3402 infeliciter
2250 3348 2447 3402 autem
2508 3343 2771 3401 imitatus

522 3445 599 3502 sit
660 3442 760 3513 (cf.
815 3445 1103 3521 Harpocr.
1157 3464 1202 3504 s.
1257 3464 1310 3504 v.
1375 3429 1686 3522 τραγικὸς
1751 3439 2079 3523 πίθηκοςε
2141 3475 2221 3485 -
2292 3437 2614 3523 Αἰσχίνου
2670 3461 2770 3522 μι-

522 3539 867 3624 μουμένου
909 3543 1166 3624 μᾶλλον
1208 3536 1598 3624 τραγῳδοὺς
1642 3532 1685 3624 ἢ
1730 3542 2104 3625 τραγῳδεῖν
2148 3540 2570 3624 δυναμένου).

693 3648 837 3707 adn.
929 3650 1007 3708 Ut
1067 3651 1228 3708 totus
1291 3649 1390 3709 ille
1453 3649 1621 3708 locus
1668 3650 2054 3709 Aristotelius
2114 3651 2503 3726 expediatur,
2566 3649 2769 3710 facere

522 3769 640 3841 non
687 3767 925 3828 possum
974 3751 1116 3828 quin
1162 3751 1347 3811 verba
1398 3735 1713 3829 »τοιαύτη
1758 3743 1829 3809 δὲ
1873 3740 2035 3827 δόξα
2076 3746 2189 3810 καὶ
2228 3746 2384 3831 περὶ
2423 3737 2769 3831 Πινδάρου

523 3843 643 3930 ἡν“
696 3857 755 3913 et
804 3841 1221 3931 „Ilwddpoffi
1273 3852 1646 3931 potissimum
1695 3873 1927 3925 nomen,
1974 3873 2336 3932 quamquam
2383 3855 2531 3914 nihil
2579 3856 2632 3915 ci
2679 3858 2771 3914 est

523 3973 655 4014 cum
717 3956 1056 4031 Mynnisco,
1127 3955 1468 4015 accuratius
1530 3955 1645 4015 hoc
1707 3956 1837 4016 loco
1898 3957 2284 4035 contempler.
2390 3956 2587 4017 Verba
2638 3957 2769 4034 ipsa

524 4057 794 4134 quamvis
855 4056 1119 4117 breviter
1179 4074 1465 4133 expressa
1527 4058 1828 4135 quomodo
1889 4058 2280 4136 intelligenda
2338 4058 2460 4118 sint
2519 4059 2764 4119 dubium

523 4177 652 4219 esse
701 4160 937 4235 nequit:
999 4159 1342 4218 histrionem
1391 4159 1741 4237 significari,
1801 4180 1834 4220 e
1894 4161 2093 4221 verbis
2148 4160 2534 4237 sequentibus
2598 4161 2767 4222 intel-

526 4263 763 4338 ligitur:
846 4248 971 4334 ηὼς
1018 4243 1272 4319 δὀὗτοι
1322 4250 1538 4338 ἔχουσι
1586 4247 1757 4339 πρὸς
1800 4247 2077 4333 αὐτοὺς,
2126 4250 2166 4339 ἡ
2212 4246 2335 4340 ὅλη
2380 4257 2573 4342 τέχνη
2618 4264 2768 4343 —-“,
