3166 4871
525 276 649 337 402

747 588 811 658 2.
884 583 1000 658 De
1054 584 1625 680 primipilaribus
1679 608 2054 659 munerum
2109 583 2555 680 equestrium

1426 702 1874 798 petitoribus,

702 877 894 938 Venio
946 878 1070 956 jam
1133 878 1207 937 ad
1273 879 1522 939 alterum
1570 879 2021 957 primipilarium
2074 898 2295 958 genus,
2375 897 2608 957 eorum,
2666 881 2769 957 qui

533 980 759 1040 honore
822 979 1161 1057 divitiisque
1221 980 1297 1040 ad
1345 980 1403 1040 id
1449 985 1687 1058 tempus
1731 982 1917 1060 partis
1963 1001 2079 1042 non
2128 983 2424 1059 contenti,
2485 990 2551 1042 nt
2594 982 2789 1060 altins-

533 1083 1016 1159 proveherentur
1062 1101 1300 1160 operam
1349 1082 1573 1144 dabant
1591 1079 1685 1155 ²³³).
1789 1085 1986 1162 Atque
2033 1087 2097 1143 ut
2141 1083 2391 1143 eandem
2439 1084 2772 1161 partitionis

532 1185 821 1244 rationem
867 1203 1111 1263 sequar,
1171 1205 1348 1263 quam
1410 1187 1468 1245 in
1533 1188 1803 1264 proximo
1860 1188 2072 1263 eapite,
2134 1186 2387 1263 primum
2448 1187 2639 1246 dicam
2699 1187 2774 1247 de

533 1287 873 1348 commodis.

1370 1468 1477 1535 De
1523 1467 1938 1535 commodis·

712 1593 948 1669 Ambigi
995 1599 1207 1671 potest,
1271 1599 1464 1654 utrum
1526 1613 1742 1672 magna
1785 1595 1883 1654 illa
1928 1596 2192 1672 praemia
2237 1595 2564 1673 missionis,
2622 1615 2778 1672 quae

537 1695 724 1756 fuisse
769 1714 954 1773 supra
997 1698 1342 1773 statuimus,
1403 1696 1494 1756 his
1556 1715 1797 1774 qnoque
1843 1697 2327 1777 primipilaribus,
2380 1699 2482 1775 qui
2528 1717 2591 1758 re
2637 1716 2780 1758 vera

537 1818 657 1859 non
706 1799 1122 1871 mittebantur,
1183 1800 1324 1859 data
1383 1801 1504 1859 sint
1559 1817 1768 1859 necne.
1870 1799 2009 1859 Mihi
2057 1801 2296 1877 quidem
2345 1820 2418 1861 ea
2463 1801 2605 1861 data
2646 1819 2779 1860 esse

536 1919 887 1980 persuasum
936 1907 1038 1973 est,
1084 1919 1283 1978 neque
1328 1902 1447 1961 nlla
1494 1920 1678 1962 causa
1723 1903 1910 1978 magis
1955 1921 2220 1980 moveor,
2280 1923 2457 1980 quam
2505 1902 2686 1980 quod,
2729 1904 2780 1962 si

538 2008 756 2081 negata
803 2008 1041 2081 essent,
1100 2007 1166 2063 nt
1211 2022 1385 2063 nemo
1431 2003 1834 2081 inveniretur,
1896 2005 1995 2081 qui
2042 2005 2223 2064 altius
2276 2024 2339 2065 se
2385 2006 2633 2083 provehi
2681 2024 2778 2064 cu-

538 2111 729 2183 peret,
775 2105 1041 2166 futurum
1092 2105 1279 2165 fuisse
1328 2106 1527 2165 eredo·
1617 2107 1934 2166 Praeterea
1979 2106 2070 2165 his
2102 2107 2248 2182 ipsis
2280 2106 2632 2178 hominibus,
2677 2107 2779 2183 qni

540 2227 787 2269 munera
832 2209 1132 2285 equestria
1177 2208 1650 2268 administraturi
1695 2212 1895 2285 erant,
1940 2209 2076 2267 talis
2123 2207 2366 2269 donatio
2412 2210 2782 2286 optatissima

539 2316 598 2372 et
643 2309 718 2370 ad
768 2311 944 2370 vitam
993 2328 1101 2386 pro
1150 2310 1376 2370 ordinis
1422 2310 1716 2385 dignitate
1763 2311 2055 2387 agendam
2105 2311 2228 2370 sere
2275 2312 2610 2371 necessaria
2656 2314 2783 2371 erat

539 2412 638 2485 (cf.
683 2409 897 2488 infra);
953 2411 1215 2489 denique
1262 2411 1310 2472 si
1358 2417 1444 2473 tot
1490 2412 1759 2473 homines
1804 2416 1972 2473 tanta
2018 2411 2282 2491 praemia
2325 2401 2783 2485 recusavissent,

540 2520 734 2591 certe,
803 2518 868 2574 nt
912 2515 1176 2590 videtur,
1236 2515 1281 2575 si
1329 2534 1443 2575 non
1495 2534 1732 2585 omnes,
1805 2520 1867 2575 at
1920 2533 2077 2597 unus
2121 2516 2391 2592 alterque
2447 2516 2601 2577 hanc
2646 2535 2783 2576 eon·

539 2618 846 2677 tinentiam
898 2616 1365 2693 modestiamque
1411 2618 1470 2675 in
1517 2618 1694 2677 titulo
1741 2617 1962 2677 diserte
2007 2618 2385 2679 laudavisset.
2402 2614 2480 2691 ²⁰)

714 2850 782 2914 ²⁸⁵)
819 2847 1229 2918 Marquardtius
1276 2848 1308 2901 l.
1359 2864 1404 2902 c.
1452 2864 1504 2918 p.
1543 2853 1661 2915 367,
1694 2852 1722 2901 2
1769 2849 1870 2902 hos
1915 2846 2187 2914 homines,
2227 2849 2441 2903 scilicet
2485 2855 2782 2918 antequam

539 2935 748 3004 petitas
785 2933 1009 2988 militias
1046 2934 1237 3001 adepti
1276 2940 1483 3001 essent,
1520 2934 1748 2988 militiae
1775 2935 2042 3003 petitores
2067 2934 2380 2988 nominatos
2405 2931 2578 2988 fuisse
2604 2935 2785 3003 ponit3

539 3020 925 3074 adolescentes
962 3019 1207 3082 nobiles,
1256 3019 1350 3087 qui
1389 3019 1614 3073 militias
1652 3025 1985 3088 appeterent
2021 3019 2140 3073 sive
2178 3025 2467 3088 equestres
2504 3019 2623 3074 sive
2659 3035 2783 3074 cen·

545 3103 866 3167 turionicas,
904 3104 981 3158 ita
1007 3105 1321 3173 appellatos
1346 3119 1488 3169 esse,
1525 3105 1719 3171 negari
1758 3120 1865 3159 non
1897 3104 2416 3174 potest(cf.Wil1n.
2446 3108 2623 3173 1602);
2660 3122 2784 3159 cen-

540 3190 817 3265 turionum
872 3196 1053 3243 autern
1105 3190 1379 3256 permulta
1423 3190 1708 3258 stipendia
1755 3190 2068 3244 meritorum
2106 3196 2275 3258 atque
2311 3189 2451 3243 adeo
2489 3190 2785 3260 primipila-

541 3275 680 3329 rium
734 3274 876 3327 hanc
915 3274 1348 3343 appellationem
1386 3273 1577 3341 fuisse,
1618 3276 1769 3329 nullo
1808 3274 1972 3329 modo
2010 3275 2429 3345 comprobatur·
2477 3292 2600 3328 nam
2639 3277 2786 3330 tituli

539 3366 958 3427 „veteranorum
1005 3360 1233 3414 militiae
1283 3361 1619 3428 petitorum“
1670 3363 1898 3427 (Gruter
1936 3365 2051 3427 531,
2089 3366 2120 3414 9
2158 3368 2214 3414 et
2251 3365 2365 3425 ms,
2393 3364 2445 3425 2)
2493 3360 2601 3415 huc
2646 3360 2783 3414 nihil

539 3445 792 3512 attinent,
830 3460 951 3499 eum
989 3446 1348 3500 centuriones
1386 3446 1476 3499 vel
1516 3446 1888 3514 primipilares
1925 3446 2251 3514 simpliciter
2298 3453 2652 3507 „veteranos··
2693 3447 2782 3500 vel

542 3538 867 3595 „veteranos
903 3538 1203 3585 evocatos“
1253 3530 1483 3598 (Gruter
1519 3536 1633 3585 531.
1669 3536 1751 3596 10)
1788 3532 2101 3600 appellatos
2138 3546 2264 3585 esse
2310 3531 2636 3586 incredibile
2686 3531 2785 3599 sit3

541 3616 797 3685 equidem
857 3631 954 3670 eos
1015 3617 1397 3683 centuriones,
1451 3616 1659 3685 quibus
1705 3617 1998 3671 consilium
2048 3623 2166 3670 erat
2209 3616 2379 3669 altius
2426 3615 2785 3677 ascendendi,

540 3701 669 3756 dum
708 3701 955 3756 ordinem
994 3700 1298 3769 ducebant,
1334 3717 1367 3755 a
1401 3701 1607 3756 ceteris
1645 3702 2068 3756 centurionibus
2103 3701 2331 3755 omnino
2355 3717 2462 3755 non
2489 3701 2786 3755 distinctos

540 3802 665 3841 esse
703 3792 862 3856 puto,
898 3793 961 3840 ut
998 3786 1263 3855 singulari
1301 3788 1681 3856 appellatione
1719 3788 1790 3841 iis
1826 3803 1937 3841 non
1975 3804 2117 3855 opus
2155 3793 2335 3855 esset,
2371 3795 2566 3855 postea
2600 3792 2784 3840 autem

540 3872 839 3942 stipendiis
876 3873 1273 3927 centurionieis
1298 3873 1593 3940 absolutis,
1629 3888 1837 3939 omnes,
1875 3874 1973 3941 qui
2010 3889 2070 3926 se
2107 3873 2274 3927 altius
2302 3872 2614 3941 promoveri
2641 3873 2787 3926 vole·

542 3957 694 4025 bant,
730 3956 1148 4027 primipilarium
1185 3957 1378 4012 ordine
1415 3972 1479 4010 ac
1516 3958 1738 4011 nomine
1775 3957 2217 4012 continebantur.

710 4080 777 4142 ²⁶)
814 4076 1095 4131 Romanos
1120 4077 1251 4131 talia
1276 4077 1498 4145 gloriari
1528 4078 1727 4131 solitos
1764 4091 1909 4143 esse,
1945 4076 2300 4147 apertissime
2337 4076 2694 4145 cognoscitur
2717 4092 2788 4131 ex

542 4160 794 4228 formula,
832 4176 974 4229 quae
1011 4163 1214 4230 passim
1244 4161 1449 4230 legitur
1486 4164 1541 4216 in
1580 4163 1666 4216 tit.
1706 4160 2009 4217 honorariis
2049 4162 2132 4229 „h.
2160 4179 2207 4216 c.
2232 4163 2265 4215 i.
2291 4166 2370 4216 r.“
2417 4162 2621 4216 honore
2658 4176 2788 4215 eon-

543 4253 730 4300 tentus
766 4247 1069 4314 impensam
1107 4246 1333 4301 remisit.
