3166 4871
1135 299 1222 354 De
1254 298 1460 355 nomin.
1493 298 1555 353 in
1588 316 1755 364 ·αιος.
1808 303 1842 365 S
1879 305 1965 354 54.
2539 305 2654 366 147

585 475 965 556 λαχναῖος
1007 477 1255 538 villosus
1301 477 1483 538 Anth.
2713 548 2723 558 .

586 575 922 641 λευκαία
965 584 1232 659 spartum
1273 580 1580 643 ibericum.
1608 580 1901 655 Artemid.
1927 581 2146 642 Athen.
2177 582 2457 659 Hesych„
2485 583 2661 645 etiam

411 702 524 762 per
571 701 602 742 ε
647 684 938 763 scriptum
983 684 1287 744 invenitur
1331 684 1393 745 in
1438 685 1580 761 epit.
1625 684 1767 745 Ath.
1810 682 1977 744 Euat.
2065 684 2153 745 Of.
2192 702 2383 762 supra
2424 705 2483 763 p.
2514 685 2612 747 45.

587 780 919 846 λευκαία
959 811 1044 833 =
1090 775 1330 867 λούκη,
1386 787 1651 865 populus
1703 786 1873 865 alba,
1930 787 1991 847 in
2046 787 2133 848 fit.
2177 786 2378 866 0111,
2432 808 2490 866 p.
2521 785 2664 849 392.

415 888 504 952 cf.
553 906 744 966 supra
784 908 843 967 p.
873 886 974 951 45.

589 988 837 1071 ληθαῑ
845 1008 930 1063 ος
974 1011 1013 1052 a
1053 980 1229 1071 λήθη
1258 994 1599 1070 repetitum,
1641 993 1889 1070 proprie
1928 992 2225 1069 significat
2262 992 2555 1070 quidquid
2583 994 2659 1056 ad

414 1096 775 1157 oblivionem
827 1093 1123 1173 pertinet,
1180 1099 1251 1155 ιιι
1302 1089 1572 1175 ληθαὶῳ
1634 1083 1860 1173 σκότῳ
1913 1096 2062 1172 Lyc.
2099 1091 2257 1152 1127
2302 1120 2387 1142 --—-
2430 1085 2662 1177 λήθης,

414 1200 514 1259 vel
556 1197 723 1276 quod
768 1197 844 1259 ad
891 1198 1112 1258 flumen
1155 1198 1394 1258 Lethen
1446 1199 1708 1275 pertinet
1764 1191 2017 1278 ληθαία
2078 1182 2327 1269 ἄκατος
2370 1198 2665 1261 Charonis

413 1300 598 1362 Anth.
641 1297 714 1379 9,
759 1296 838 1358 27
843 1296 913 1377 9;
974 1299 1194 1363 deinde
1267 1302 1464 1361 autem
1534 1300 1841 1361 verbalem
1908 1300 2100 1361 induit
2168 1300 2661 1378 significationem
2770 1284 2773 1285 ⁷

414 1422 674 1482 eamque
718 1404 1112 1482 causativam,
1173 1421 1332 1481 quae
1375 1404 1562 1479 ipsius
1607 1403 1780 1463 verbi
1825 1391 2156 1463 λανθάνω
2202 1422 2509 1481 nunquam
2556 1410 2664 1483 est,

415 1507 780 1568 oblivionem
821 1506 1097 1585 afferens,
1140 1509 1208 1567 ιιι
1247 1502 1543 1585 ληθατον
1588 1489 1814 1567 ὕπνου
1856 1494 2112 1583 πτερόν
2157 1506 2304 1567 Gall.
2340 1508 2476 1567 Del.
2507 1503 2664 1585 233;

415 1608 647 1687 Orphei
690 1608 909 1671 lithicis
938 1628 995 1668 v.
1032 1605 1149 1667 195
1194 1607 1474 1687 traditur,
1519 1606 1816 1686 ληθατον
1860 1610 2140 1669 vocatum
2182 1624 2318 1669 esse
2361 1609 2663 1686 quendam

413 1710 705 1791 lapidem:
735 1695 1021 1771 οὕνεκεν
1052 1704 1180 1769 αἰεὶ
1209 1707 1611 1789 Μεμνῆσθαι
1642 1699 2017 1790 κακότητος
2046 1694 2315 1791 όιζυρῆς
2343 1695 2664 1792 ἇπεούίιει

421 1803 728 1893 Θνητούς
784 1797 1176 1884 ἀθανάτους
1226 1831 1317 1873 τε.
1365 1844 1449 1854 -
1507 1813 1760 1891 Saepius
1816 1831 2069 1874 nomen
2127 1815 2502 1891 proprium
2557 1817 2665 1893 est,
2758 1808 2763 1815 ’

414 1921 476 1977 οι
519 1916 801 1994 regionis,
843 1914 1217 1997 Ληθαῑον
1259 1911 1544 1977 πεδίον
1588 1915 1751 1994 apud
1795 1915 2135 1977 Lebadeam
2177 1916 2452 1993 Theogn.
2500 1913 2662 1974 1216

415 2017 515 2093 (cf.
560 2008 798 2098 Λήθης
840 2008 1052 2090 τόπος
1095 2020 1376 2097 Thespiis
1419 2021 1578 2083 Plut.
1623 2036 1738 2081 ser.
1783 2038 1945 2081 num.
2004 2017 2167 2078 vind.
2209 2014 2349 2096 22),
2402 2023 2464 2079 οι
2505 2016 2663 2103 Λη-

417 2119 562 2180 &al
573 2138 660 2193 ος
689 2140 904 2183 ιιοιιιοιι
929 2123 1244 2183 fluviorum
1267 2123 1549 2201 plurium,
1578 2123 1642 2181 in
1665 2121 1859 2199 Creta,
1883 2119 2075 2199 Caria,
2099 2120 2432 2199 Thessalia,
2452 2121 2665 2199 Libya.

590 2224 957 2302 λιμναῖος
984 2226 1045 2286 in
1075 2225 1295 2303 palude
1321 2224 1601 2286 habitans
1624 2224 1764 2287 Hdt.
1788 2224 1894 2285 Ar.
1916 2222 2101 2285 Arist.
2122 2252 2210 2263 —
2232 2217 2554 2300 λιμναία
2580 2248 2664 2272 -—-·

417 2322 618 2408 λίμνη
663 2326 887 2387 dictum
932 2345 1063 2389 esse
1107 2328 1325 2388 docent
1366 2326 1755 2405 grammatici.
1841 2326 1988 2387 Lob.
2031 2326 2219 2403 paral.
2259 2345 2318 2404 p.
2348 2321 2492 2384 297.
2520 2323 2666 2387 311.

591 2426 953 2504 λοιβαῑος
1029 2430 1107 2494 ad
1186 2419 1424 2510 λοιβήν
1494 2429 1861 2508 destinatus,
1936 2417 2130 2505 κύλιξ
2194 2428 2337 2490 ΑιΙι.
2398 2416 2667 2518 ξοιιιοιίι

419 2536 601 2596 etiam
645 2534 893 2595 verbale
939 2551 1073 2596 esse
1117 2538 1177 2595 et
1217 2552 1255 2594 a
1297 2527 1542 2606 λείβειν
1590 2533 1953 2611 derivatum,
2013 2537 2080 2594 ut
2116 2531 2338 2593 Graeci
2380 2534 2665 2609 poculum

416 2655 538 2714 quo
597 2637 868 2699 libabant
925 2637 1119 2717 ipsum
1163 2637 1425 2698 dixerint
1477 2636 1796 2714 libantem,
1856 2636 2021 2697 velut
2062 2623 2325 2714 ζωστήρ
2370 2635 2668 2713 significat

414 2738 666 2818 proprie
729 2757 866 2800 eum
935 2741 1042 2817 qui
1099 2739 1285 2817 cingit
1298 2785 1314 2817 ,
1373 2738 1596 2802 deinde
1651 2739 2111 2800 instrumentum
2172 2756 2293 2816 quo
2353 2738 2669 2816 cingimur,

412 2832 854 2922 ποδανιπτήο
896 2844 1142 2922 proprie
1188 2861 1323 2904 eum
1369 2843 1476 2921 qui
1518 2842 1707 2921 pedes
1750 2843 1950 2919 lavat,
2004 2840 2223 2902 deinde
2275 2842 2495 2920 pelvim
2541 2859 2665 2920 qua

412 2946 606 3025 pedes
649 2946 947 3008 lavantur.

589 3047 988 3127 λογχαῑος·
1032 3038 1198 3128 μετὰ
1239 3045 1358 3128 τῆς
1405 3038 1645 3128 λόγχης
1690 3045 1855 3107 Suid.

589 3150 997 3230 λοχμαῖος,
1042 3148 1285 3212 Μοῦσα
1327 3151 1432 3211 Ar.

591 3252 927 3334 λυγατος
969 3255 1149 3333 Trag
1193 3254 1305 3332 Ap.
1347 3254 1458 3314 Rh.
1500 3254 1650 3329 Lyc-
1696 3265 1956 3329 opacus,
1999 3250 2324 3328 obscurus,
2376 3269 2415 3310 a
2475 3237 2670 3328 λύγη,

418 3357 584 3436 quod
628 3356 986 3418 vocabulum
1027 3356 1190 3437 apud
1230 3356 1459 3417 nullum
1489 3357 1847 3434 scriptorem
1877 3354 2199 3431 invenitur,
2241 3351 2350 3413 sed
2381 3351 2665 3413 laudatur

419 3481 457 3523 ι
511 3459 932 3539 gramm
1041 3461 1379 3538 cognatum
1447 3462 1540 3520 ent
1605 3443 1822 3538 η’λύγη
1888 3457 2073 3518 semol
2123 3456 2202 3516 ab
2259 3455 2665 3534 Aristophane

420 3568 798 3643 usurpatum,
837 3567 904 3624 et
943 3548 1269 3643 ἠλυγαῑος.

591 3659 701 3728 54.
787 3655 1119 3744 μάταιος
1149 3666 1378 3743 irritus,
1405 3682 1617 3743 vanus,
1646 3664 1883 3741 stultus,
1910 3679 2107 3740 neque
2138 3679 2235 3738 ap.
2264 3661 2437 3722 Hom.
2466 3675 2665 3737 neque

421 3789 518 3849 ap.
573 3770 724 3832 Esd-
765 3770 1097 3846 invenitur,
1165 3767 1273 3830 sed
1329 3767 1470 3829 inde
1529 3787 1568 3828 a
1621 3764 1975 3843 Theognide
2044 3763 2306 3825 Pindaro
2360 3762 2667 3839 Aeschylo

421 3873 787 3950 saepissime.
889 3872 1022 3934 Hoc
1080 3870 1440 3934 vocabulum
1503 3871 1651 3948 quin
1716 3870 2039 3945 cognatum
2097 3867 2176 3928 sit
2237 3885 2372 3929 cum
2432 3853 2668 3943 ματάω

423 3977 674 4037 inertem
720 3991 889 4052 οπο,
929 3976 1182 4053 morari,
1225 3976 1447 4035 eventu
1492 3990 1700 4033 carere
1745 3969 1867 4048 (ap.
1911 3971 2084 4030 Hom.
2126 3973 2191 4030 οι
2231 3966 2408 4046 trag.)
2453 3970 2514 4028 et
2558 3965 2664 4027 ad·

423 4079 629 4139 verbio
673 4066 905 4157 μάτην,
949 4076 1206 4144 dubitari
1251 4075 1476 4153 nequit.
1562 4063 1803 4153 Ματην
1846 4072 2107 4135 nominis
2146 4070 2461 4132 cuiusdam
2491 4057 2664 4148 μάτη

425 4180 836 4242 mensatim
891 4198 1029 4242 οπο
1086 4183 1254 4256 patet
1307 4176 1411 4251 (cf.
1468 4176 1739 4252 Kissling
1780 4175 1885 4236 KZ
1921 4172 2026 4252 17,
2071 4170 2249 4250 223),
2307 4171 2470 4250 quod
2516 4169 2669 4229 sub-

427 4283 755 4345 stantivum
813 4282 903 4344 bis
959 4282 1262 4360 reperitur
1317 4279 1483 4357 apud
1535 4278 1933 4356 Aeschylum,
1991 4274 2195 4353 Suppl.
2248 4269 2372 4332 820
2434 4269 2669 4351 (error),
