3166 4871
566 279 689 341 242

566 454 953 513 Demostheni
1001 471 1065 512 se
1110 448 1576 530 praetulisse⁸⁷).
1667 453 1785 530 Ipsi
1834 452 1946 527 illi,
2000 468 2152 528 quos
2219 469 2403 528 snpra
2457 468 2801 510 commemo·

566 556 843 633 ravimus,
890 554 944 614 d.
991 565 1098 616 or.'
1125 560 1178 632 1,
1225 558 1304 616 79
1350 560 1409 614 et
1451 558 1565 632 803
1626 553 1762 614 ibid.
1810 558 1890 616 95
1945 553 2383 630 quodammodo
2429 553 2547 613 hnc
2590 552 2801 614 referri

567 662 846 735 possunt;
892 658 1077 718 multo
1109 661 1302 717 autem
1352 658 1572 717 clarius
1616 656 1769 716 idem
1801 656 2041 717 videtur
2070 657 2328 734 perspici
2360 674 2434 716 ex
2464 657 2629 716 Brut.
2663 659 2805 730 254,

566 760 664 820 ubi
712 761 934 820 Brutus
977 778 1096 820 non
1143 763 1519 837 repugnante
1579 759 1868 820 Cicerone
1930 758 2294 819 contendere
2338 758 2522 818 audet
2575 757 2648 817 ab
2691 757 2803 818 hoc

568 862 949 939 eloquentiae
1005 863 1257 940 gloriam
1322 861 1569 921 Graecis
1628 864 1894 939 ereptam
1954 866 2059 920 aut
2115 865 2277 920 certe
2340 879 2472 921 cum
2531 862 2605 920 iis
2650 878 2802 919 com-

570 965 926 1024 municatam
975 983 1122 1025 esse.
1209 966 1362 1025 Nam
1412 964 1686 1041 equidem
1734 967 1880 1041 puto
1927 964 2199 1026 Ciceroni
2241 963 2388 1023 illud
2418 964 2587 1041 prius
2619 964 2806 1039 magis

569 1086 699 1128 esse
745 1067 1092 1145 probatum:
1138 1086 1294 1144 quae
1338 1067 1637 1127 sententia
1682 1066 1855 1127 etiam
1904 1066 2123 1126 firmari
2167 1066 2402 1126 videtur
2446 1085 2529 1126 or.
2580 1068 2700 1126 103
2747 1069 2807 1125 et

572 1173 724 1247 104,
782 1169 915 1229 loco
974 1170 1070 1230 vel
1128 1168 1382 1230 maxime
1437 1169 1720 1230 memoria
1779 1169 1977 1247 digno.
2080 1170 2231 1229 Nam
2279 1186 2638 1247 quamquam
2684 1186 2802 1227 non

567 1291 722 1349 nego
778 1271 904 1349 hic,
967 1273 1017 1331 si
1074 1271 1262 1332 verba
1320 1276 1688 1349 spectamus,
1761 1271 2145 1332 Demostheni
2219 1272 2548 1349 principem
2612 1270 2802 1330 locum

567 1375 778 1452 tribui,
837 1377 1034 1433 tamen
1085 1373 1292 1435 Cicero
1347 1373 1789 1451 quodammodo
1834 1372 2200 1449 significasse
2245 1373 2480 1434 videtur
2525 1390 2589 1433 se
2634 1374 2806 1434 aliter

570 1477 808 1536 sentire.
896 1477 1050 1537 Nam
1097 1481 1157 1536 et
1202 1475 1521 1536 confitetur
1565 1494 1641 1536 ne
1688 1478 1852 1536 illum
1887 1475 2124 1553 quidem
2159 1494 2392 1555 semper
2423 1476 2531 1536 sibi
2563 1477 2806 1554 placere

572 1582 635 1639 et
678 1596 833 1656 quae
878 1580 1080 1656 paullo
1128 1584 1306 1639 antea
1351 1578 1595 1639 dIsserit
1638 1578 1698 1652 (ᾖ
1735 1575 1910 1651 103):
1977 1579 2197 1649 „Nulla
2239 1584 2334 1639 est
2375 1579 2527 1638 enim
2576 1578 2700 1639 ullo
2745 1578 2801 1638 in

568 1699 789 1758 genere
835 1682 965 1741 laus
1011 1682 1282 1760 oratoris,
1327 1682 1499 1760 cujus
1544 1682 1603 1741 in
1652 1682 1873 1741 nostris
1918 1682 2288 1742 orationibus
2332 1699 2455 1741 non
2496 1681 2573 1740 sit
2601 1681 2807 1758 aliqua

567 1785 614 1844 si
677 1802 795 1844 non
851 1783 1176 1862 perfecti0‚
1235 1789 1297 1843 at
1357 1789 1608 1844 conatus
1660 1787 1857 1843 tamen
1904 1787 2084 1862 atque
2128 1776 2539 1843 adumbratio“
2582 1784 2695 1860 ita,
2757 1782 2804 1842 si

570 1885 713 1963 quid
763 1885 968 1964 video,
1029 1870 1291 1963 intellegi
1338 1887 1468 1946 vult
1527 1903 1592 1947 se
1639 1885 1695 1945 id
1743 1886 1901 1962 quod
1948 1886 2613 1946 voluisset.assecutum
2660 1901 2806 1944 esse.

571 1987 866 2061 Quantam
929 1989 1082 2049 enim
1146 1989 1220 2049 de
1284 2007 1392 2049 sua
1437 1989 1780 2066 eloquentia
1826 1989 2169 2066 conceperit
2211 1989 2578 2066 opinionem,
2631 1988 2804 2048 etiam

570 2110 644 2151 ex
702 2109 773 2151 ea
830 2109 895 2151 re
956 2092 1221 2169 intellegi
1279 2096 1505 2169 potest,
1564 2090 1727 2168 quod
1791 2096 1908 2151 tam
1964 2109 2142 2168 saepe
2189 2091 2518 2151 orationum
2565 2108 2805 2150 suarum

569 2195 735 2254 locos
779 2212 910 2253 cum
957 2194 1124 2272 alias,
1166 2197 1291 2253 tum
1338 2194 1394 2253 in
1441 2194 1750 2271 „oratore“
1808 2193 1882 2253 ad
1927 2197 2251 2271 praecepta
2294 2212 2405 2253 sua
2447 2191 2808 2253 illustranda

571 2296 763 2357 affert.
785 2293 861 2369 ³⁸)
962 2295 1194 2369 Quibus
1255 2299 1447 2355 autem
1513 2296 1586 2356 de
1633 2296 1865 2356 caussis
1910 2295 2062 2356 falsa
2105 2297 2182 2356 sit
2225 2294 2617 2355 existimanda
2661 2295 2808 2354 haee

571 2397 875 2460 Ciceronis
920 2399 1234 2470 sententia,
1280 2416 1395 2459 non
1446 2416 1599 2476 opus
1644 2402 1735 2459 est
1780 2399 1893 2459 hoe
1938 2399 2069 2459 loco
2115 2415 2433 2477 exponere.

741 2501 1137 2578 Relinquitur,
1181 2506 1249 2561 ut
1276 2501 1483 2577 paucis
1515 2519 1878 2578 quaeramus
1909 2501 1982 2561 de
2016 2520 2086 2561 ea
2116 2520 2195 2570 re,
2242 2519 2419 2579 quam
2450 2505 2804 2578 postremam

568 2605 624 2664 in
691 2603 802 2662 hac
857 2604 1056 2681 priore
1121 2604 1392 2681 opusculi
1454 2604 1565 2664 mei
1628 2609 1799 2679 parte
1860 2603 2233 2664 tractandam
2294 2604 2433 2664 mihi
2492 2603 2809 2680 proposui:

571 2704 977 2782 indagandum
1040 2707 1193 2766 enim
1255 2710 1374 2784 est,
1436 2706 1581 2783 quid
1644 2706 1720 2766 de
1766 2706 2125 2766 Graecorum
2190 2706 2267 2766 ad
2319 2706 2624 2766 historiam
2672 2722 2809 2764 con-

569 2807 940 2868 scribendam
1002 2809 1204 2868 indole
1264 2812 1324 2867 et
1385 2808 1461 2868 de
1520 2809 1890 2886 gravissimis
1947 2809 2126 2886 hujus
2172 2809 2377 2887 populi
2421 2826 2623 2869 rerum
2669 2807 2809 2867 scri·

568 2909 840 2989 ptoribus
900 2929 1031 2971 cum
1092 2912 1371 2971 Romanis
1427 2917 1486 2971 et
1544 2912 1797 2972 maxime
1866 2929 2066 2972 secum
2128 2911 2488 2989 comparatis
2544 2908 2811 2971 senserit.

568 3014 660 3072 Ac
704 3013 957 3090 primum
1020 3013 1293 3091 quidem,
1353 3013 1568 3091 quibus
1628 3014 1878 3074 maxime
1940 3015 2263 3075 virtutibus
2317 3014 2389 3073 ad
2438 3015 2553 3074 hoc
2596 3029 2810 3072 munus

571 3116 725 3175 bene
764 3115 1210 3193 suscipiendum
1244 3134 1396 3194 opus
1428 3121 1603 3194 esset,
1647 3135 1857 3192 parum
1889 3118 2018 3177 sine
2048 3117 2227 3178 dubio
2247 3116 2567 3177 intellexit.
2653 3115 2808 3175 Nam

571 3222 638 3278 ut
680 3220 810 3278 erat
855 3223 1078 3296 orator,
1124 3237 1306 3296 saepe
1350 3238 1467 3279 non
1518 3224 1637 3278 tam
1685 3219 1848 3296 quid,
1892 3218 1999 3279 sed
2030 3219 2327 3297 quomodo
2360 3218 2581 3297 singuli
2611 3236 2806 3277 rerum

570 3320 892 3397 scriptores
938 3320 1222 3397 dicerent,
1267 3322 1325 3381 in
1364 3320 1699 3399 judicando
1745 3321 2055 3398 spectavit.
2143 3321 2465 3382 Veritatem
2512 3324 2711 3381 autem
2749 3323 2809 3379 et

571 3433 855 3481 summam
927 3441 1131 3508 verum
1211 3422 1544 3500 falsumque
1608 3423 1979 3484 discernendi
2022 3423 2392 3484 „facultatem
2455 3422 2809 3500 principales

571 3540 701 3584 esse
730 3524 996 3585 historici
1029 3527 1286 3586 virtutes
1318 3545 1680 3604 quamquam
1722 3545 1842 3586 non
1874 3544 2124 3603 prorsus
2155 3526 2457 3602 ignoravit
2472 3523 2566 3599 ⁸⁹),
2610 3530 2808 3586 tamen

570 3627 630 3686 in
689 3625 935 3703 judiciis
996 3626 1289 3689 faciendis
1356 3629 1529 3689 valde
1598 3629 1880 3704 neglexit.
1999 3630 2132 3689 Hoc
2196 3647 2271 3688 ex
2335 3646 2407 3689 eo
2470 3628 2601 3705 ipso
2666 3628 2810 3688 satis

741 3826 809 3890 ³⁷)
844 3824 1065 3879 Nullius
1101 3824 1360 3878 momenti
1397 3838 1524 3879 esse
1560 3825 1738 3879 locum
1777 3824 1930 3878 illum
1969 3825 2123 3879 Brut.
2170 3829 2277 3892 123,
2314 3824 2409 3879 ubi
2446 3855 2513 3864 —
2547 3840 2680 3879 sane
2714 3823 2809 3890 ita,

569 3914 634 3963 ut
666 3909 939 3964 neminem
975 3907 1170 3978 fugere
1216 3910 1397 3977 possit
1429 3924 1491 3963 se
1527 3925 1641 3963 non
1666 3924 1734 3963 ex
1758 3908 1926 3963 animi
1943 3909 2166 3981 judicio
2191 3910 2343 3979 loqui
2378 3941 2446 3949 —-
2480 3925 2541 3965 se
2565 3909 2806 3980 priorum

567 3995 843 4049 orationes
879 3994 996 4048 suis
1031 4000 1370 4064 anteponere
1406 3994 1710 4062 contendit,
1747 4009 1849 4063 per
1884 4009 1944 4049 se
1981 4001 2233 4063 apparet.

737 4083 804 4144 ³⁸)
841 4077 911 4133 ef.
948 4095 1024 4132 or.
1068 4083 1188 4147 ¹653
1231 4083 1350 4148 ¹673
1388 4083 1485 4133 223
1512 4095 1659 4149 sqq.;
1697 4084 1810 4134 232.

739 4167 808 4233 ³⁹)
843 4161 913 4218 cf.
951 4164 1021 4217 de
1058 4163 1201 4232 legg.
1235 4168 1277 4229 1,
1302 4169 1332 4216 5
1371 4164 1470 4217 in.:
1507 4180 1632 4218 cnm
1670 4162 1725 4217 in
1752 4163 1847 4218 illa
1883 4163 2160 4233 (historia)
2195 4164 2265 4218 ad
2292 4164 2581 4236 veritatem
2608 4168 2810 4218 cuncta

565 4246 906 4318 referentum
942 4248 994 4303 d.
1032 4264 1109 4302 or.
1149 4251 1196 4316 2,
1233 4251 1313 4304 62.
