<?xml version="1.0" encoding="UTF-8"?>
<!DOCTYPE html PUBLIC "-//W3C//DTD XHTML 1.0 Transitional//EN"
    "http://www.w3.org/TR/xhtml1/DTD/xhtml1-transitional.dtd">
<html xmlns="http://www.w3.org/1999/xhtml" xml:lang="en" lang="en">
 <head>
  <title>
</title>
<meta http-equiv="Content-Type" content="text/html;charset=utf-8" />
  <meta name='ocr-system' content='tesseract 3.04.00' />
  <meta name='ocr-capabilities' content='ocr_page ocr_carea ocr_par ocr_line ocrx_word'/>
</head>
<body>
  <div class='ocr_page' id='page_1' title='image "./dissertationesp00hallgoog_0492.png"; bbox 0 0 3166 4871; ppageno 0'>
   <div class='ocr_carea' id='block_1_1' title="bbox 527 271 693 333">
    <p class='ocr_par' dir='ltr' id='par_1_1' title="bbox 527 271 693 333">
     <span class='ocr_line' id='line_1_1' title="bbox 527 271 693 333; baseline -0.006 0"><span class='ocrx_word' id='word_1_1' title='bbox 527 271 642 333; x_wconf 84' lang='lat'>134</span> <span class='ocrx_word' id='word_1_2' title='bbox 679 300 693 315; x_wconf 82' lang='lat'><strong>·</strong></span> 
     </span>
    </p>
   </div>
   <div class='ocr_carea' id='block_1_2' title="bbox 516 446 2773 3703">
    <p class='ocr_par' dir='ltr' id='par_1_2' title="bbox 516 446 2758 525">
     <span class='ocr_line' id='line_1_2' title="bbox 516 446 2758 525; baseline 0 -20"><span class='ocrx_word' id='word_1_3' title='bbox 516 446 809 506; x_wconf 91' lang='lat' dir='ltr'>actionem</span> <span class='ocrx_word' id='word_1_4' title='bbox 879 449 1120 525; x_wconf 88' lang='lat' dir='ltr'>saepius</span> <span class='ocrx_word' id='word_1_5' title='bbox 1195 449 1465 508; x_wconf 76' lang='lat' dir='ltr'><strong>iteratam</strong></span> <span class='ocrx_word' id='word_1_6' title='bbox 1533 454 1594 509; x_wconf 87' lang='lat' dir='ltr'>et</span> <span class='ocrx_word' id='word_1_7' title='bbox 1668 450 2009 509; x_wconf 80' lang='lat' dir='ltr'><strong>etiamnunc</strong></span> <span class='ocrx_word' id='word_1_8' title='bbox 2069 449 2382 509; x_wconf 78' lang='lat' dir='ltr'>durantem</span> <span class='ocrx_word' id='word_1_9' title='bbox 2446 448 2758 525; x_wconf 80' lang='lat' dir='ltr'>significat.</span> 
     </span>
    </p>

    <p class='ocr_par' dir='ltr' id='par_1_3' title="bbox 518 547 2760 629">
     <span class='ocr_line' id='line_1_3' title="bbox 518 547 2760 629; baseline 0.002 -22"><span class='ocrx_word' id='word_1_10' title='bbox 518 547 782 608; x_wconf 88' lang='lat' dir='ltr'>Eandem</span> <span class='ocrx_word' id='word_1_11' title='bbox 830 549 906 609; x_wconf 90' lang='lat' dir='ltr'>ab</span> <span class='ocrx_word' id='word_1_12' title='bbox 951 568 1192 610; x_wconf 87' lang='lat' dir='ltr'>causam</span> <span class='ocrx_word' id='word_1_13' title='bbox 1239 569 1309 611; x_wconf 90' lang='lat' dir='ltr'>ea</span> <span class='ocrx_word' id='word_1_14' title='bbox 1353 569 1633 611; x_wconf 83' lang='lat' dir='ltr'>removeo</span> <span class='ocrx_word' id='word_1_15' title='bbox 1680 552 2049 629; x_wconf 88' lang='lat' dir='ltr'>praesentia,</span> <span class='ocrx_word' id='word_1_16' title='bbox 2109 569 2264 629; x_wconf 84' lang='lat' dir='ltr'>quae</span> <span class='ocrx_word' id='word_1_17' title='bbox 2319 553 2378 611; x_wconf 91' lang='lat' dir='ltr'>in</span> <span class='ocrx_word' id='word_1_18' title='bbox 2434 551 2760 612; x_wconf 86' lang='lat' dir='ltr'>Partheno·</span> 
     </span>
    </p>

    <p class='ocr_par' dir='ltr' id='par_1_4' title="bbox 517 650 2762 731">
     <span class='ocr_line' id='line_1_4' title="bbox 517 650 2762 731; baseline 0.001 -21"><span class='ocrx_word' id='word_1_19' title='bbox 517 650 652 729; x_wconf 88' lang='lat' dir='ltr'>paei</span> <span class='ocrx_word' id='word_1_20' title='bbox 710 650 967 711; x_wconf 86' lang='lat' dir='ltr'>Arcadis</span> <span class='ocrx_word' id='word_1_21' title='bbox 1024 652 1229 713; x_wconf 87' lang='lat' dir='ltr'>habitu</span> <span class='ocrx_word' id='word_1_22' title='bbox 1288 651 1690 714; x_wconf 85' lang='lat' dir='ltr'>describendo</span> <span class='ocrx_word' id='word_1_23' title='bbox 1751 654 1935 731; x_wconf 82' lang='lat' dir='ltr'>(Sept.</span> <span class='ocrx_word' id='word_1_24' title='bbox 1976 651 2373 726; x_wconf 79' lang='lat'>526—543.)</span> <span class='ocrx_word' id='word_1_25' title='bbox 2420 657 2762 714; x_wconf 87' lang='lat' dir='ltr'>occurrunt.</span> 
     </span>
    </p>

    <p class='ocr_par' dir='ltr' id='par_1_5' title="bbox 518 753 2761 833">
     <span class='ocr_line' id='line_1_5' title="bbox 518 753 2761 833; baseline 0.001 -19"><span class='ocrx_word' id='word_1_26' title='bbox 518 754 669 814; x_wconf 84' lang='lat' dir='ltr'>Nam</span> <span class='ocrx_word' id='word_1_27' title='bbox 729 757 849 814; x_wconf 82' lang='lat' dir='ltr'>stat</span> <span class='ocrx_word' id='word_1_28' title='bbox 905 755 1000 813; x_wconf 82' lang='lat' dir='ltr'>vir</span> <span class='ocrx_word' id='word_1_29' title='bbox 1058 753 1415 816; x_wconf 84' lang='lat' dir='ltr'>fortissimus</span> <span class='ocrx_word' id='word_1_30' title='bbox 1468 758 1608 815; x_wconf 89' lang='lat' dir='ltr'>ante</span> <span class='ocrx_word' id='word_1_31' title='bbox 1664 760 1872 833; x_wconf 84' lang='lat' dir='ltr'>portas</span> <span class='ocrx_word' id='word_1_32' title='bbox 1932 755 2140 817; x_wconf 91' lang='lat' dir='ltr'>eadem</span> <span class='ocrx_word' id='word_1_33' title='bbox 2188 756 2532 816; x_wconf 78' lang='lat' dir='ltr'>etiamnunc</span> <span class='ocrx_word' id='word_1_34' title='bbox 2575 757 2651 816; x_wconf 88' lang='lat' dir='ltr'>de</span> <span class='ocrx_word' id='word_1_35' title='bbox 2695 775 2761 817; x_wconf 84' lang='lat' dir='ltr'>sc</span> 
     </span>
    </p>

    <p class='ocr_par' dir='ltr' id='par_1_6' title="bbox 518 855 2759 936">
     <span class='ocr_line' id='line_1_6' title="bbox 518 855 2759 936; baseline 0.001 -21"><span class='ocrx_word' id='word_1_36' title='bbox 518 855 901 934; x_wconf 86' lang='lat' dir='ltr'>praedicans,</span> <span class='ocrx_word' id='word_1_37' title='bbox 957 874 1112 934; x_wconf 85' lang='lat' dir='ltr'>quae</span> <span class='ocrx_word' id='word_1_38' title='bbox 1166 858 1411 917; x_wconf 88' lang='lat' dir='ltr'>nuntius</span> <span class='ocrx_word' id='word_1_39' title='bbox 1465 857 1610 934; x_wconf 90' lang='lat' dir='ltr'>ipsis</span> <span class='ocrx_word' id='word_1_40' title='bbox 1670 857 1794 918; x_wconf 87' lang='lat' dir='ltr'>suis</span> <span class='ocrx_word' id='word_1_41' title='bbox 1856 858 2103 918; x_wconf 86' lang='lat' dir='ltr'>auribus</span> <span class='ocrx_word' id='word_1_42' title='bbox 2163 859 2369 936; x_wconf 88' lang='lat' dir='ltr'>paullo</span> <span class='ocrx_word' id='word_1_43' title='bbox 2427 863 2566 919; x_wconf 89' lang='lat' dir='ltr'>ante</span> <span class='ocrx_word' id='word_1_44' title='bbox 2628 876 2759 936; x_wconf 89' lang='lat' dir='ltr'>pcr-</span> 
     </span>
    </p>

    <p class='ocr_par' dir='ltr' id='par_1_7' title="bbox 519 954 2764 1039">
     <span class='ocr_line' id='line_1_7' title="bbox 519 954 2764 1039; baseline 0.001 -21"><span class='ocrx_word' id='word_1_45' title='bbox 519 955 790 1036; x_wconf 71' lang='lat' dir='ltr'>cepit39).</span> <span class='ocrx_word' id='word_1_46' title='bbox 878 958 1040 1019; x_wconf 91' lang='lat' dir='ltr'>Idem</span> <span class='ocrx_word' id='word_1_47' title='bbox 1089 958 1473 1020; x_wconf 82' lang='lat' dir='ltr'>statuendum</span> <span class='ocrx_word' id='word_1_48' title='bbox 1530 963 1621 1021; x_wconf 90' lang='lat' dir='ltr'>est</span> <span class='ocrx_word' id='word_1_49' title='bbox 1675 960 1749 1020; x_wconf 91' lang='lat' dir='ltr'>de</span> <span class='ocrx_word' id='word_1_50' title='bbox 1794 962 2098 1039; x_wconf 79' lang='lat' dir='ltr'>praesenti</span> <span class='ocrx_word' id='word_1_51' title='bbox 2141 954 2388 1038; x_wconf 78' lang='grc' dir='ltr'><em>πέμπει</em></span> <span class='ocrx_word' id='word_1_52' title='bbox 2433 960 2545 1038; x_wconf 81' lang='lat' dir='ltr'>Ag.</span> <span class='ocrx_word' id='word_1_53' title='bbox 2579 966 2651 1023; x_wconf 88' lang='lat'>61</span> <span class='ocrx_word' id='word_1_54' title='bbox 2703 964 2764 1021; x_wconf 93' lang='lat' dir='ltr'>et</span> 
     </span>
    </p>

    <p class='ocr_par' dir='ltr' id='par_1_8' title="bbox 523 1061 2761 1141">
     <span class='ocr_line' id='line_1_8' title="bbox 523 1061 2761 1141; baseline 0 -20"><span class='ocrx_word' id='word_1_55' title='bbox 523 1066 660 1121; x_wconf 88' lang='grc'>111.</span> <span class='ocrx_word' id='word_1_56' title='bbox 714 1090 798 1100; x_wconf 92' lang='grc'>-</span> <span class='ocrx_word' id='word_1_57' title='bbox 853 1061 1055 1121; x_wconf 92' lang='lat' dir='ltr'>missio</span> <span class='ocrx_word' id='word_1_58' title='bbox 1122 1062 1273 1122; x_wconf 91' lang='lat' dir='ltr'>enim</span> <span class='ocrx_word' id='word_1_59' title='bbox 1349 1063 1693 1123; x_wconf 78' lang='lat' dir='ltr'>etiamnunc</span> <span class='ocrx_word' id='word_1_60' title='bbox 1769 1062 2101 1141; x_wconf 85' lang='lat' dir='ltr'>perdurare</span> <span class='ocrx_word' id='word_1_61' title='bbox 2178 1062 2431 1124; x_wconf 86' lang='lat' dir='ltr'>videtur.</span> <span class='ocrx_word' id='word_1_62' title='bbox 2535 1065 2761 1140; x_wconf 88' lang='lat' dir='ltr'>Itaque,</span> 
     </span>
    </p>

    <p class='ocr_par' dir='ltr' id='par_1_9' title="bbox 518 1164 2760 1244">
     <span class='ocr_line' id='line_1_9' title="bbox 518 1164 2760 1244; baseline 0.001 -22"><span class='ocrx_word' id='word_1_63' title='bbox 518 1165 587 1223; x_wconf 90' lang='lat' dir='ltr'>ut</span> <span class='ocrx_word' id='word_1_64' title='bbox 628 1164 839 1241; x_wconf 79' lang='lat' dir='ltr'>paucis</span> <span class='ocrx_word' id='word_1_65' title='bbox 881 1182 1006 1224; x_wconf 88' lang='lat' dir='ltr'>rem</span> <span class='ocrx_word' id='word_1_66' title='bbox 1054 1165 1449 1236; x_wconf 79' lang='lat' dir='ltr'>absolvamus,</span> <span class='ocrx_word' id='word_1_67' title='bbox 1495 1165 1696 1226; x_wconf 88' lang='lat' dir='ltr'>omnia</span> <span class='ocrx_word' id='word_1_68' title='bbox 1741 1184 1812 1225; x_wconf 84' lang='lat' dir='ltr'>ea</span> <span class='ocrx_word' id='word_1_69' title='bbox 1856 1164 2199 1244; x_wconf 86' lang='lat' dir='ltr'>praesentia</span> <span class='ocrx_word' id='word_1_70' title='bbox 2244 1165 2544 1226; x_wconf 73' lang='lat' dir='ltr'>historicis</span> <span class='ocrx_word' id='word_1_71' title='bbox 2590 1184 2760 1243; x_wconf 88' lang='lat' dir='ltr'>prae-</span> 
     </span>
    </p>

    <p class='ocr_par' dir='ltr' id='par_1_10' title="bbox 521 1266 2761 1549">
     <span class='ocr_line' id='line_1_10' title="bbox 521 1266 2761 1346; baseline 0.001 -21"><span class='ocrx_word' id='word_1_72' title='bbox 521 1267 787 1326; x_wconf 89' lang='lat' dir='ltr'>sentibus</span> <span class='ocrx_word' id='word_1_73' title='bbox 846 1266 1243 1328; x_wconf 87' lang='lat' dir='ltr'>adscribenda</span> <span class='ocrx_word' id='word_1_74' title='bbox 1304 1269 1677 1345; x_wconf 82' lang='lat' dir='ltr'>negaverim,</span> <span class='ocrx_word' id='word_1_75' title='bbox 1748 1268 1968 1346; x_wconf 88' lang='lat' dir='ltr'>quibus</span> <span class='ocrx_word' id='word_1_76' title='bbox 2029 1268 2329 1328; x_wconf 88' lang='lat' dir='ltr'>actionum</span> <span class='ocrx_word' id='word_1_77' title='bbox 2395 1269 2761 1345; x_wconf 87' lang='lat' dir='ltr'>singularum</span> 
     </span>
     <span class='ocr_line' id='line_1_11' title="bbox 521 1366 2085 1448; baseline 0.002 -20"><span class='ocrx_word' id='word_1_78' title='bbox 521 1386 807 1446; x_wconf 90' lang='lat' dir='ltr'>praesens</span> <span class='ocrx_word' id='word_1_79' title='bbox 852 1374 1033 1447; x_wconf 89' lang='lat' dir='ltr'>atque</span> <span class='ocrx_word' id='word_1_80' title='bbox 1076 1371 1416 1448; x_wconf 69' lang='lat' dir='ltr'>perdurans,</span> <span class='ocrx_word' id='word_1_81' title='bbox 1455 1374 1650 1431; x_wconf 89' lang='lat' dir='ltr'>status</span> <span class='ocrx_word' id='word_1_82' title='bbox 1687 1366 2085 1448; x_wconf 83' lang='lat' dir='ltr'>significatur.</span> 
     </span>
     <span class='ocr_line' id='line_1_12' title="bbox 694 1471 2114 1549; baseline 0.002 -19"><span class='ocrx_word' id='word_1_83' title='bbox 694 1471 992 1532; x_wconf 85' lang='lat' dir='ltr'>Historica</span> <span class='ocrx_word' id='word_1_84' title='bbox 1034 1472 1216 1548; x_wconf 83' lang='lat' dir='ltr'>igitur</span> <span class='ocrx_word' id='word_1_85' title='bbox 1259 1472 1602 1549; x_wconf 81' lang='lat' dir='ltr'>praesentia</span> <span class='ocrx_word' id='word_1_86' title='bbox 1646 1476 1888 1533; x_wconf 84' lang='lat' dir='ltr'>exstant</span> <span class='ocrx_word' id='word_1_87' title='bbox 1931 1473 2114 1533; x_wconf 87' lang='lat' dir='ltr'>haec:</span> 
     </span>
    </p>

    <p class='ocr_par' dir='ltr' id='par_1_11' title="bbox 523 1559 2768 2166">
     <span class='ocr_line' id='line_1_13' title="bbox 523 1559 2767 1654; baseline 0 -21"><span class='ocrx_word' id='word_1_88' title='bbox 523 1575 718 1634; x_wconf 87' lang='lat' dir='ltr'>Prom.</span> <span class='ocrx_word' id='word_1_89' title='bbox 771 1577 910 1635; x_wconf 88' lang='grc'><strong>109.</strong></span> <span class='ocrx_word' id='word_1_90' title='bbox 982 1559 1666 1654; x_wconf 78' lang='grc' dir='ltr'><strong><em>ναρθηκοπλήρωτον</em></strong></span> <span class='ocrx_word' id='word_1_91' title='bbox 1738 1569 1808 1634; x_wconf 80' lang='grc' dir='ltr'>δὲ</span> <span class='ocrx_word' id='word_1_92' title='bbox 1883 1571 2250 1654; x_wconf 77' lang='grc' dir='ltr'><strong><em>θηρῶμαι</em></strong></span> <span class='ocrx_word' id='word_1_93' title='bbox 2319 1564 2542 1654; x_wconf 86' lang='grc' dir='ltr'><strong><em>πηγὴν</em></strong></span> <span class='ocrx_word' id='word_1_94' title='bbox 2611 1574 2767 1634; x_wconf 86' lang='grc' dir='ltr'><strong><em>κλο-</em></strong></span> 
     </span>
     <span class='ocr_line' id='line_1_14' title="bbox 604 1670 2764 1738; baseline 0.001 -4"><span class='ocrx_word' id='word_1_95' title='bbox 604 1670 833 1734; x_wconf 90' lang='grc' dir='ltr'><strong><em>παίαν.</em></strong></span> <span class='ocrx_word' id='word_1_96' title='bbox 881 1707 963 1716; x_wconf 92' lang='lat'>--</span> <span class='ocrx_word' id='word_1_97' title='bbox 1009 1677 1346 1737; x_wconf 80' lang='lat' dir='ltr'>Promethei</span> <span class='ocrx_word' id='word_1_98' title='bbox 1396 1682 1538 1737; x_wconf 87' lang='lat' dir='ltr'>sunt</span> <span class='ocrx_word' id='word_1_99' title='bbox 1582 1678 1785 1738; x_wconf 83' lang='lat' dir='ltr'>verba.</span> <span class='ocrx_word' id='word_1_100' title='bbox 1875 1677 2441 1738; x_wconf 88' lang='lat' dir='ltr'>Vehementissimos</span> <span class='ocrx_word' id='word_1_101' title='bbox 2479 1681 2607 1737; x_wconf 89' lang='lat' dir='ltr'>toto</span> <span class='ocrx_word' id='word_1_102' title='bbox 2640 1695 2764 1738; x_wconf 91' lang='lat' dir='ltr'>cor·</span> 
     </span>
     <span class='ocr_line' id='line_1_15' title="bbox 607 1779 2766 1857; baseline 0.001 -19"><span class='ocrx_word' id='word_1_103' title='bbox 607 1797 751 1856; x_wconf 89' lang='lat' dir='ltr'>pore</span> <span class='ocrx_word' id='word_1_104' title='bbox 801 1780 1121 1857; x_wconf 90' lang='lat' dir='ltr'>animoque</span> <span class='ocrx_word' id='word_1_105' title='bbox 1166 1780 1457 1857; x_wconf 79' lang='lat' dir='ltr'>persentit</span> <span class='ocrx_word' id='word_1_106' title='bbox 1487 1779 1748 1851; x_wconf 76' lang='lat' dir='ltr'>dolores3</span> <span class='ocrx_word' id='word_1_107' title='bbox 1793 1780 1854 1840; x_wconf 87' lang='lat' dir='ltr'>in</span> <span class='ocrx_word' id='word_1_108' title='bbox 1900 1784 2068 1840; x_wconf 90' lang='lat' dir='ltr'>tanta</span> <span class='ocrx_word' id='word_1_109' title='bbox 2105 1781 2284 1840; x_wconf 88' lang='lat' dir='ltr'>animi</span> <span class='ocrx_word' id='word_1_110' title='bbox 2316 1781 2766 1857; x_wconf 76' lang='lat' dir='ltr'>perturbatione</span> 
     </span>
     <span class='ocr_line' id='line_1_16' title="bbox 610 1881 2765 1960; baseline 0.001 -19"><span class='ocrx_word' id='word_1_111' title='bbox 610 1885 771 1942; x_wconf 88' lang='lat' dir='ltr'>retro</span> <span class='ocrx_word' id='word_1_112' title='bbox 831 1886 1111 1959; x_wconf 89' lang='lat' dir='ltr'>spectans</span> <span class='ocrx_word' id='word_1_113' title='bbox 1167 1882 1501 1960; x_wconf 88' lang='lat' dir='ltr'>praesentis</span> <span class='ocrx_word' id='word_1_114' title='bbox 1558 1882 1696 1941; x_wconf 89' lang='lat' dir='ltr'>mali</span> <span class='ocrx_word' id='word_1_115' title='bbox 1757 1881 1979 1942; x_wconf 87' lang='lat' dir='ltr'>fontem</span> <span class='ocrx_word' id='word_1_116' title='bbox 2025 1883 2083 1941; x_wconf 88' lang='lat' dir='ltr'>in</span> <span class='ocrx_word' id='word_1_117' title='bbox 2133 1882 2472 1943; x_wconf 84' lang='lat' dir='ltr'>memoriam</span> <span class='ocrx_word' id='word_1_118' title='bbox 2520 1882 2628 1943; x_wconf 90' lang='lat' dir='ltr'>sibi</span> <span class='ocrx_word' id='word_1_119' title='bbox 2677 1901 2765 1943; x_wconf 92' lang='lat' dir='ltr'>re-</span> 
     </span>
     <span class='ocr_line' id='line_1_17' title="bbox 609 1980 2768 2065; baseline -0 -22"><span class='ocrx_word' id='word_1_120' title='bbox 609 1988 786 2044; x_wconf 85' lang='lat' dir='ltr'>vocat</span> <span class='ocrx_word' id='word_1_121' title='bbox 852 1988 1020 2044; x_wconf 87' lang='lat' dir='ltr'>tanta</span> <span class='ocrx_word' id='word_1_122' title='bbox 1094 2002 1227 2044; x_wconf 91' lang='lat' dir='ltr'>cum</span> <span class='ocrx_word' id='word_1_123' title='bbox 1303 1984 1640 2056; x_wconf 78' lang='lat' dir='ltr'>alacritate,</span> <span class='ocrx_word' id='word_1_124' title='bbox 1725 1989 1790 2045; x_wconf 85' lang='lat' dir='ltr'>ut</span> <span class='ocrx_word' id='word_1_125' title='bbox 1848 1985 1978 2063; x_wconf 90' lang='lat' dir='ltr'>ipse</span> <span class='ocrx_word' id='word_1_126' title='bbox 2037 1984 2378 2046; x_wconf 81' lang='lat' dir='ltr'>etiamnunc</span> <span class='ocrx_word' id='word_1_127' title='bbox 2421 1980 2768 2065; x_wconf 76' lang='grc' dir='ltr'><strong><em>θηρᾶσθαι</em></strong></span> 
     </span>
     <span class='ocr_line' id='line_1_18' title="bbox 608 2071 1717 2166; baseline 0.003 -22"><span class='ocrx_word' id='word_1_128' title='bbox 608 2071 837 2166; x_wconf 83' lang='grc' dir='ltr'><strong><em>πηγὴν</em></strong></span> <span class='ocrx_word' id='word_1_129' title='bbox 880 2081 1225 2145; x_wconf 84' lang='grc' dir='ltr'><strong><em>κλοπαίαν</em></strong></span> <span class='ocrx_word' id='word_1_130' title='bbox 1269 2086 1376 2146; x_wconf 90' lang='lat' dir='ltr'>sibi</span> <span class='ocrx_word' id='word_1_131' title='bbox 1424 2087 1717 2147; x_wconf 87' lang='lat' dir='ltr'>videatur.</span> 
     </span>
    </p>

    <p class='ocr_par' dir='ltr' id='par_1_12' title="bbox 526 2175 2495 2472">
     <span class='ocr_line' id='line_1_19' title="bbox 526 2175 2495 2269; baseline -0.002 -19"><span class='ocrx_word' id='word_1_132' title='bbox 526 2192 722 2251; x_wconf 89' lang='lat' dir='ltr'>Prom.</span> <span class='ocrx_word' id='word_1_133' title='bbox 755 2193 893 2251; x_wconf 81' lang='lat'>229.</span> <span class='ocrx_word' id='word_1_134' title='bbox 1034 2175 1222 2261; x_wconf 79' lang='grc' dir='ltr'><strong><em>ὅπως</em></strong></span> <span class='ocrx_word' id='word_1_135' title='bbox 1265 2178 1543 2266; x_wconf 84' lang='grc' dir='ltr'><strong><em>τάχιστα</em></strong></span> <span class='ocrx_word' id='word_1_136' title='bbox 1586 2178 1710 2248; x_wconf 83' lang='grc' dir='ltr'>τὸν</span> <span class='ocrx_word' id='word_1_137' title='bbox 1753 2186 2078 2268; x_wconf 77' lang='grc' dir='ltr'><strong><em>πατρῷον</em></strong></span> <span class='ocrx_word' id='word_1_138' title='bbox 2122 2182 2189 2261; x_wconf 77' lang='grc' dir='ltr'>ἐς</span> <span class='ocrx_word' id='word_1_139' title='bbox 2234 2179 2495 2269; x_wconf 85' lang='grc' dir='ltr'><strong><em>θρόνον</em></strong></span> 
     </span>
     <span class='ocr_line' id='line_1_20' title="bbox 1034 2275 2435 2370; baseline 0 -20"><span class='ocrx_word' id='word_1_140' title='bbox 1034 2275 1362 2367; x_wconf 77' lang='grc' dir='ltr'><strong><em>καθέζετ’,</em></strong></span> <span class='ocrx_word' id='word_1_141' title='bbox 1408 2278 1620 2363; x_wconf 72' lang='grc' dir='ltr'><strong><em>εὖθῦς</em></strong></span> <span class='ocrx_word' id='word_1_142' title='bbox 1664 2286 1973 2370; x_wconf 77' lang='grc' dir='ltr'><strong><em>δαίμοσιν</em></strong></span> <span class='ocrx_word' id='word_1_143' title='bbox 2016 2285 2232 2370; x_wconf 84' lang='grc' dir='ltr'><strong><em>νέμει</em></strong></span> <span class='ocrx_word' id='word_1_144' title='bbox 2275 2285 2435 2370; x_wconf 88' lang='grc' dir='ltr'><strong><em>γε’ρα</em></strong></span> 
     </span>
     <span class='ocr_line' id='line_1_21' title="bbox 1036 2380 2274 2472; baseline 0.001 -19"><span class='ocrx_word' id='word_1_145' title='bbox 1036 2380 1344 2454; x_wconf 80' lang='grc' dir='ltr'><strong><em>ἄλλοισιν</em></strong></span> <span class='ocrx_word' id='word_1_146' title='bbox 1392 2382 1586 2468; x_wconf 81' lang='grc' dir='ltr'><strong><em>ἄλλα,</em></strong></span> <span class='ocrx_word' id='word_1_147' title='bbox 1631 2387 1743 2453; x_wconf 81' lang='grc' dir='ltr'>καὶ</span> <span class='ocrx_word' id='word_1_148' title='bbox 1788 2388 2274 2472; x_wconf 78' lang='grc' dir='ltr'><strong><em>διεστοιχίζετο.</em></strong></span> 
     </span>
    </p>

    <p class='ocr_par' dir='ltr' id='par_1_13' title="bbox 611 2496 2773 2967">
     <span class='ocr_line' id='line_1_22' title="bbox 613 2496 2769 2576; baseline 0 -19"><span class='ocrx_word' id='word_1_149' title='bbox 613 2497 1004 2557; x_wconf 83' lang='lat' dir='ltr'>Prometheus</span> <span class='ocrx_word' id='word_1_150' title='bbox 1051 2496 1232 2557; x_wconf 89' lang='lat' dir='ltr'>choro</span> <span class='ocrx_word' id='word_1_151' title='bbox 1279 2497 1702 2573; x_wconf 86' lang='lat' dir='ltr'>obtemperans</span> <span class='ocrx_word' id='word_1_152' title='bbox 1748 2497 1844 2562; x_wconf 88' lang='lat' dir='ltr'>(cf.</span> <span class='ocrx_word' id='word_1_153' title='bbox 1876 2516 1932 2556; x_wconf 83' lang='lat' dir='ltr'>v.</span> <span class='ocrx_word' id='word_1_154' title='bbox 1968 2496 2113 2569; x_wconf 86' lang='lat'>193)</span> <span class='ocrx_word' id='word_1_155' title='bbox 2146 2497 2423 2576; x_wconf 82' lang='lat' dir='ltr'>explicat,</span> <span class='ocrx_word' id='word_1_156' title='bbox 2468 2497 2769 2575; x_wconf 87' lang='lat' dir='ltr'>quomodo</span> 
     </span>
     <span class='ocr_line' id='line_1_23' title="bbox 615 2598 2769 2678; baseline 0 -20"><span class='ocrx_word' id='word_1_157' title='bbox 615 2600 841 2676; x_wconf 86' lang='lat' dir='ltr'>Iupiter</span> <span class='ocrx_word' id='word_1_158' title='bbox 903 2618 1021 2659; x_wconf 94' lang='lat' dir='ltr'>non</span> <span class='ocrx_word' id='word_1_159' title='bbox 1095 2600 1223 2658; x_wconf 92' lang='lat' dir='ltr'>sine</span> <span class='ocrx_word' id='word_1_160' title='bbox 1294 2617 1403 2659; x_wconf 91' lang='lat' dir='ltr'>suo</span> <span class='ocrx_word' id='word_1_161' title='bbox 1464 2598 1750 2676; x_wconf 84' lang='lat' dir='ltr'>prudenti</span> <span class='ocrx_word' id='word_1_162' title='bbox 1817 2599 2061 2659; x_wconf 88' lang='lat' dir='ltr'>consilio</span> <span class='ocrx_word' id='word_1_163' title='bbox 2126 2618 2325 2660; x_wconf 88' lang='lat' dir='ltr'>rerum</span> <span class='ocrx_word' id='word_1_164' title='bbox 2391 2602 2470 2659; x_wconf 88' lang='lat' dir='ltr'>sit</span> <span class='ocrx_word' id='word_1_165' title='bbox 2530 2601 2769 2678; x_wconf 85' lang='lat' dir='ltr'>potitus.</span> 
     </span>
     <span class='ocr_line' id='line_1_24' title="bbox 611 2700 2771 2781; baseline 0 -20"><span class='ocrx_word' id='word_1_166' title='bbox 611 2702 734 2762; x_wconf 90' lang='lat' dir='ltr'>lam</span> <span class='ocrx_word' id='word_1_167' title='bbox 796 2702 871 2762; x_wconf 90' lang='lat' dir='ltr'>ad</span> <span class='ocrx_word' id='word_1_168' title='bbox 933 2720 1099 2762; x_wconf 89' lang='lat' dir='ltr'>suam</span> <span class='ocrx_word' id='word_1_169' title='bbox 1162 2718 1399 2761; x_wconf 88' lang='lat' dir='ltr'>causam</span> <span class='ocrx_word' id='word_1_170' title='bbox 1447 2719 1806 2779; x_wconf 86' lang='lat' dir='ltr'>progressus</span> <span class='ocrx_word' id='word_1_171' title='bbox 1869 2700 2168 2779; x_wconf 89' lang='lat' dir='ltr'>quomodo</span> <span class='ocrx_word' id='word_1_172' title='bbox 2230 2702 2330 2762; x_wconf 89' lang='lat' dir='ltr'>ille</span> <span class='ocrx_word' id='word_1_173' title='bbox 2390 2721 2454 2764; x_wconf 89' lang='lat' dir='ltr'>se</span> <span class='ocrx_word' id='word_1_174' title='bbox 2515 2703 2771 2781; x_wconf 84' lang='lat' dir='ltr'>gesserit</span> 
     </span>
     <span class='ocr_line' id='line_1_25' title="bbox 612 2798 2773 2884; baseline -0 -20"><span class='ocrx_word' id='word_1_175' title='bbox 612 2803 814 2865; x_wconf 83' lang='lat' dir='ltr'>refert.</span> <span class='ocrx_word' id='word_1_176' title='bbox 905 2805 1128 2865; x_wconf 88' lang='lat' dir='ltr'>Iniusta</span> <span class='ocrx_word' id='word_1_177' title='bbox 1158 2804 1317 2864; x_wconf 85' lang='lat' dir='ltr'>Iovis</span> <span class='ocrx_word' id='word_1_178' title='bbox 1346 2805 1496 2865; x_wconf 89' lang='lat' dir='ltr'>ratio</span> <span class='ocrx_word' id='word_1_179' title='bbox 1542 2805 1838 2882; x_wconf 85' lang='lat' dir='ltr'>praesenti</span> <span class='ocrx_word' id='word_1_180' title='bbox 1885 2798 2066 2882; x_wconf 83' lang='grc' dir='ltr'><strong><em>νέμει</em></strong></span> <span class='ocrx_word' id='word_1_181' title='bbox 2109 2805 2330 2882; x_wconf 89' lang='lat' dir='ltr'>optime</span> <span class='ocrx_word' id='word_1_182' title='bbox 2369 2809 2773 2884; x_wconf 84' lang='lat' dir='ltr'>exaggeratur</span> 
     </span>
     <span class='ocr_line' id='line_1_26' title="bbox 615 2907 1067 2967; baseline -0.002 0"><span class='ocrx_word' id='word_1_183' title='bbox 615 2911 674 2967; x_wconf 90' lang='lat' dir='ltr'>et</span> <span class='ocrx_word' id='word_1_184' title='bbox 717 2907 1067 2967; x_wconf 87' lang='lat' dir='ltr'>illustratur.</span> 
     </span>
    </p>

    <p class='ocr_par' dir='ltr' id='par_1_14' title="bbox 613 3009 2773 3294">
     <span class='ocr_line' id='line_1_27' title="bbox 784 3009 2772 3087; baseline -0.001 -16"><span class='ocrx_word' id='word_1_185' title='bbox 784 3010 1059 3071; x_wconf 87' lang='lat' dir='ltr'>Ceterum</span> <span class='ocrx_word' id='word_1_186' title='bbox 1120 3009 1506 3072; x_wconf 87' lang='lat' dir='ltr'>admiraberis</span> <span class='ocrx_word' id='word_1_187' title='bbox 1568 3011 1860 3071; x_wconf 91' lang='lat' dir='ltr'>sermonis</span> <span class='ocrx_word' id='word_1_188' title='bbox 1923 3010 2323 3071; x_wconf 82' lang='lat' dir='ltr'>incredibilem</span> <span class='ocrx_word' id='word_1_189' title='bbox 2371 3010 2772 3087; x_wconf 89' lang='lat' dir='ltr'>mobilitatem,</span> 
     </span>
     <span class='ocr_line' id='line_1_28' title="bbox 615 3104 2773 3192; baseline -0 -20"><span class='ocrx_word' id='word_1_190' title='bbox 615 3113 757 3191; x_wconf 88' lang='lat' dir='ltr'>quia</span> <span class='ocrx_word' id='word_1_191' title='bbox 800 3113 1101 3188; x_wconf 87' lang='lat' dir='ltr'>praesenti</span> <span class='ocrx_word' id='word_1_192' title='bbox 1149 3104 1326 3190; x_wconf 82' lang='grc' dir='ltr'><strong><em>νέμει</em></strong></span> <span class='ocrx_word' id='word_1_193' title='bbox 1371 3113 1567 3173; x_wconf 88' lang='lat' dir='ltr'>statim</span> <span class='ocrx_word' id='word_1_194' title='bbox 1616 3113 1881 3173; x_wconf 85' lang='lat' dir='ltr'>adhibita</span> <span class='ocrx_word' id='word_1_195' title='bbox 1926 3114 2268 3191; x_wconf 86' lang='lat' dir='ltr'>copulativa</span> <span class='ocrx_word' id='word_1_196' title='bbox 2318 3114 2618 3192; x_wconf 87' lang='lat' dir='ltr'>particula</span> <span class='ocrx_word' id='word_1_197' title='bbox 2658 3106 2773 3172; x_wconf 83' lang='grc' dir='ltr'>καὶ</span> 
     </span>
     <span class='ocr_line' id='line_1_29' title="bbox 613 3210 2769 3294; baseline -0.001 -19"><span class='ocrx_word' id='word_1_198' title='bbox 613 3214 959 3292; x_wconf 86' lang='lat' dir='ltr'>adiungitur</span> <span class='ocrx_word' id='word_1_199' title='bbox 1004 3214 1416 3293; x_wconf 82' lang='lat' dir='ltr'>imperfectum</span> <span class='ocrx_word' id='word_1_200' title='bbox 1465 3210 1957 3293; x_wconf 75' lang='grc' dir='ltr'><strong><em>διεστοιχίζετο,</em></strong></span> <span class='ocrx_word' id='word_1_201' title='bbox 2020 3221 2086 3277; x_wconf 89' lang='lat' dir='ltr'>ut</span> <span class='ocrx_word' id='word_1_202' title='bbox 2130 3217 2270 3276; x_wconf 83' lang='lat' dir='ltr'>alibi</span> <span class='ocrx_word' id='word_1_203' title='bbox 2315 3215 2660 3294; x_wconf 90' lang='lat' dir='ltr'>saepissime</span> <span class='ocrx_word' id='word_1_204' title='bbox 2678 3213 2769 3287; x_wconf 74' lang='lat'>⁴⁰).</span> 
     </span>
    </p>

    <p class='ocr_par' dir='ltr' id='par_1_15' title="bbox 531 3300 2772 3601">
     <span class='ocr_line' id='line_1_30' title="bbox 531 3300 2772 3396; baseline -0.001 -18"><span class='ocrx_word' id='word_1_205' title='bbox 531 3317 693 3396; x_wconf 87' lang='lat' dir='ltr'>Sept.</span> <span class='ocrx_word' id='word_1_206' title='bbox 726 3321 866 3380; x_wconf 85' lang='lat'>671.</span> <span class='ocrx_word' id='word_1_207' title='bbox 896 3335 1063 3395; x_wconf 86' lang='lat' dir='ltr'>seqq.</span> <span class='ocrx_word' id='word_1_208' title='bbox 1103 3318 1161 3377; x_wconf 92' lang='lat' dir='ltr'>in</span> <span class='ocrx_word' id='word_1_209' title='bbox 1196 3317 1540 3396; x_wconf 83' lang='lat' dir='ltr'>Amphiarai</span> <span class='ocrx_word' id='word_1_210' title='bbox 1580 3317 2011 3395; x_wconf 85' lang='lat' dir='ltr'>descriptione:</span> <span class='ocrx_word' id='word_1_211' title='bbox 2044 3300 2445 3396; x_wconf 75' lang='grc' dir='ltr'><strong><em>Ὁμολωίσιν</em></strong></span> <span class='ocrx_word' id='word_1_212' title='bbox 2489 3310 2559 3376; x_wconf 75' lang='grc' dir='ltr'>δὲ</span> <span class='ocrx_word' id='word_1_213' title='bbox 2602 3306 2772 3396; x_wconf 85' lang='grc' dir='ltr'><strong><em>πρὸς</em></strong></span> 
     </span>
     <span class='ocr_line' id='line_1_31' title="bbox 613 3406 2772 3498; baseline 0 -20"><span class='ocrx_word' id='word_1_214' title='bbox 613 3409 856 3492; x_wconf 70' lang='grc' dir='ltr'><strong><em>πύλαις</em></strong></span> <span class='ocrx_word' id='word_1_215' title='bbox 898 3414 1293 3498; x_wconf 80' lang='grc' dir='ltr'><strong><em>τεταγμένος</em></strong></span> <span class='ocrx_word' id='word_1_216' title='bbox 1336 3426 1604 3481; x_wconf 83' lang='grc' dir='ltr'><strong><em>κακοῖσι</em></strong></span> <span class='ocrx_word' id='word_1_217' title='bbox 1648 3410 1864 3496; x_wconf 78' lang='grc' dir='ltr'><strong><em>βάζει</em></strong></span> <span class='ocrx_word' id='word_1_218' title='bbox 1909 3406 2135 3480; x_wconf 78' lang='grc' dir='ltr'><strong><em>πολλὰ</em></strong></span> <span class='ocrx_word' id='word_1_219' title='bbox 2187 3414 2443 3491; x_wconf 80' lang='grc' dir='ltr'><strong><em>Τυδέως</em></strong></span> <span class='ocrx_word' id='word_1_220' title='bbox 2487 3414 2644 3494; x_wconf 85' lang='grc' dir='ltr'><strong><em>βίαν</em></strong></span> <span class='ocrx_word' id='word_1_221' title='bbox 2689 3449 2772 3459; x_wconf 91' lang='lat'>-——</span> 
     </span>
     <span class='ocr_line' id='line_1_32' title="bbox 615 3506 2484 3601; baseline 0 -19"><span class='ocrx_word' id='word_1_222' title='bbox 615 3529 676 3582; x_wconf 85' lang='lat' dir='ltr'>et</span> <span class='ocrx_word' id='word_1_223' title='bbox 714 3525 870 3584; x_wconf 84' lang='lat'>579:</span> <span class='ocrx_word' id='word_1_224' title='bbox 1043 3515 1143 3593; x_wconf 93' lang='grc' dir='ltr'>δίς</span> <span class='ocrx_word' id='word_1_225' title='bbox 1186 3506 1321 3581; x_wconf 79' lang='grc' dir='ltr'><strong><em>τ’ἐν</em></strong></span> <span class='ocrx_word' id='word_1_226' title='bbox 1366 3518 1640 3599; x_wconf 68' lang='grc' dir='ltr'><strong><em>τελευτῇ</em></strong></span> <span class='ocrx_word' id='word_1_227' title='bbox 1678 3509 1956 3601; x_wconf 76' lang='grc' dir='ltr'><strong><em>τοῦνομ’</em></strong></span> <span class='ocrx_word' id='word_1_228' title='bbox 2000 3512 2484 3601; x_wconf 72' lang='grc' dir='ltr'><strong><em>ἐνδατούμενος</em></strong></span> 
     </span>
    </p>

    <p class='ocr_par' dir='ltr' id='par_1_16' title="bbox 1038 3610 2534 3703">
     <span class='ocr_line' id='line_1_33' title="bbox 1038 3610 2534 3703; baseline 0.001 -21"><span class='ocrx_word' id='word_1_229' title='bbox 1038 3623 1290 3697; x_wconf 80' lang='grc' dir='ltr'><strong><em>καλεῖ,</em></strong></span> <span class='ocrx_word' id='word_1_230' title='bbox 1339 3618 1551 3703; x_wconf 81' lang='grc' dir='ltr'><strong><em>λέγει</em></strong></span> <span class='ocrx_word' id='word_1_231' title='bbox 1598 3619 1669 3685; x_wconf 76' lang='grc' dir='ltr'>δὲ</span> <span class='ocrx_word' id='word_1_232' title='bbox 1715 3611 1899 3684; x_wconf 75' lang='grc' dir='ltr'><strong><em>τοῦτ’</em></strong></span> <span class='ocrx_word' id='word_1_233' title='bbox 1944 3615 2106 3697; x_wconf 82' lang='grc' dir='ltr'><strong><em>ἔπος</em></strong></span> <span class='ocrx_word' id='word_1_234' title='bbox 2152 3610 2260 3685; x_wconf 79' lang='grc' dir='ltr'><strong><em>διὰ</em></strong></span> <span class='ocrx_word' id='word_1_235' title='bbox 2303 3613 2534 3702; x_wconf 88' lang='grc' dir='ltr'><strong><em>στόμα.</em></strong></span> 
     </span>
    </p>
   </div>
   <div class='ocr_carea' id='block_1_3' title="bbox 614 3712 2773 3909">
    <p class='ocr_par' dir='ltr' id='par_1_17' title="bbox 614 3712 2773 3909">
     <span class='ocr_line' id='line_1_34' title="bbox 615 3712 2773 3807; baseline -0.001 -20"><span class='ocrx_word' id='word_1_236' title='bbox 615 3728 767 3787; x_wconf 89' lang='lat' dir='ltr'>Nam</span> <span class='ocrx_word' id='word_1_237' title='bbox 831 3744 986 3804; x_wconf 89' lang='lat' dir='ltr'>quae</span> <span class='ocrx_word' id='word_1_238' title='bbox 1047 3731 1414 3804; x_wconf 85' lang='lat' dir='ltr'>sequuntur:</span> <span class='ocrx_word' id='word_1_239' title='bbox 1477 3712 1746 3787; x_wconf 80' lang='grc' dir='ltr'><strong><em>τοιαῦθ’</em></strong></span> <span class='ocrx_word' id='word_1_240' title='bbox 1812 3714 1849 3787; x_wconf 86' lang='grc' dir='ltr'>ὁ</span> <span class='ocrx_word' id='word_1_241' title='bbox 1909 3716 2146 3805; x_wconf 83' lang='grc' dir='ltr'><strong><em>μάντις</em></strong></span> <span class='ocrx_word' id='word_1_242' title='bbox 2205 3763 2284 3772; x_wconf 93' lang='grc'>-</span> <span class='ocrx_word' id='word_1_243' title='bbox 2339 3714 2528 3807; x_wconf 82' lang='grc' dir='ltr'><strong><em>ηὔδα.</em></strong></span> <span class='ocrx_word' id='word_1_244' title='bbox 2604 3723 2773 3807; x_wconf 87' lang='grc' dir='ltr'><strong><em>σῆμα</em></strong></span> 
     </span>
     <span class='ocr_line' id='line_1_35' title="bbox 614 3813 2771 3909; baseline -0 -20"><span class='ocrx_word' id='word_1_245' title='bbox 614 3813 802 3889; x_wconf 74' lang='grc' dir='ltr'><strong><em>δὀὐκ</em></strong></span> <span class='ocrx_word' id='word_1_246' title='bbox 866 3820 1038 3909; x_wconf 77' lang='grc' dir='ltr'><strong><em>ἐπῆν</em></strong></span> <span class='ocrx_word' id='word_1_247' title='bbox 1091 3819 1321 3908; x_wconf 81' lang='grc' dir='ltr'><strong><em>κύκλῳ</em></strong></span> <span class='ocrx_word' id='word_1_248' title='bbox 1384 3861 1465 3871; x_wconf 89' lang='lat'>-—</span> <span class='ocrx_word' id='word_1_249' title='bbox 1530 3831 1862 3908; x_wconf 86' lang='lat' dir='ltr'>praesentis</span> <span class='ocrx_word' id='word_1_250' title='bbox 1924 3830 2187 3891; x_wconf 88' lang='lat' dir='ltr'>historici</span> <span class='ocrx_word' id='word_1_251' title='bbox 2250 3829 2539 3907; x_wconf 83' lang='lat' dir='ltr'>exemplis</span> <span class='ocrx_word' id='word_1_252' title='bbox 2586 3828 2771 3889; x_wconf 87' lang='lat' dir='ltr'>adnu-</span> 
     </span>
    </p>
   </div>
   <div class='ocr_carea' id='block_1_4' title="bbox 528 3983 2774 4319">
    <p class='ocr_par' dir='ltr' id='par_1_18' title="bbox 530 3983 2774 4153">
     <span class='ocr_line' id='line_1_36' title="bbox 699 3983 2774 4062; baseline 0 -17"><span class='ocrx_word' id='word_1_253' title='bbox 699 3994 767 4059; x_wconf 67' lang='grc' dir='ltr'>3θ)</span> <span class='ocrx_word' id='word_1_254' title='bbox 801 3991 999 4061; x_wconf 89' lang='lat' dir='ltr'>Itaque</span> <span class='ocrx_word' id='word_1_255' title='bbox 1053 3997 1204 4046; x_wconf 88' lang='lat' dir='ltr'>recte</span> <span class='ocrx_word' id='word_1_256' title='bbox 1241 4008 1293 4047; x_wconf 88' lang='lat' dir='ltr'>v.</span> <span class='ocrx_word' id='word_1_257' title='bbox 1329 3996 1428 4046; x_wconf 75' lang='lat'>5⁴2</span> <span class='ocrx_word' id='word_1_258' title='bbox 1462 3990 1706 4062; x_wconf 27' lang='lat' dir='ltr'>&#39;Waketl</span> <span class='ocrx_word' id='word_1_259' title='bbox 1753 3993 2037 4062; x_wconf 84' lang='lat' dir='ltr'>vulgatam</span> <span class='ocrx_word' id='word_1_260' title='bbox 2088 3992 2467 4061; x_wconf 85' lang='lat' dir='ltr'>scriptionem:</span> <span class='ocrx_word' id='word_1_261' title='bbox 2525 3983 2774 4062; x_wconf 80' lang='grc' dir='ltr'><strong><em>γόμφοις</em></strong></span> 
     </span>
     <span class='ocr_line' id='line_1_37' title="bbox 530 4073 2448 4153; baseline -0.001 -19"><span class='ocrx_word' id='word_1_262' title='bbox 530 4073 727 4147; x_wconf 77' lang='grc' dir='ltr'><strong><em>ἐνώμα</em></strong></span> <span class='ocrx_word' id='word_1_263' title='bbox 762 4077 1021 4146; x_wconf 78' lang='lat' dir='ltr'>mutavit,</span> <span class='ocrx_word' id='word_1_264' title='bbox 1054 4076 1135 4131; x_wconf 82' lang='lat' dir='ltr'>ita</span> <span class='ocrx_word' id='word_1_265' title='bbox 1168 4084 1232 4132; x_wconf 83' lang='lat' dir='ltr'>ut</span> <span class='ocrx_word' id='word_1_266' title='bbox 1266 4093 1530 4147; x_wconf 88' lang='lat' dir='ltr'>praesens</span> <span class='ocrx_word' id='word_1_267' title='bbox 1565 4079 1912 4134; x_wconf 75' lang='lat' dir='ltr'>restitueret:</span> <span class='ocrx_word' id='word_1_268' title='bbox 1951 4073 2232 4147; x_wconf 84' lang='grc' dir='ltr'><strong><em>γόμφοισι</em></strong></span> <span class='ocrx_word' id='word_1_269' title='bbox 2267 4081 2448 4153; x_wconf 79' lang='grc' dir='ltr'><strong><em>νωμᾷ.</em></strong></span> 
     </span>
    </p>

    <p class='ocr_par' dir='ltr' id='par_1_19' title="bbox 528 4159 2771 4319">
     <span class='ocr_line' id='line_1_38' title="bbox 699 4159 2769 4234; baseline -0.001 -16"><span class='ocrx_word' id='word_1_270' title='bbox 699 4166 766 4224; x_wconf 78' lang='lat'>⁴⁰)</span> <span class='ocrx_word' id='word_1_271' title='bbox 800 4164 1008 4219; x_wconf 86' lang='lat' dir='ltr'>Eadem</span> <span class='ocrx_word' id='word_1_272' title='bbox 1057 4179 1179 4218; x_wconf 86' lang='lat' dir='ltr'>cnm</span> <span class='ocrx_word' id='word_1_273' title='bbox 1225 4161 1496 4220; x_wconf 84' lang='lat' dir='ltr'>facilitate</span> <span class='ocrx_word' id='word_1_274' title='bbox 1542 4178 1808 4234; x_wconf 84' lang='lat' dir='ltr'>praesens</span> <span class='ocrx_word' id='word_1_275' title='bbox 1856 4170 1914 4219; x_wconf 88' lang='lat' dir='ltr'>et</span> <span class='ocrx_word' id='word_1_276' title='bbox 1956 4164 2196 4219; x_wconf 84' lang='lat' dir='ltr'>aoristus</span> <span class='ocrx_word' id='word_1_277' title='bbox 2239 4162 2480 4218; x_wconf 85' lang='lat' dir='ltr'>invicem</span> <span class='ocrx_word' id='word_1_278' title='bbox 2526 4176 2587 4217; x_wconf 90' lang='lat' dir='ltr'>se</span> <span class='ocrx_word' id='word_1_279' title='bbox 2623 4159 2769 4218; x_wconf 84' lang='lat' dir='ltr'>exci-</span> 
     </span>
     <span class='ocr_line' id='line_1_39' title="bbox 528 4248 2771 4319; baseline -0.001 -16"><span class='ocrx_word' id='word_1_280' title='bbox 528 4249 704 4319; x_wconf 85' lang='lat' dir='ltr'>piunt.</span> <span class='ocrx_word' id='word_1_281' title='bbox 761 4248 845 4305; x_wconf 89' lang='lat' dir='ltr'>Cf.</span> <span class='ocrx_word' id='word_1_282' title='bbox 870 4250 1024 4305; x_wconf 85' lang='lat' dir='ltr'>Pers.</span> <span class='ocrx_word' id='word_1_283' title='bbox 1050 4253 1149 4304; x_wconf 83' lang='grc'>409</span> <span class='ocrx_word' id='word_1_284' title='bbox 1171 4264 1288 4318; x_wconf 85' lang='lat' dir='ltr'>seq.</span> <span class='ocrx_word' id='word_1_285' title='bbox 1314 4253 1568 4305; x_wconf 76' lang='lat'>465—70.</span> <span class='ocrx_word' id='word_1_286' title='bbox 1595 4254 1711 4305; x_wconf 79' lang='grc'>497.</span> <span class='ocrx_word' id='word_1_287' title='bbox 1747 4249 1901 4318; x_wconf 82' lang='lat' dir='ltr'>Sept.</span> <span class='ocrx_word' id='word_1_288' title='bbox 1929 4254 2025 4304; x_wconf 79' lang='lat'>797</span> <span class='ocrx_word' id='word_1_289' title='bbox 2047 4264 2202 4319; x_wconf 89' lang='lat' dir='ltr'>seqq.</span> <span class='ocrx_word' id='word_1_290' title='bbox 2237 4249 2398 4303; x_wconf 86' lang='lat' dir='ltr'>Eum.</span> <span class='ocrx_word' id='word_1_291' title='bbox 2417 4251 2646 4317; x_wconf 80' lang='lat' dir='ltr'>634seq.</span> <span class='ocrx_word' id='word_1_292' title='bbox 2666 4252 2771 4302; x_wconf 89' lang='lat' dir='ltr'>etc.</span> 
     </span>
    </p>
   </div>
  </div>
 </body>
</html>
