3166 4871
2504 272 2626 335 335

382 449 737 510 vocabulum
786 451 1146 511 antecedens
1189 452 1247 510 in
1297 452 1487 510 vocali
1540 458 1644 510 aut
1689 452 1889 510 littera
1933 469 1988 508 m
2037 449 2358 517 desinebat,
2401 452 2456 505 st
2495 467 2626 523 pro-

383 553 718 612 nuntiatum
766 558 872 629 est,
918 554 1008 612 his
1041 555 1184 614 locis
1214 560 1410 612 autem
1456 571 1521 613 re
1565 571 1713 612 vera
1757 551 2022 612 secundo
2071 552 2203 611 loco
2234 551 2489 629 positum
2520 558 2626 610 est.

382 685 465 694 --
510 660 699 714 restat
742 673 900 716 nnus
945 657 1129 734 locus,
1175 656 1270 716 ubi
1317 657 1491 716 etiam
1525 657 1586 715 in
1617 656 1888 731 Encolpii
1920 672 2194 714 sermone
2225 659 2423 711 autem
2453 653 2625 712 tertio

380 757 513 817 loco
558 759 822 835 ponitur,
867 778 916 818 c.
951 763 1072 821 140
1103 760 1268 835 (204,
1301 755 1379 830 6).
1453 758 1556 819 sed
1607 757 1683 817 ibi
1729 758 1803 817 ad
1851 757 2180 817 orationem
2226 756 2512 815 tumidam
2556 775 2626 815 ac

382 861 724 920 sollemnem
785 861 1014 938 potius,
1081 880 1259 938 quam
1305 860 1381 921 ad
1430 861 1761 921 liberiorem
1808 879 1879 919 ac
1925 858 2428 937 neglegentiorem
2477 857 2625 917 refe-

384 961 632 1022 rendum
696 969 802 1023 cst.
889 982 960 1024 eo
1005 964 1199 1035 enim,
1267 963 1428 1040 quod
1475 971 1670 1022 aulem
1716 964 1889 1022 tertio
1936 962 2067 1022 loco
2113 960 2388 1038 ponitur,
2454 978 2625 1019 accu-

383 1065 676 1124 ratissima
756 1067 943 1125 oritur
1016 1065 1386 1142 singulorum
1469 1064 1859 1125 membrorum
1937 1065 2248 1141 responsio
2321 1063 2624 1138 totiusque

384 1167 673 1227 enuntiati
727 1168 1127 1242 concinnitate,
1191 1186 1366 1245 quam
1414 1168 1675 1246 scriptor
1722 1168 1835 1227 hoc
1879 1167 2010 1227 loco
2055 1170 2261 1242 aperte
2307 1164 2626 1224 affectavit.

383 1269 633 1345 legimus
677 1269 863 1329 enim:
920 1270 1084 1329 uude
1116 1271 1298 1345 plani
1340 1276 1573 1342 autem,
1635 1271 1792 1329 unde
1834 1271 2137 1328 levatores
2182 1269 2461 1339 viverent,
2507 1266 2629 1324 nisi

382 1378 488 1429 auc
532 1372 782 1431 locellos
826 1378 931 1430 aut
973 1377 1263 1432 sonantes
1306 1388 1451 1432 aere
1492 1374 1788 1431 saccellos
1832 1390 1881 1432 e.
1926 1390 1983 1447 q.
2028 1390 2074 1430 s.

1247 1560 1283 1631 ξ
1330 1563 1385 1620 7.
1473 1561 1752 1616 Tamen.

560 1679 775 1739 Tamen
833 1679 1184 1757 particulam
1250 1681 1566 1740 Petronius
1628 1660 1920 1757 persaepe
1981 1681 2232 1756 usurpat
2298 1677 2407 1750 (70
2464 1675 2627 1734 locos

381 1778 759 1859 notavi),‘et
801 1783 1042 1842 omnino
1087 1782 1247 1860 apud
1296 1782 1619 1860 scriptores
1668 1781 2013 1842 recentioris
2056 1781 2221 1855 aevi,
2286 1783 2351 1837 ut
2395 1777 2624 1850 Quinti-

382 1884 635 1960 lianum,
695 1884 1012 1960 Senecam,
1075 1886 1381 1963 Tacitum,
1441 1886 1684 1960 saepius
1728 1884 1964 1943 videtur
2007 1881 2291 1956 inveniri,
2337 1898 2515 1956 quam
2564 1880 2621 1937 in

382 1983 695 2061 prioribus.
781 1986 1023 2063 ponitur
1083 1988 1237 2045 enim
1284 2006 1319 2045 a
1363 1986 1648 2045 Petronio
1697 1991 1762 2045 ut
1805 1985 1962 2046 infra
2008 1983 2368 2058 videbimus,
2429 1981 2628 2057 etiam,

382 2085 481 2145 ubi
542 2085 615 2145 ab
674 2086 804 2145 aliis
863 2087 1254 2162 scriptoribus
1325 2088 1681 2165 plerumque
1740 2089 1894 2147 aliae
1956 2086 2402 2146 coniunctiones
2459 2083 2623 2143 adhi-

378 2188 612 2249 bentur.
699 2208 771 2248 ac
813 2189 1064 2266 primum
1111 2191 1348 2267 quidem
1380 2191 1722 2266 saepissime
1755 2189 1979 2251 indicat
2007 2189 2337 2266 graviorem
2371 2187 2623 2246 duarum

382 2291 810 2352 sententiarum
859 2293 1310 2370 oppositionem,
1354 2295 1435 2352 ita
1482 2300 1700 2370 tamen,
1745 2299 1811 2353 ut
1854 2294 2020 2370 prior
2066 2293 2180 2351 vim
2230 2290 2443 2350 habeat
2488 2308 2623 2349 con·

380 2395 683 2472 cessivam,
728 2397 1025 2471 posterior
1068 2394 1526 2457 adversativam.
1616 2396 1689 2458 cf.
1735 2416 1781 2456 c.
1825 2400 1904 2459 33
1951 2396 2074 2474 (35,
2109 2391 2188 2468 7),
2232 2399 2312 2456 42
2361 2396 2485 2472 (46,
2520 2392 2623 2465 12)

380 2497 566 2555 mult-a
611 2498 743 2556 alia.
819 2498 974 2557 hand
1024 2517 1159 2559 raro
1207 2499 1370 2559 notio
1418 2501 1765 2560 concessiva
1810 2500 1870 2559 in
1903 2498 2201 2558 sententia
2231 2495 2622 2557 antecedente

379 2601 685 2676 particulis
746 2600 1108 2660 concessivis
1166 2601 1427 2662 indicata
1488 2611 1606 2679 est,
1672 2604 1839 2662 velut
1908 2602 2204 2679 particula
2264 2602 2380 2659 elsi
2448 2620 2496 2659 c.
2545 2605 2621 2660 15

378 2702 504 2779 (16,
539 2702 640 2774 17)
686 2709 746 2763 et
795 2709 913 2765 125
947 2703 1116 2783 (172,
1146 2703 1244 2780 9);
1303 2706 1400 2765 vel
1448 2707 1684 2764 etiamsi
1713 2725 1761 2764 c.
1798 2710 1871 2766 71
1924 2704 2050 2781 (84,
2082 2709 2139 2782 9,
2185 2705 2280 2763 ubi
2328 2705 2412 2763 sic
2444 2704 2621 2762 inter-

378 2807 767 2883 pungendum
814 2807 1083 2867 videtur:
1129 2813 1185 2866 et
1229 2811 1390 2867 servi
1430 2808 1695 2867 homines
1722 2815 1860 2867 sunt
1892 2813 1950 2866 et
1979 2823 2169 2881 aeque
2200 2823 2377 2864 unum
2409 2808 2620 2865 lactem

378 2905 674 2966 biberant.
764 2910 995 2968 etiamsi
1038 2911 1174 2968 illos
1216 2912 1414 2969 malus
1452 2911 1633 2982 fatus
1677 2913 2020 2984 oppressit,
2090 2917 2283 2967 tamen
2325 2925 2414 2967 me
2454 2909 2621 2967 salvo

377 3010 496 3068 cito
557 3025 775 3083 aquam
829 3009 1081 3069 liberam
1140 3011 1528 3089 cauabant),
1599 3017 1720 3072 110
1764 3011 1931 3088 (136,
1977 3009 2068 3090 1),
2132 3016 2250 3072 126
2297 3009 2620 3087 (173,16),

384 3115 501 3173 129
533 3111 701 3190 (179,
735 3111 866 3186 10);
936 3115 1031 3173 vel
1077 3115 1134 3172 si
1178 3132 1289 3190 pro
1335 3116 1450 3173 etsi
1494 3134 1540 3174 c.
1574 3119 1656 3175 48
1704 3118 1961 3192 (55,17)
2015 3120 2074 3174 et
2122 3118 2238 3174 107
2287 3112 2454 3188 (129,
2490 3112 2619 3190 19),

376 3214 474 3273 vcl
517 3231 650 3274 cum
695 3234 744 3274 c.
779 3221 853 3276 71
903 3215 1029 3290 (85,
1063 3219 1180 3284 12).
1269 3222 1373 3276 aut
1433 3217 1765 3278 sententiae
1826 3217 1922 3276 vel
1983 3217 2256 3277 notiones
2314 3216 2619 3292 particulis

375 3317 862 3390 quidem-tamen
908 3318 1207 3378 diiunctae
1252 3323 1408 3397 sunt,
1453 3324 1518 3378 ut
1563 3339 1610 3379 c.
1644 3323 1725 3380 20
1770 3318 1898 3397 (22,
1932 3323 2027 3398 10,
2073 3319 2168 3378 ubi
2212 3319 2618 3379 Buechelerus
2667 3336 2671 3339 ⁴

377 3438 508 3478 cum
541 3421 789 3480 Heinsio
821 3421 881 3479 in
916 3420 1054 3480 edit.
1115 3440 1169 3481 a.
1198 3425 1355 3482 1871
1392 3422 1627 3481 scribit:
1670 3422 1830 3480 solus
1862 3427 2093 3480 tantum
2122 3421 2617 3481 medicamentum

375 3521 652 3580 ebibisti?
712 3522 817 3581 sed
876 3526 998 3582 tum
1059 3523 1378 3599 insequens
1425 3525 1812 3600 interrogatio
1858 3541 2066 3600 parum
2113 3530 2253 3601 apte
2299 3542 2409 3601 per
2455 3525 2619 3582 itane

375 3624 505 3682 esc?
564 3623 1015 3696 adnecteretur,
1072 3644 1227 3702 quae
1270 3626 1525 3685 formula
1570 3627 1648 3686 ibi
1695 3630 1922 3686 tantum
1970 3633 2114 3704 apta
2160 3631 2278 3699 est,
2326 3626 2424 3686 ubi
2472 3626 2617 3703 quid

373 3731 552 3784 antea
596 3725 987 3806 affirmatum,
1033 3747 1169 3805 non,
1214 3729 1314 3788 ubi
1359 3729 1789 3805 interrogatum
1837 3726 1969 3801 est.)
2030 3733 2090 3790 et
2152 3734 2269 3791 127
2334 3728 2500 3803 (176,
2534 3726 2615 3801 3),

372 3833 432 3886 et
489 3826 799 3903 particulis
856 3845 975 3888 non
1033 3830 1428 3904 quidem-sed
1486 3837 1678 3891 tamen
1738 3852 1787 3892 c.
1823 3837 1899 3893 12
1945 3831 2070 3906 (14,
2106 3829 2182 3904 1).
2271 3834 2361 3893 vis
2407 3832 2617 3892 adver-

371 3931 594 4008 sativa,
652 3949 807 4008 quae
854 3932 966 3991 iam
1015 3951 1122 4010 per
1166 3951 1235 4002 se,
1276 3952 1491 4010 magna
1536 3934 1692 3994 inest
1735 3934 1794 3993 in
1843 3939 2055 4007 tamen,
2104 3935 2279 3994 etiam
2326 3934 2617 4012 adaugeri

371 4039 568 4109 potest
613 4033 815 4094 addita
859 4035 1153 4111 particula
1195 4036 1337 4106 sed,
1393 4041 1459 4094 ut
1504 4056 1554 4095 c.
1607 4039 1679 4096 12
1727 4036 1852 4114 (14,
1887 4036 1978 4108 1),
2048 4041 2125 4098 65
2171 4034 2467 4114 (78,11),
2531 4033 2613 4099 83

372 4133 496 4213 (98,
536 4132 666 4213 14),
739 4137 836 4195 vel
894 4136 1312 4210 nihilominus,
1383 4143 1449 4197 ut
1509 4158 1558 4197 c.
1605 4142 1723 4199 108
1770 4138 1937 4216 (131,
1972 4136 2091 4211 15).
2195 4139 2268 4198 cf.
2315 4139 2510 4198 Hand.
2555 4140 2613 4199 11

373 4240 514 4314 201,
559 4242 614 4298 5.
676 4269 758 4279 --
822 4240 1133 4316 negativae
1206 4239 1497 4300 formulae
1564 4242 1949 4301 inveniuntur
2017 4242 2160 4302 hae:
2233 4257 2353 4299 non
2419 4246 2615 4301 tamen
