3166 4871
580 280 704 341 220
1610 274 1865 329 zacher

579 460 964 531 generantem
995 470 1281 530 pecorum
1313 453 1669 530 praesidem,
1714 454 1888 513 cuius
1918 456 2119 513 statua
2149 452 2224 512 ad
2256 470 2477 530 pecora
2505 456 2567 512 ct
2594 452 2837 513 stabula

579 553 971 615 custodienda
1035 558 1288 632 propter
1353 555 1510 614 fores
1576 558 1921 631 poneretur.
2026 555 2185 615 Hinc
2245 556 2307 615 in
2377 557 2584 615 urbem
2653 555 2834 613 etiam

579 657 908 718 wauslatus
938 662 1027 717 est
1056 656 1152 716 hic
1183 674 1309 717 mos
1339 661 1674 717 statuarum
1722 657 2155 733 ponendarum‚
2203 662 2261 716 et
2296 658 2545 743 jamjam
2594 656 2837 734 phallus

582 759 679 820 ille
740 763 978 820 erectus
1041 759 1229 836 magis
1296 760 1609 836 magisque
1670 761 2019 837 apotropaei
2063 764 2291 821 tantum
2340 758 2835 837 significationem

583 862 839 940 accepit,
883 861 987 940 qui
1034 861 1358 939 adspectus
1400 863 1490 921 sui
1538 861 1913 939 turpitudine
1958 880 2076 923 non
2123 863 2363 922 oculum
2410 866 2641 921 tantum
2689 862 2836 919 invi⁴

582 964 723 1024 dum
778 982 852 1024 ac
912 963 1339 1024 fascinationes
1398 962 1579 1041 (quae
1641 965 1769 1025 sola
1827 964 1953 1025 fere
2009 966 2254 1042 respicit
2305 964 2463 1026 Jahn
2509 964 2546 1023 1.
2577 964 2667 1040 1.),
2724 962 2835 1022 sed

584 1065 887 1145 quaelibet
930 1068 1086 1126 mala
1129 1072 1453 1143 averteret,
1512 1072 1579 1126 ut
1624 1068 1903 1143 Priapum
1963 1067 2037 1127 ad
2097 1067 2261 1126 fures
2318 1067 2571 1126 maxime
2625 1083 2836 1125 arcen-

586 1169 696 1229 dos
740 1170 994 1246 positum
1042 1187 1176 1230 esse
1219 1174 1483 1245 constat,
1549 1168 1622 1228 ef.
1668 1170 1814 1229 Hor.
1859 1169 1980 1229 Sat.
2026 1171 2080 1246 1,
2126 1166 2191 1246 8,
2236 1166 2274 1226 3
2304 1187 2437 1245 sqq.
2493 1169 2690 1245 Priap.
2744 1164 2836 1225 13.

592 1269 688 1330 15.
736 1268 830 1331 17.
875 1267 974 1331 22.
1019 1268 1098 1329 23
1152 1290 1313 1349 saep.
1405 1272 1597 1332 Etiam
1644 1272 1910 1331 Hecatae
1972 1278 2111 1332 ante
2166 1275 2369 1348 portas
2433 1272 2663 1348 positae
2719 1269 2837 1329 hoc

587 1392 803 1435 munus
843 1380 990 1451 erat,
1033 1393 1218 1450 quum
1252 1373 1417 1434 etad
1464 1373 1581 1433 alia
1626 1374 1760 1434 loca
1805 1393 1842 1432 a
1887 1375 2260 1433 contumeliis
2304 1372 2688 1434 defendenda
2732 1370 2838 1432 ad·

587 1477 923 1554 biberetur,
983 1476 1055 1536 cf.
1099 1477 1545 1553 inscriptionem
1593 1477 1702 1536 sub
1748 1477 2017 1536 Hecatae
2061 1476 2259 1554 effigie
2305 1478 2627 1536 exaratam·
2656 1494 2836 1552 quam

586 1580 745 1641 Jahn
789 1578 825 1637 l.
857 1579 891 1637 l.
937 1597 994 1655 p.
1027 1574 1104 1635 87
1155 1580 1357 1639 affert:
1402 1577 1723 1655 „Quisquis
1766 1579 1825 1637 in
1873 1596 1944 1638 eo
1991 1579 2123 1638 vico
2170 1582 2402 1638 stercus
2449 1596 2565 1638 non
2610 1577 2839 1653 poserit

587 1688 694 1743 aut
751 1700 867 1742 non
929 1680 1231 1740 cacaverit
1289 1685 1394 1740 aut
1450 1699 1571 1740 non
1618 1680 1917 1756 miaverit,
1975 1681 2027 1739 is
2074 1679 2289 1740 habeat
2334 1680 2467 1740 illas
2508 1680 2839 1759 propitias;

589 1785 638 1845 si
686 1783 1047 1861 neglexerit,
1091 1777 1356 1843 viderit“.
1445 1784 1582 1843 Mox
1631 1801 1814 1860 quum
1862 1784 2168 1861 propriam
2214 1783 2372 1842 illius
2417 1782 2515 1842 dei
2560 1788 2837 1842 naturam

590 1892 793 1948 essent
823 1886 1015 1963 obliti,
1061 1904 1196 1947 eum
1245 1886 1397 1945 hanc
1443 1888 1699 1946 maxime
1744 1886 1818 1946 ob
1852 1904 2092 1946 causam
2138 1891 2279 1946 ante
2325 1886 2533 1946 domos
2578 1886 2837 1962 positum

589 1992 901 2069 putantes,
959 1994 1040 2051 ut.
1078 1988 1245 2049 fures
1304 1988 1674 2068 defenderet,
1717 2008 1940 2049 morem
1984 1990 2149 2048 illum
2195 1994 2701 2066 apotropaeorum
2749 2006 2835 2048 se·

590 2098 848 2171 quentes
879 2097 1255 2169 στροφαῖον
1289 2091 1602 2170 vocabant,
1633 2093 1803 2169 quasi
1835 2092 1985 2151 deus
2016 2092 2211 2151 furum
2243 2096 2384 2151 ante
2416 2091 2575 2151 fores
2606 2092 2859 2168 positus,

592 2202 752 2257 esset
795 2200 864 2255 ut
906 2195 1072 2255 fures
1117 2193 1476 2271 prohiberet.
1564 2196 1703 2254 Non
1753 2213 1906 2271 nego
1952 2195 2067 2253 illis
2099 2194 2357 2254 fortasse
2403 2196 2465 2253 in
2512 2195 2624 2254 hoc
2666 2211 2839 2253 voca-

589 2298 729 2360 bulo
775 2297 1059 2374 fingendo
1105 2298 1481 2357 obversatam
1529 2315 1661 2363 esso
1708 2296 2011 2357 notionem
2059 2291 2434 2375 στροφέως,
2492 2297 2639 2356 satis
2684 2298 2837 2356 enim

591 2419 726 2463 raro
772 2401 830 2461 in
877 2399 1527 2478 vocabulis-fingendis
1571 2404 1795 2486 certam
1845 2399 2148 2479 quandam
2195 2405 2255 2461 et
2298 2400 2635 2460 distinctam
2682 2400 2839 2477 cogi·

590 2505 873 2565 tationem
925 2504 985 2564 in
1030 2502 1380 2579 fingentium
1428 2504 1727 2563 mentibus
1773 2504 1957 2564 fuisse
2003 2511 2167 2581 puto.

763 2610 1097 2684 τομαῑος
1142 2611 1360 2684 sectus,
1406 2624 1638 2682 caesus,
1680 2608 1967 2683 succisus,
2011 2605 2241 2666 recisus
2276 2606 2492 2666 Aesch.
2539 2605 2684 2666 Cho.
2726 2601 2839 2661 166

593 2699 736 2787 ὁρῶ
797 2714 1083 2786 τομαῖον
1143 2697 1337 2766 τόνδε
1400 2697 1776 2786 βόστρυχον
1838 2698 2049 2787 τάφῳ.
2152 2706 2274 2766 539
2334 2695 2498 2778 ἄκος
2556 2712 2842 2784 τομαῖον

595 2808 925 2873 ἐλπίσασα
984 2799 1331 2890 πημάτων.
1437 2811 1648 2888 Suppl.
1694 2807 1816 2868 268
1888 2800 2163 2870 Τούτων
2230 2798 2358 2891 ἄκη
2422 2815 2666 2887 τομαῖα
2729 2802 2841 2866 καὶ

597 2905 876 2994 λυτήρια
922 2913 1024 2987 (cf.
1055 2899 1219 2983 ἄκος
1263 2906 1548 2990 τέμνειν,
1597 2905 1958 2991 ἐκτέμνειν,
2006 2914 2216 2974 Blomf.
2246 2913 2323 2973 ad
2354 2913 2570 2973 Aesch.
2600 2912 2714 2989 Ag.
2752 2908 2843 2970 17.

595 3005 950 3095 ἄντίτομος
980 3016 1149 3076 Pind.
1179 3017 1355 3092 Pyth.
1385 3018 1462 3093 ΙΙ,
1492 3013 1634 3095 393,
1679 3002 2004 3094 ἀντίτομα
2043 3014 2318 3094 στερεᾶν
2350 3002 2624 3092 ὀδυνᾶν,
2653 3014 2843 3074 schol.

597 3107 1118 3198 ἀλεξιφάρμακα,
1148 3121 1182 3179 i.
1201 3139 1258 3197 q.
1281 3103 1823 3196 ἅντιτεμνόμὲνα,
1854 3119 2145 3179 Eur.Alc.
2164 3116 2285 3177 970
2312 3117 2560 3191 Φοῖβος
2584 3102 2845 3195 ΔἈσκλη-

595 3214 864 3294 πιάδαις
908 3214 1119 3281 ἔδωκε
1164 3211 1479 3301 φάρμακα
1523 3206 1898 3299 ἀνατεμών
1953 3211 2307 3300 βρότοισι),
2366 3215 2608 3299 τομαῖα
2652 3214 2849 3298 χαὶτα

600 3330 740 3387 Eur.
771 3325 902 3386 Alc.
940 3323 1090 3401 1013
1135 3326 1266 3384 Nic.
1298 3324 1449 3385 ther.
1481 3321 1560 3381 52
1609 3314 1964 3403 Πριότεσσι
2012 3320 2253 3404 τομαίη
2300 3319 2555 3402 Κέόρος
2598 3311 2847 3381 πολυό-

601 3423 791 3487 δουσι
833 3427 1344 3506 mmmm-veloce
1387 3422 1683 3505 γενείοις.
1774 3428 1955 3487 schol.
2004 3422 2389 3507 τεμνομένη.

769 3534 1092 3598 τοναῑος
1152 3529 1438 3589 intentus.
1491 3519 1739 3607 δρόμος
1783 3531 1943 3592 Suid.
1987 3532 2128 3590 Zon.
2189 3525 2430 3588 τοναιά
2488 3548 2569 3588 sc.
2628 3516 2851 3605 φωνή,

607 3632 1030 3710 glossographi
1109 3633 1581 3709 interpretantur
1670 3630 1902 3711 ᾳωνῆς
1972 3628 2205 3704 τασίι·,·
2280 3635 2422 3692 Hes.
2486 3632 2659 3691 Phot.
2726 3632 2883 3698 EM„

601 3734 905 3796 Lobeckio
952 3737 1141 3812 paral.
1188 3732 1310 3792 314
1358 3736 1592 3796 videtur
1638 3735 1861 3795 dictum
1908 3755 2019 3813 pro
2066 3726 2248 3814 τονὴ.

772 3827 1296 3917 περιτόναιος
1339 3840 1374 3898 i.
1405 3858 1463 3915 q.
1505 3834 1891 3917 περίτονος,
1937 3857 2057 3916 quo
2091 3858 2219 3899 voc.
2250 3837 2439 3899 utitur
2468 3839 2634 3897 Eust.
2678 3833 2857 3914 1533,

605 3939 641 3998 4
703 3941 779 4001 ad
840 3940 987 4000 illud
1047 3941 1586 4018 interpretandum.
1676 3942 2124 4021 Pei-itonaeum,
2175 3943 2210 4001 i.
2244 3961 2294 4002 c.
2340 3941 2689 4001 membrana
2734 3959 2858 4017 qua

605 4045 990 4104 continentur
1031 4044 1294 4123 viscera,
1352 4050 1602 4105 vocatur
1652 4030 1692 4102 ὁ
1739 4034 2165 4123 περιτόναιος
2212 4032 2385 4122 ὑμήν
2443 4044 2594 4103 Poll.
2625 4041 2682 4121 2,
2714 4040 2859 4120 224,

605 4133 643 4206 ὁ
686 4136 1117 4227 περιτόναιος
1163 4147 1314 4209 Cels.
1357 4145 1411 4224 4,
1463 4145 1514 4224 1,
1560 4147 1915 4224 plerumque
1966 4136 2047 4204 τὸ
2092 4136 2625 4224 περιτόναιον
2675 4147 2857 4223 Ilipp.

606 4249 737 4309 Gal.
785 4250 888 4309 Est
933 4239 1010 4306 τὸ
1054 4242 1441 4328 περιταθέν.
1523 4250 1711 4308 Etiam
1768 4266 1909 4326 pars
1965 4248 2133 4308 navis
2176 4251 2261 4308 sic
2305 4249 2649 4308 vocabatur.
2706 4248 2860 4308 Poll.
