3166 4871
520 228 644 290 282

520 400 863 478 deperdita,
923 406 1196 478 sumptus
1259 402 1436 461 Tusc.
1477 406 1532 478 2,
1565 405 1851 463 23—25
1897 404 2176 479 affertur3
2234 404 2400 474 alter,
2460 404 2560 481 qui
2615 405 2759 464 Pro·

519 503 732 565 methei
797 504 976 564 vincti
1023 522 1121 564 vv.
1153 506 1482 566 377—80
1527 506 1797 566 continet
1854 506 1991 566 ibid.
2024 509 2079 575 3,
2114 511 2211 568 76.
2313 506 2503 566 Valde
2561 513 2756 567 autem

517 606 841 666 dolendum
904 610 1028 683 est,
1101 606 1260 683 quod
1326 605 1535 667 Cicero
1601 626 1894 685 nusquam
1959 616 2166 687 aperte
2227 608 2406 677 dixit,
2481 609 2622 687 quid
2683 609 2756 670 de

516 708 804 786 Aeschyli
847 715 976 769 arte
1020 709 1285 769 sentiret.
1390 710 1542 770 Nam
1592 728 1746 785 quae
1793 712 1977 788 priori
2024 710 2104 770 illi
2152 712 2283 772 loco
2329 712 2528 777 (Tusc.
2562 715 2618 787 2,
2649 710 2754 783 23)

515 809 846 890 praemisit:
913 810 1164 882 „Veniat
1206 811 1574 889 Aeschylus,
1636 830 1756 872 nou
1803 817 1985 890 poeta
2028 815 2221 874 solum
2266 813 2372 874 sed
2420 816 2593 874 etiam
2640 815 2755 891 Py-

514 914 855 991 thagoreus,
898 914 984 972 sic
1030 913 1186 973 enim
1243 915 1602 990 accepimus.
1693 914 2007 990 Quomodo
2054 915 2170 976 fert
2224 916 2383 993 apud
2432 934 2564 976 eum
2612 916 2755 977 Pro·

515 1015 784 1076 metheus
815 1016 1099 1092 dolorem,
1144 1033 1318 1092 quem
1353 1016 1574 1094 excipit
1605 1016 1679 1076 ob
1724 1016 1949 1077 furtum
1981 1017 2348 1078 Lemnium!“
2406 1019 2507 1078 vix
2542 1017 2753 1096 judicii

512 1119 645 1179 vice
704 1118 871 1196 fungi
929 1135 1110 1194 posse
1169 1136 1278 1195 per
1334 1136 1398 1178 se
1459 1126 1727 1196 apparet.
1788 1149 1868 1157 —
1932 1119 2166 1196 Reliqui
2225 1124 2420 1180 autem
2470 1121 2757 1197 Aeschyli

513 1239 756 1293 versus,
815 1238 969 1298 quos
1013 1220 1292 1297 protulit,
1355 1218 1647 1298 ejusmodi
1707 1227 1877 1299 suut,
1933 1227 1999 1281 ut
2050 1222 2195 1281 nihil
2240 1221 2315 1282 de
2368 1223 2500 1300 ejus
2544 1223 2756 1283 studiis

512 1322 867 1400 Aeschyleis
897 1323 1169 1400 probent.
1242 1324 1394 1383 Nam
1430 1341 1587 1399 quae
1620 1324 1803 1383 verba
1848 1322 1925 1383 ad
1959 1323 2027 1398 Q.
2061 1323 2133 1384 fr.
2169 1330 2223 1401 1,
2253 1328 2308 1393 2,
2343 1329 2421 1387 13
2470 1328 2756 1385 memorat

518 1412 734 1501 ,ἅπαξ
793 1423 1061 1484 θανεῖν*
1125 1427 1311 1503 petita
1373 1424 1655 1486 videntur
1714 1445 1787 1486 ex
1844 1426 2183 1487 Promethei
2241 1428 2425 1487 vincti
2487 1447 2583 1487 vv.
2630 1432 2753 1489 750

511 1533 570 1589 et
618 1532 772 1590 751:

947 1626 1278 1709 Κρετσσον
1321 1614 1446 1707 γὰρ
1490 1618 1766 1706 εἰςάπαξ
1808 1628 2070 1704 θανεῖν,

437 1812 444 1817 ·
944 1718 986 1811 ἢ
1031 1722 1151 1803 τὰς
1194 1719 1453 1803 ἁπάσας
1494 1715 1743 1811 ἡμέρας
1783 1723 2064 1811 πάσχειν
2104 1731 2347 1808 κακῶς,

511 1854 686 1913 quam
747 1834 1005 1895 fabulam
1052 1834 1322 1896 Ciceroni
1381 1838 1579 1895 uotam
1638 1834 1824 1896 fuisse
1865 1836 1982 1914 jam
2044 1836 2318 1897 vidimus.
2408 1838 2606 1914 Atque
2652 1838 2748 1898 vel

511 1939 756 1998 minoris
800 1937 1081 1998 momenti
1127 1942 1234 2015 est,
1279 1937 1439 2013 quod
1490 1937 1712 2011 Quinto
1757 1938 1930 1998 fratri
1978 1937 2060 2015 (3,
2090 1943 2148 2017 4,
2179 1942 2240 2009 6)
2287 1940 2437 1999 haec
2483 1940 2748 2016 scripsit:

515 2039 669 2113 „Sed
716 2040 1016 2100 minantur
1072 2045 1269 2100 tamen
1331 2040 1390 2099 iu
1436 2040 1765 2117 primisque
1804 2026 1950 2121 Ἄρη
1992 2034 2226 2100 πνέων
2278 2042 2345 2114 Q.
2393 2042 2749 2118 Scaevola“;

508 2161 869 2220 quamquam
902 2143 1057 2203 enim
1099 2143 1160 2202 iu
1192 2141 1478 2219 Aeschyli
1506 2143 1971 2220 Agamemnonis
2014 2163 2108 2202 vv.
2142 2148 2264 2207 375
2310 2150 2370 2204 et
2414 2148 2537 2205 376
2572 2143 2747 2203 Dind.

507 2245 812 2305 invenitur

588 2434 965 2522 πνεόντων,

506 2559 702 2615 tamen
735 2570 843 2630 per
887 2569 952 2612 se
998 2556 1254 2629 apparet
1282 2570 1358 2611 ex
1403 2550 1517 2611 hac
1563 2569 1628 2612 re
1676 2571 1794 2612 non
1833 2552 2031 2628 colligi
2079 2570 2256 2630 posse
2304 2553 2460 2614 h‘anc
2490 2553 2745 2615 fabulam

505 2655 777 2717 Ciceroni
823 2658 1023 2714 notam
1069 2652 1271 2713 fuisse.
1360 2652 1636 2731 Denique
1681 2673 1919 2716 versum
1965 2655 2131 2716 illum
2178 2674 2253 2715 ex
2294 2656 2585 2734 Epigonis
2630 2656 2746 2716 for-

502 2763 664 2819 tasse
696 2756 1121 2834 Aeschyleum,
1165 2774 1340 2833 quem
1384 2756 1563 2816 Tusc.
1596 2760 1653 2834 2,
1684 2760 1768 2818 60
1812 2757 2023 2818 Latine
2069 2776 2415 2835 expressum
2462 2759 2747 2836 legimus:

782 2858 1090 2932 „Audisne
1135 2859 1301 2936 haec,
1345 2859 1722 2936 Amphiarae,
1766 2860 1879 2920 sub
1922 2867 2140 2921 terram
2187 2860 2465 2922 abdite?“

503 2981 537 3023 e
581 2961 779 3041 fonte,
837 2979 1012 3040 quem
1071 2963 1128 3023 in
1187 2963 1301 3022 hoc
1358 2961 1489 3022 loco
1548 2962 1983 3023 conscribendo
2028 2967 2271 3024 secutus
2317 2969 2437 3040 est,
2490 2983 2607 3024 nou
2669 2983 2743 3023 ex

500 3064 801 3142 Aeschylo
880 3065 1009 3141 ipso
1076 3063 1420 3126 Ciceronem
1502 3066 1827 3142 sumpsisse
1900 3066 2044 3142 ipsis
2121 3066 2252 3140 eius
2326 3067 2524 3126 verbis
2598 3068 2745 3127 satis

500 3169 806 3245 probatur.
892 3167 1034 3227 Iure
1076 3166 1261 3244 igitur
1305 3166 1564 3227 dubitari
1613 3170 1830 3244 potest,
1875 3186 2015 3228 num
2056 3166 2265 3228 Cicero
2311 3168 2744 3244 posterioribus

500 3271 657 3330 vitae
699 3270 874 3330 annis
922 3268 1101 3329 ullam
1138 3268 1420 3345 Aeschyli
1465 3269 1832 3348 tragoediam
1881 3270 2226 3346 diligentius
2265 3270 2495 3349 legerit,
2540 3289 2740 3347 quam·

500 3390 674 3449 quam
725 3370 1008 3449 juvenis,
1072 3373 1139 3431 ut
1194 3375 1527 3431 ceterorum
1569 3374 1967 3450 tragicorum,
2033 3372 2116 3431 ita
2158 3371 2441 3450 Aeschyli
2500 3391 2741 3449 quoque

498 3473 839 3550 complures
896 3471 1132 3533 fabulas
1193 3472 1290 3532 vel
1350 3472 1603 3549 legendo
1661 3474 1757 3533 vel
1805 3473 2098 3535 vertendo
2143 3476 2443 3534 tractavit.

667 3575 791 3635 Iam
855 3592 1000 3635 vero
1064 3574 1262 3634 omnia
1321 3576 1593 3636 attulisse
1656 3575 1796 3635 mihi
1856 3575 2079 3646 videor,
2143 3595 2299 3653 quae
2363 3575 2440 3638 de
2499 3578 2740 3654 tragicis

497 3677 748 3740 Graecis
793 3676 955 3756 apud
1003 3677 1348 3740 Ciceronem
1396 3683 1650 3739 exstant.
1738 3679 2084 3739 Invenimus
2129 3684 2345 3751 autem,
2393 3679 2502 3740 nisi
2548 3679 2739 3751 fallor,

497 3782 646 3842 haec
676 3780 828 3842 fere:
860 3778 1069 3841 Cicero
1093 3781 1240 3840 satis
1271 3798 1486 3858 magno
1518 3779 1718 3842 studio
1748 3780 1809 3840 in
1840 3780 2166 3858 tragoediis
2191 3780 2440 3842 Graecis
2472 3782 2740 3859 legendis

497 3886 772 3944 versatus
839 3885 932 3945 est
996 3901 1069 3943 ac
1135 3900 1212 3943 ne
1287 3882 1706 3944 reconditioris
1772 3881 2015 3959 quidem
2090 3885 2423 3944 venustatis
2497 3902 2736 3944 sensum

496 4003 743 4063 prorsus
805 3986 859 4046 ei
921 3983 1183 4045 defuisse
1242 3987 1495 4046 maxime
1550 4004 1583 4045 e
1634 3985 1951 4050 ‚nonnullis
2012 3985 2090 4046 de
2147 3984 2447 4063 Sophocle
2495 3985 2739 4064 judiciis

494 4087 878 4166 perspicuum
908 4086 993 4148 fit.
1067 4086 1150 4148 At
1193 4084 1367 4164 idem,
1410 4105 1770 4165 quamquam
1819 4086 2121 4149 dissimilia
2165 4087 2351 4148 fuisse
2395 4087 2571 4149 trium
2617 4092 2738 4150 tra-

494 4190 760 4267 gicorum
793 4189 1155 4251 Graecorum
1204 4189 1501 4250 scribendi
1533 4208 1758 4267 genera
1787 4189 1917 4269 ipse
1948 4190 2268 4251 confitetur
2297 4189 2379 4263 (d.
2410 4208 2496 4251 or.
2526 4195 2584 4270 3,
2614 4189 2738 4270 27),
