3166 4871
2486 307 2610 370 285

364 482 628 542 suaserit
656 481 1041 542 Aristotelem
1087 500 1191 559 eos
1234 485 1557 559 spectasse,
1604 497 1738 540 cum
1784 479 2073 542 scriberet
2117 480 2275 540 illam
2308 480 2609 560 Euripidis

366 585 625 646 laudem.
712 585 883 646 Unus
911 586 1239 662 Baumgart
1278 584 1553 660 Lessingi
1603 583 1932 643 doctrinam
1950 580 2000 657 ⁶)
2045 584 2263 663 probat
2305 588 2366 644 et
2402 583 2609 645 eadem

368 687 443 748 de
490 705 721 765 caussa,
765 705 898 747 cnm
945 687 1239 748 Susemihl
1263 684 1309 760 ⁷)
1356 686 1677 747 abhorreat
1720 686 1794 746 ab
1841 704 2047 747 eorum
2092 686 2409 747 sententia.

539 808 616 867 Et
659 812 823 868 recte
867 808 1126 885 quidem.
1212 807 1365 867 Nam
1412 825 1546 867 cum
1591 807 1968 884 reputaveris
2012 806 2200 866 verba
2241 806 2343 867 illa
2371 810 2608 884 tragoe-

368 909 502 970 diae
547 909 913 971 definitionis
959 909 1022 972 C.
1065 911 1144 970 VI
1189 898 1516 988 δρώντων
1558 904 1671 968 καὶ
1717 891 1801 967 οὗ
1845 892 1930 968 δι’
1975 892 2383 988 ἀπαγγελίας
2428 914 2606 987 atque

364 1013 515 1072 haec
568 1030 644 1073 ex
688 1013 751 1073 O.
796 1012 937 1072 VII:
997 995 1160 1091 ἀρχή
1217 995 1275 1070 ‹5'
1331 1004 1471 1070 ἐστὶ
1522 1010 1775 1084 (scilicet
1827 1007 1947 1090 τῆς
1991 1000 2324 1090 πράξεως,
2384 992 2459 1093 ἧς
2510 1006 2609 1090 μί-

363 1126 553 1195 μησις
608 1102 644 1174 ὁ
687 1103 910 1193 μῦθός
954 1106 1160 1188 ἐστιν)
1207 1102 1245 1172 ὃ
1299 1098 1464 1173 αὐτὸ
1507 1107 1632 1191 μὲν
1673 1104 1762 1193 μὴ
1809 1106 1881 1189 ἐξ
1926 1096 2218 1194 ἀνάγκης
2260 1097 2400 1191 μετ’
2443 1099 2609 1174 ἄλλο

362 1209 536 1289 ἐστί,
593 1201 734 1295 μετ’
772 1209 995 1277 ’ἐκεῖνο
1042 1201 1102 1276 δ’
1146 1206 1378 1295 ἕτερον
1420 1209 1724 1292 πέφυκεν
1770 1204 1938 1275 εἶναι
1983 1202 2023 1296 ἢ
2067 1210 2375 1294 γίνεσθαι
2419 1247 2505 1259 -
2546 1218 2607 1278 in

366 1323 625 1397 utroque
669 1339 953 1398 peccasse
998 1319 1347 1398 Euripidem
1390 1318 1828 1398 deprehendes,
1871 1319 1995 1381 sive
2030 1303 2444 1398 ἀπαγγελίαν
2474 1340 2609 1398 pro-

362 1422 569 1500 logum
616 1440 750 1483 esse
795 1441 1007 1483 censes
1051 1425 1179 1483 sive
1225 1407 1437 1501 ἀρχὴν
1464 1410 1791 1501 πράξεως.
1880 1423 2035 1482 Nam
2077 1427 2216 1500 post
2244 1440 2379 1482 enm
2410 1441 2608 1501 neque

364 1543 495 1601 esse
542 1544 741 1602 neque
787 1525 917 1586 fieri
961 1525 1287 1602 quidquam
1334 1543 1580 1585 necesse
1626 1529 1734 1585 est.
1818 1523 2071 1585 Accedit
2100 1525 2244 1584 artis
2274 1524 2608 1587 rhetoricae

364 1627 533 1687 locus
579 1627 730 1687 haec
774 1628 959 1687 verba
1003 1627 1320 1705 exhibens,
1366 1625 1441 1688 Γ.
1489 1630 1586 1705 14,
1634 1630 1830 1688 1415“
1871 1630 1987 1704 2Ο.,
2030 1622 2143 1685 καὶ
2187 1617 2254 1686 οἱ
2299 1622 2608 1705 τραγικοὶ

367 1722 641 1807 δηλοῦσι
682 1724 835 1808 περὶ
880 1718 961 1787 τὸ
1022 1722 1276 1808 δρᾶμα,
1333 1715 1464 1787 κᾶν
1520 1718 1610 1808 μή
1676 1714 1881 1800 εὐθὺς
1937 1715 2161 1807 ὥσπερ
2221 1712 2608 1810 Εὐριπίδης,

361 1816 513 1891 ἀλλ’
567 1823 642 1890 ἐν
699 1826 798 1911 τῷ
843 1820 1167 1910 προλόγῳ
1212 1824 1291 1911 γέ
1330 1848 1469 1890 που
1529 1815 1756 1909 ὥσπερ
1818 1825 1933 1889 καὶ
1977 1826 2374 1910 Σοφοκλῆς·
2437 1815 2609 1909 Ἐμοὶ

360 1924 586 2013 ,πατὴρ
629 1913 717 2013 ἦν
762 1923 1102 2007 Πόλυβος,
1163 1934 1380 2013 quibus
1434 1934 1963 2010 reprehensionem
2006 1934 2395 2013 prologorum
2439 1934 2608 1995 Euri-

359 2037 554 2115 pidis,
619 2037 970 2115 praesertim
1035 2055 1169 2097 cum
1238 2042 1582 2115 opponatur
1643 2036 1782 2097 iusti
1843 2035 2073 2097 exordii
2136 2036 2467 2113 exemplum
2534 2056 2608 2098 ex

362 2139 683 2216 Sophoclis
728 2138 1069 2217 Oedipode,
1129 2158 1249 2216 qna
1292 2140 1647 2218 plerumque
1692 2139 2088 2218 componendi
2129 2140 2340 2217 regula
2381 2140 2608 2200 Aristo·

362 2242 514 2303 teles
540 2243 766 2321 -ntitnr,
807 2243 987 2321 plane
1035 2260 1378 2321 expressam
1420 2242 1695 2303 invenIre
1745 2241 1885 2301 mihi
1917 2241 2155 2309 videor.
2245 2242 2455 2320 ltaque
2504 2243 2607 2302 vix

364 2345 612 2406 dubium
658 2363 792 2406 esse
835 2345 1109 2423 credam,
1167 2347 1311 2423 quin
1372 2346 1610 2423 prologi
1666 2345 1974 2421 Euripidis
2030 2345 2104 2405 ab
2160 2345 2487 2405 Aristotele
2545 2345 2606 2404 in

363 2450 451 2512 eis
493 2449 676 2509 rebus
720 2451 1015 2510 numerati
1057 2449 1205 2526 sint,
1264 2467 1420 2526 quae
1464 2449 1662 2509 verbis
1708 2448 1861 2508 illis:
1921 2440 1978 2507 εἰ
2023 2442 2136 2507 καὶ
2178 2431 2261 2507 τὰ
2304 2432 2474 2507 ἄλλα
2501 2437 2605 2528 ,μὴ

338 2536 439 2609 -εὖ
480 2544 845 2628 οἰκονομεῖ,
892 2553 1293 2612 continentur.
1381 2554 1447 2611 In
1494 2552 1588 2612 his
1633 2567 1776 2611 vcro
1809 2553 1967 2627 ipsis,
2014 2569 2169 2628 quae
2200 2552 2610 2631 reprehendit,

362 2654 784 2732 philosophum
830 2672 1115 2714 summam
1177 2653 1622 2731 tragoediarum
1666 2654 1785 2713 vim
1831 2654 2033 2731 aliqua
2077 2672 2150 2713 ex
2208 2657 2379 2731 parte
2426 2652 2606 2715 collo-

362 2775 533 2818 casse
578 2757 747 2818 nullo
791 2762 969 2836 pacto
1015 2760 1107 2816 est
1152 2758 1276 2816 veri
1321 2757 1529 2817 simile.

532 2879 616 2937 At
657 2895 803 2938 vero
844 2880 1418 2954 tanquamarenam
1465 2877 1719 2953 Lessing
1761 2876 2021 2954 apernit,
2074 2876 2137 2936 in
2183 2893 2395 2953 quam,
2448 2895 2607 2952 qnae

361 2979 586 3057 cuique
630 2984 735 3039 aut
776 2979 835 3040 in
868 2979 1157 3057 Euripide
1203 2979 1455 3038 maxime
1496 2978 1800 3038 laudanda
1837 2982 1942 3038 ant
1972 2978 2228 3054 optimae
2257 2975 2608 3054 tragoediae

360 3082 619 3141 maxime
665 3083 1006 3142 necessaria
1051 3083 1179 3142 visa
1222 3086 1392 3157 sunt,
1435 3080 1794 3158 proferrent,
1885 3080 2250 3158 Accedebat,
2294 3079 2458 3157 quod
2502 3081 2605 3142 tali

362 3184 569 3262 modo,
628 3191 695 3246 ut
753 3185 913 3244 haud
974 3203 1205 3262 paucae
1262 3184 1612 3262 praeclarae
1675 3188 1736 3244 et
1799 3187 2067 3244 veterum
2133 3188 2193 3244 et
2253 3183 2606 3244 nostratium

358 3294 674 3365 poetarum
720 3287 987 3364 fabulae,
1041 3289 1183 3364 quin
1230 3288 1409 3347 etiam
1451 3286 1644 3364 ipsius
1690 3285 1996 3364 Euripidis
2042 3286 2365 3346 nonnullae
2410 3285 2607 3346 landis

358 3390 517 3450 illins
546 3390 870 3468 participes
901 3397 1121 3465 essent,
1151 3408 1215 3450 se
1247 3388 1484 3450 efficere
1514 3407 1695 3467 posse
1725 3388 2069 3466 sperabant.
2154 3389 2246 3448 Ex
2278 3388 2363 3448 eis
2393 3393 2609 3466 autem,

361 3493 464 3570 qui
513 3492 670 3553 hanc
712 3493 868 3552 viam
914 3492 1173 3570 ingressi
1220 3492 1466 3552 meliora
1508 3492 1817 3569 aliquanto
1863 3494 1924 3550 et
1969 3490 2371 3567 probabiliora
2427 3509 2607 3568 quam

361 3595 621 3672 Lessing
661 3594 996 3672 profecisse
1039 3575 1335 3673 videntur,
1395 3595 1560 3655 viros
1605 3594 1978 3655 doctissimos
2031 3593 2270 3654 nomino
2315 3591 2535 3654 Nauck
2557 3591 2606 3667 ⁸)

444 3861 455 3868 “
531 3863 577 3926 ⁶)
612 3858 806 3915 Jahrb.
846 3858 990 3926 CXI,
1026 3863 1108 3914 90.

532 3948 578 4011 ⁷)
614 3945 650 3998 l.
688 3944 722 3998 1.
758 3943 932 4013 praef.
970 3950 1049 3999 30.
1087 3949 1170 3999 31.

533 4033 579 4098 ⁸)
616 4030 808 4099 Eurip.
856 4030 1134 4100 tragoed.,
1180 4030 1335 4099 Lips.
1380 4034 1536 4098 1857,
1589 4028 1762 4099 praef.
1807 4047 1861 4099 p.
1898 4026 2194 4084 xxxvn.
2272 4028 2606 4098 „Egregium

360 4132 495 4172 vero
529 4115 865 4171 admiramur
898 4115 1163 4171 artificem
1199 4116 1257 4171 in
1293 4115 1665 4186 depingendis
1701 4114 1997 4170 affectibus
2037 4120 2153 4169 tam
2189 4114 2413 4169 lenibus
2441 4128 2605 4183 qnam

361 4202 721 4258 vehementer
757 4202 1077 4270 concitatis,
1122 4219 1187 4257 ac
1221 4202 1573 4258 verissimum
1611 4208 1699 4257 est
1733 4201 1884 4273 qnod
1922 4199 2266 4256 Aristoteles
2301 4198 2605 4270 praedicat,

358 4281 391 4343 ὃ
431 4279 770 4360 Εὖριπίόης“
809 4304 863 4341 κ.
899 4305 949 4342 τ.
986 4289 1035 4341 λ.
