3166 4871
537 263 662 324 424

1595 636 1721 716 II.

774 789 870 870 De
925 791 1341 883 hominibus,
1412 792 1523 898 qui
1580 810 1627 869 a
1681 792 2171 870 centurionatus
2229 792 2538 870 militiam

1362 912 1716 1011 auspicati
1772 913 1955 990 sunt.

531 1083 620 1164 Δ)
642 1088 981 1155 Exempla
1005 1102 1093 1144 ex
1116 1087 1571 1155 scriptoribus
1591 1088 1845 1142 hausta
1869 1090 1940 1143 et
1969 1087 2357 1143 secundum
2385 1086 2717 1154 temporis
2733 1082 2778 1157 ¹)

1279 1187 1592 1246 ordinem
1635 1189 2050 1257 perscripta:

707 1306 769 1383 1)
812 1311 1058 1392 ‚Census
1113 1310 1172 1369 in
1236 1311 1450 1369 castris
1511 1311 1783 1370 ordinem
1848 1313 2193 1387 promovet,
2252 1326 2466 1368 census
2526 1308 2586 1368 in
2646 1308 2777 1368 foro

521 1411 763 1489 judices
817 1413 975 1488 legit.
1035 1411 1291 1485 (Seneca
1352 1417 1625 1473 controv.
1671 1416 1732 1489 93
1813 1411 2042 1472 Seneca
2101 1430 2215 1471 scr.
2260 1411 2370 1471 sub
2419 1412 2779 1488 imperatore
2819 1465 2830 1474 .

530 1514 793 1592 Tiberio,
837 1521 977 1590 post
1018 1532 1237 1574 aunum
1283 1534 1337 1591 p.
1386 1515 1522 1575 Chr.
1571 1512 1695 1588 31).

706 1614 768 1687 2)
816 1618 891 1676 Μ.
936 1617 1211 1676 Valerius
1258 1615 1517 1688 Probus,
1566 1618 1873 1693 Berytius,
1920 1615 2022 1675 diu
2069 1616 2546 1676 centurionatum
2593 1617 2781 1694 petiit,

533 1719 726 1779 donec
770 1718 969 1778 taedio
1014 1719 1091 1778 ad
1137 1720 1337 1778 studia
1381 1737 1447 1779 se
1494 1720 1763 1779 contulit.
1854 1716 2041 1792 (Suet.
2090 1718 2146 1777 d.
2192 1738 2437 1795 gramm.
2485 1723 2597 1798 243
2641 1720 2777 1778 Hie·

530 1841 818 1899 ronymus
862 1821 936 1882 ad
983 1841 1036 1881 a.
1065 1822 1211 1882 Abr.
1242 1825 1410 1883 2072
1463 1845 1539 1868 =
1593 1823 1818 1881 Neron.
1868 1826 1903 1882 2
1952 1846 2035 1869 =
2083 1825 2163 1883 56
2210 1841 2266 1898 p.
2314 1822 2451 1882 Ohr.
2504 1823 2778 1894 „Probus
2853 1827 2858 1832 '

532 1926 808 2002 Berytius
838 1969 851 1982 .
884 1969 897 1982 .
929 1968 944 1984 .
979 1966 993 1981 .
1024 1926 1249 1984 Romae
1295 1925 1708 2001 agnoscitur“.
1799 1927 1957 1985 Ante
2003 1925 2166 2002 quod
2212 1930 2449 2001 tempus
2479 1942 2615 1984 eum
2647 1943 2780 1983 cen—

530 2029 871 2088 turionatus
916 2028 1235 2104 petitorem
1284 2027 1470 2087 fuisse
1518 2026 1885 2087 credendum
1933 2031 2064 2090 est.)

704 2127 768 2202 3)
814 2130 1005 2189 Divus
1057 2131 1368 2205 Augustus
1424 2131 1833 2206 Vespasianus
1890 2148 2021 2209 cum
2089 2129 2387 2217 quendam
2432 2129 2778 2189 adolescen-

533 2238 649 2293 tem
728 2234 976 2292 honeste
1040 2238 1241 2292 natum
1306 2233 1545 2292 militiae
1610 2232 1935 2293 inhabilem
1998 2234 2410 2310 angustiarum
2471 2234 2557 2293 rei
2616 2232 2816 2320 fami·-

532 2337 694 2395 liaris
740 2354 920 2395 causa
964 2335 1245 2395 eductum
1290 2336 1366 2394 ad
1413 2336 1745 2413 longiorem
1793 2336 2061 2396 ordinem
2114 2337 2409 2407 rescisset,
2456 2337 2778 2395 constituto

533 2457 717 2500 censu
765 2440 1015 2498 honesta
1048 2440 1324 2498 missione
1371 2441 1801 2500 exauctoravit.
1849 2439 2150 2513 (Frontin.
2195 2440 2451 2515 Strateg.
2482 2440 2580 2499 IV.
2612 2443 2668 2501 6.
2697 2437 2781 2511 4).

703 2540 768 2616 4)
813 2543 977 2601 lnter
1044 2542 1241 2601 officia
1304 2542 1685 2613 Abascantii,
1771 2550 1973 2602 aetate
2039 2543 2391 2620 Domitiani,
2459 2560 2779 2602 numeran-

532 2650 631 2705 tur
675 2645 849 2703 haec:

836 2745 1109 2805 Pandere
1156 2747 1290 2823 quis
1336 2752 1576 2806 centum
1623 2747 1821 2807 valeat
1866 2746 2103 2807 frenare
2151 2748 2412 2824 maniplo

838 2848 1220 2908 Intermissus
1239 2844 1286 2920 ²)
1333 2868 1532 2925 eques,
1580 2852 1716 2927 quis
1767 2852 2151 2927 praecepisse
2198 2853 2448 2926 cohorti,

838 2951 1029 3024 Quem
1077 2951 1285 3012 deceat
1332 2954 1476 3011 clari
1509 2955 1916 3030 praestantior
1949 2954 2099 3013 ordo
2133 2954 2371 3030 tribuni,

840 3053 1126 3126 Quisnam
1173 3053 1513 3131 frenigerae
1561 3057 1796 3132 signum
1846 3055 1991 3115 dare
2038 3054 2277 3132 dignior
2325 3055 2469 3115 alae.

704 3155 967 3229 (Statius,
1012 3158 1140 3216 silv.
1189 3158 1255 3216 V.
1305 3162 1356 3217 1.
1403 3161 1514 3227 94;
1564 3159 1854 3218 silvarum
1923 3159 2107 3219 libros
2162 3161 2433 3236 quinque
2479 3160 2636 3218 intra
2680 3179 2778 3219 ex-

532 3263 754 3319 tremos
800 3259 1006 3319 decem
1053 3278 1243 3319 annos
1288 3260 1501 3320 saec.1
1548 3264 1912 3338 compositos
1961 3260 2283 3338 editosque
2329 3280 2461 3321 esse
2505 3257 2777 3337 constat.)

707 3362 769 3435 5)
844 3362 1151 3424 Clamosus
1185 3363 1472 3439 juvenem
1517 3374 1691 3439 pater
1736 3366 1986 3424 excitat:
2030 3366 2238 3441 accipe
2285 3382 2458 3424 ceras

840 3464 1046 3525 Scribe
1090 3483 1260 3542 puer,
1303 3467 1506 3543 vigila,
1551 3485 1764 3525 causas
1808 3485 1937 3545 age,
1981 3468 2224 3544 perlege
2272 3469 2488 3527 rubras

844 3569 1133 3644 Maj0rum
1181 3569 1346 3645 leges
1390 3573 1495 3627 aut
1539 3570 1716 3629 vitem
1764 3587 1945 3646 posce
1993 3570 2194 3630 libello
2241 3578 2356 3630 etc.

942 3671 1128 3730 Dirue
1176 3673 1516 3732 Maurorum
1562 3672 1835 3748 attegias,
1879 3674 2122 3731 castella
2170 3673 2553 3750 Brigantum,
2662 3681 2673 3690 ”

843 3776 922 3834 Ut
966 3774 1320 3851 locupletem
1365 3775 1626 3851 aquilam
1657 3776 1763 3833 tibi
1791 3777 2240 3851 sexagensimus
2272 3793 2468 3835 annus
2498 3774 2775 3835 Adferat.

707 3878 974 3937 Iuvenal.
1016 3878 1169 3936 XIV.
1232 3880 1351 3937 193
1407 3896 1566 3954 sqq.;
1642 3878 1754 3937 sub
1820 3878 2281 3956 imperatoribus
2339 3878 2604 3955 Trajano
2679 3879 2779 3937 vel

536 3976 885 4051 Hadriano.)

710 4163 751 4228 ¹)
786 4160 1002 4214 scilicet
1037 4157 1304 4228 temporis
1341 4174 1454 4212 non
1492 4159 1825 4228 scriptorum
1863 4160 1964 4214 sed
2001 4175 2201 4215 rerum.

705 4249 752 4313 ²)
786 4247 913 4314 lego
950 4246 1370 4314 „intermissus“
1406 4262 1507 4314 pro
1545 4246 1974 4313 „intermixtus“
2011 4262 2137 4300 cum
2174 4246 2356 4300 Madv.
2394 4261 2590 4314 opusc.
2617 4246 2658 4301 Ι.
2691 4250 2777 4301 39.
