3166 4871
995 291 1081 347 De
1112 290 1318 346 nomin.
1352 290 1413 346 in
1447 308 1611 357 -αιος,
1680 294 1714 359 8
1751 295 1836 348 21.
2460 300 2538 360 75

294 450 704 531 testimonium
760 486 892 530 esse
944 469 1185 531 videtur
1241 468 1520 530 Aristidis
1581 471 1752 530 loeus
1812 470 1950 532 Ath.
2007 490 2065 547 p.
2096 467 2177 529 26
2233 471 2442 532 Dind.:
2503 460 2542 531 ὃ
2590 431 2593 434 ⁴

291 555 637 633 Ἀπόλλων
679 576 824 643 τοῖς
863 565 987 650 μὲν
1028 556 1258 643 ἄλλοις
1302 555 1505 642 αὐτός
1549 564 1690 631 ἐστι
1732 561 2175 651 προπύλαιος,
2221 560 2433 632 αὑτοῦ
2470 568 2542 633 δὲ
2659 578 2670 585 ’

296 664 419 754 τὴν
476 657 774 754 Ἀθηνᾶν
828 669 1228 754 πεποίηται,
1284 694 1459 753 quem
1476 720 1494 755 ‚
1551 675 1709 737 sieut
1760 676 2057 754 Apollinis
2112 672 2239 735 τοῦ
2296 660 2543 753 ἀγυιαῖς

296 777 469 854 signa
512 780 655 837 ante
698 781 904 854 portas
958 776 1403 856 statuebantur,
1460 779 1548 838 sie
1594 778 1902 838 Minervae
1958 778 2342 839 simulacrum
2402 782 2541 839 ante

294 878 595 958 Apollinis
637 881 925 957 templum
970 881 1210 941 stetisse
1254 885 1599 941 narrantem
1646 880 1721 941 de
1761 879 2015 958 Delphis
2058 881 2223 958 loqui
2269 884 2540 959 apertum

295 984 414 1059 est,
474 999 615 1043 nam
668 983 722 1042 si
778 982 853 1043 de
897 982 1199 1061 Apollinis
1250 983 1492 1044 Ismenii
1536 984 1756 1060 templo
1812 983 2036 1044 Thebis
2080 984 2310 1060 posito,
2372 983 2543 1043 euius

294 1089 437 1145 ante
477 1083 643 1145 fores
672 1085 870 1162 posita
899 1084 1086 1146 fuisse
1124 1085 1444 1146 simulacra
1475 1085 1784 1151 Minervae
1817 1088 1877 1147 et
1909 1085 2187 1146 Mercurii
2215 1073 2543 1165 προνάιον

291 1187 741 1265 appellatorum
788 1192 993 1248 narrat
1024 1187 1356 1248 Pausanias
1386 1188 1487 1266 IX,
1521 1185 1618 1267 10,
1647 1184 1687 1245 2
1731 1184 1996 1268 (πρῶτα
2037 1181 2161 1266 μὲν
2205 1177 2286 1267 δὴ
2335 1182 2541 1247 λίθου

292 1279 469 1348 κατὰ
534 1279 664 1368 τήν
729 1279 970 1350 ἔσοδόν
1032 1282 1216 1349 ἐστιν
1256 1274 1505 1371 Ἀθηνᾶ
1568 1286 1683 1349 καὶ
1731 1278 1995 1370 Ἑρμῆς,
2054 1275 2540 1369 ὀνομαζόμενοι

292 1380 614 1468 πρόναοι)
658 1392 1025 1471 loqueretur,
1068 1411 1187 1453 non
1231 1397 1440 1469 posset
1483 1413 1602 1453 non
1649 1394 1824 1453 etism
1864 1394 2137 1454 Mereurii
2179 1394 2537 1455 mentionem

295 1492 516 1555 faeere.
618 1495 819 1572 Atque
864 1500 994 1556 erat
1037 1499 1199 1556 eerte
1229 1496 1524 1572 Delphica
1565 1496 1673 1556 illa
1702 1496 1972 1557 Minerva
2013 1489 2311 1576 προναία
2355 1494 2538 1555 multo
2659 1574 2670 1579 ῃ

294 1598 484 1674 magis
529 1600 676 1658 nots
718 1600 781 1658 et
820 1596 1048 1659 famosa
1090 1616 1267 1676 quam
1310 1597 1619 1659 Thebana.

465 1699 599 1760 Hoe
643 1699 826 1777 igitur
869 1700 920 1760 si
964 1718 1171 1761 verum
1217 1705 1324 1777 est,
1366 1700 1623 1777 primum
1670 1701 2013 1761 Herodotus
2057 1719 2176 1762 non
2221 1703 2420 1780 potest
2462 1700 2538 1761 de

293 1802 572 1862 Minerva
614 1797 909 1885 προναία
959 1803 1156 1881 loqui,
1199 1821 1382 1880 quum
1428 1805 1472 1879 1,
1501 1799 1586 1860 92
1631 1792 2200 1881 elupeum'sureum
2244 1823 2284 1864 s
2313 1803 2536 1864 Croeso

293 1896 367 1962 ἐν
412 1899 756 1986 Προνηίης
799 1902 918 1984 τῆς
962 1897 1036 1964 ἐν
1081 1901 1398 1980 Δελφοῖσι
1442 1906 1721 1986 positum,
1763 1907 1926 1984 VIII,
1970 1898 2069 1966 37.
2113 1902 2213 1966 39.
2255 1894 2340 1965 τὸ
2386 1894 2536 1985 ὶρὸν

290 2003 414 2085 τῆς
458 2001 801 2087 Προναίης
837 1990 1192 2088 Ἀθηναίης
1251 2013 1706 2086 eommemorst,
1757 2008 1861 2069 sed
1922 1998 2212 2069 omnibus
2249 2007 2341 2067 his
2385 2007 2537 2067 loeis

293 2127 429 2169 eum
492 2110 677 2170 Wies.
732 2110 1168 2171 restituendum
1214 2104 1569 2191 Προνοίης.
1661 2094 1751 2170 Ae
1808 2110 1884 2170 de
1942 2109 2077 2170 loeo
2135 2128 2378 2187 quoque
2421 2108 2536 2170 Ae-

290 2212 541 2289 schyleo
588 2232 803 2290 magna
831 2213 1023 2274 oritur
1067 2213 1376 2274 dubitatio.
1462 2214 1618 2274 Nam
1664 2213 1715 2273 si
1759 2196 2009 2292 ,Ἀθηνᾶ
2035 2205 2332 2291 προναία
2360 2212 2536 2272 simu·

289 2313 520 2375 laetum
567 2318 798 2377 tantum
844 2316 1174 2378 vooabatur
1217 2316 1381 2377 nullo
1426 2316 1650 2393 templo
1696 2316 1802 2377 sed
1847 2314 2195 2392 simpliciter
2238 2315 2350 2375 sub
2394 2314 2535 2375 divo

292 2420 352 2480 et
409 2417 473 2478 in
528 2418 664 2495 ipsa
728 2418 933 2497 templi
986 2418 1282 2498 Apollinis
1341 2437 1487 2480 ares
1540 2419 1829 2496 positum,
1890 2423 2173 2497 apparet,
2231 2418 2361 2479 eius
2415 2435 2536 2479 non

291 2519 479 2581 fuisse
538 2524 766 2582 eertum
825 2522 1122 2599 quendam
1180 2522 1406 2583 cultum
1474 2540 1673 2599 neque
1739 2533 1906 2583 reete
1970 2521 2124 2581 illud
2195 2521 2429 2598 signum
2499 2538 2538 2579 a
2629 2585 2644 2592 ,

292 2623 625 2684 Wieselero
682 2642 740 2701 p.
770 2619 895 2682 224
939 2624 1036 2685 ein
1081 2623 1400 2685 eultusbild
1444 2625 1669 2685 vocari.
1755 2625 1846 2686 of.
1890 2625 1965 2685 K.
1995 2625 2060 2684 F.
2118 2625 2319 2684 Herm.
2377 2623 2538 2686 Gott.

292 2726 417 2786 Alt.
451 2721 548 2804 18,
570 2720 641 2785 8:
683 2725 890 2805 „dass,
932 2726 1243 2803 gleiehwie
1286 2725 1427 2787 kein
1470 2727 1693 2804 tempel
1737 2727 1894 2788 ohne
1924 2725 2070 2805 hild,
2112 2745 2179 2788 so
2209 2726 2367 2788 aueh
2396 2724 2537 2787 kein

290 2828 689 2905 eigentliehes
733 2827 1059 2890 eultusbild
1102 2828 1287 2889 leieht
1331 2829 1489 2888 ohne
1531 2830 1755 2907 tempel
1794 2828 1941 2890 oder
1970 2829 2269 2907 sonstiges
2301 2827 2536 2889 obdaeh

289 2947 570 3008 gevesen
613 2929 757 2992 sei.“
846 2932 929 2992 At
968 2931 1135 2992 initio
1180 2931 1646 2993 Eumenidarum
1688 2932 1928 2993 fabulae
1975 2932 2256 2991 sacerdos
2296 2932 2539 2991 invocat

291 3051 399 3093 eos
429 3033 579 3094 deos
610 3034 718 3110 qui
746 3033 998 3110 Delphis
1029 3033 1394 3113 colebantur,
1435 3033 1691 3111 primum
1728 3035 1918 3111 ipsius
1957 3033 2184 3093 oraeuli
2213 3032 2536 3111 praesides,

290 3134 515 3195 deinde
559 3139 824 3215 eeteras,
876 3136 1238 3215 Minervam,
1296 3135 1593 3214 nymphas
1638 3131 1952 3212 Corycias,
1997 3134 2330 3211 Bseehum,
2374 3135 2538 3211 Nep-

290 3240 527 3315 tunum,
566 3238 788 3299 Iovem.
832 3237 1255 3316 Quamobrem,
1296 3257 1481 3316 quum
1528 3238 1835 3299 Minervae
1876 3230 2208 3317 ,προνοίας
2249 3236 2535 3314 templum

289 3337 476 3400 fuisse
518 3339 772 3418 Delphis
824 3344 1090 3420 constet,
1148 3357 1297 3402 sane
1352 3341 1568 3401 mirum
1629 3344 1750 3419 est,
1801 3358 1919 3401 non
1979 3340 2137 3400 hane
2194 3338 2366 3401 deam
2422 3339 2567 3399 hoe·

290 3442 429 3503 loeo
472 3443 956 3524 eommemorari,
1008 3442 1116 3503 sed
1158 3442 1324 3503 illam
1369 3442 1522 3521 signi
1567 3446 1799 3504 tantum
1855 3442 2324 3521 appellationem
2365 3457 2534 3521 προ-

292 3538 493 3603 ναίαν
537 3546 756 3606 afferri.

464 3646 699 3709 Ceteris
743 3648 1016 3710 omnibus
1059 3648 1418 3726 scriptorum
1464 3647 1613 3709 loeis
1656 3648 1784 3709 sola
1839 3647 2032 3708 forma
2073 3636 2365 3726 πρόνοια
2416 3650 2535 3707 trs.-

288 3750 417 3811 dita
459 3756 569 3829 est,
610 3749 774 3829 apud
819 3750 1175 3812 Aesehiuem
1218 3749 1280 3811 in
1324 3750 1483 3813 Otes.
1526 3753 1761 3829 quater,
1804 3749 1840 3822 ᾗ
1877 3745 2013 3810 108.
2050 3746 2185 3809 110.
2222 3745 2360 3808 111.
2416 3745 2527 3807 121

290 3853 495 3930 (quem
540 3872 659 3914 non
705 3854 827 3914 suis
870 3853 1094 3914 verbis·
1113 3852 1289 3930 loqui,
1337 3851 1445 3914 sed
1475 3853 1979 3931 Amphictyonum
2026 3850 2286 3913 reddere
2330 3851 2536 3925 verba,

291 3956 514 4034 quibus
582 3959 721 4035 post
785 3956 1009 4041 bellum
1084 3973 1315 4016 saerum
1385 3955 1793 4017 Cirrhensium
1853 3959 2074 4016 terram
2145 3953 2539 4032 devoverant,

294 4063 500 4119 monet
544 4058 728 4120 Wies.
771 4077 828 4136 p.
860 4055 1003 4134 212,
1039 4056 1127 4135 1),
1170 4056 1329 4135 apud
1375 4058 1683 4118 Demosth.
1724 4057 1785 4118 in
1833 4057 2091 4134 Aristog.
2134 4057 2170 4128 ξ
2214 4052 2329 4134 34,
2371 4055 2538 4133 apud

292 4159 472 4220 Diod.
515 4160 675 4223 Plut.
716 4161 892 4221 Paus.

462 4250 822 4338 πρόναος
865 4263 995 4323 sine
1037 4261 1255 4322 suffixo
1299 4279 1363 4321 ιο
1408 4282 1445 4323 a
1490 4250 1653 4333 ναός
1706 4258 1962 4336 (ναῐος)
2018 4259 2386 4334 derivatum,
2444 4259 2538 4315 est
