<?xml version="1.0" encoding="UTF-8"?>
<!DOCTYPE html PUBLIC "-//W3C//DTD XHTML 1.0 Transitional//EN"
    "http://www.w3.org/TR/xhtml1/DTD/xhtml1-transitional.dtd">
<html xmlns="http://www.w3.org/1999/xhtml" xml:lang="en" lang="en">
 <head>
  <title>
</title>
<meta http-equiv="Content-Type" content="text/html;charset=utf-8" />
  <meta name='ocr-system' content='tesseract 3.04.00' />
  <meta name='ocr-capabilities' content='ocr_page ocr_carea ocr_par ocr_line ocrx_word'/>
</head>
<body>
  <div class='ocr_page' id='page_1' title='image "./dissertationesp00hallgoog_0637.png"; bbox 0 0 3166 4871; ppageno 0'>
   <div class='ocr_carea' id='block_1_1' title="bbox 2508 320 2634 382">
    <p class='ocr_par' dir='ltr' id='par_1_1' title="bbox 2508 320 2634 382">
     <span class='ocr_line' id='line_1_1' title="bbox 2508 320 2634 382; baseline -0.008 0"><span class='ocrx_word' id='word_1_1' title='bbox 2508 320 2634 382; x_wconf 85' lang='lat'><strong>279</strong></span> 
     </span>
    </p>
   </div>
   <div class='ocr_carea' id='block_1_2' title="bbox 387 496 2633 2114">
    <p class='ocr_par' dir='ltr' id='par_1_2' title="bbox 387 496 2633 2114">
     <span class='ocr_line' id='line_1_2' title="bbox 651 496 2037 575; baseline -0.002 -18"><span class='ocrx_word' id='word_1_2' title='bbox 651 497 787 557; x_wconf 83' lang='lat' dir='ltr'><strong>ibid.</strong></span> <span class='ocrx_word' id='word_1_3' title='bbox 819 501 946 560; x_wconf 91' lang='grc'><strong>910</strong></span> <span class='ocrx_word' id='word_1_4' title='bbox 989 498 1063 558; x_wconf 91' lang='grc' dir='ltr'><strong>Ν.</strong></span> <span class='ocrx_word' id='word_1_5' title='bbox 1112 496 1192 557; x_wconf 84' lang='lat' dir='ltr'><strong>cf.</strong></span> <span class='ocrx_word' id='word_1_6' title='bbox 1235 497 1306 556; x_wconf 84' lang='lat' dir='ltr'><strong>ad</strong></span> <span class='ocrx_word' id='word_1_7' title='bbox 1357 496 1476 557; x_wconf 81' lang='lat' dir='ltr'><strong>Att.</strong></span> <span class='ocrx_word' id='word_1_8' title='bbox 1512 501 1568 567; x_wconf 99' lang='grc'><strong>6,</strong></span> <span class='ocrx_word' id='word_1_9' title='bbox 1601 500 1658 575; x_wconf 89' lang='lat'><strong>8,</strong></span> <span class='ocrx_word' id='word_1_10' title='bbox 1693 503 1757 568; x_wconf 88' lang='grc'><strong>1;</strong></span> <span class='ocrx_word' id='word_1_11' title='bbox 1805 501 1860 569; x_wconf 91' lang='grc'><strong>8,</strong></span> <span class='ocrx_word' id='word_1_12' title='bbox 1893 501 1949 568; x_wconf 92' lang='lat'><strong>8,</strong></span> <span class='ocrx_word' id='word_1_13' title='bbox 1984 502 2037 557; x_wconf 83' lang='lat'><strong>2.</strong></span> 
     </span>
     <span class='ocr_line' id='line_1_3' title="bbox 650 599 1776 677; baseline -0.002 -18"><span class='ocrx_word' id='word_1_14' title='bbox 650 599 947 661; x_wconf 83' lang='lat' dir='ltr'><strong>ibid.·950</strong></span> <span class='ocrx_word' id='word_1_15' title='bbox 990 601 1064 659; x_wconf 89' lang='lat' dir='ltr'><strong>N.</strong></span> <span class='ocrx_word' id='word_1_16' title='bbox 1110 599 1185 659; x_wconf 82' lang='lat' dir='ltr'><strong>cf.</strong></span> <span class='ocrx_word' id='word_1_17' title='bbox 1231 599 1305 658; x_wconf 90' lang='lat' dir='ltr'><strong>ad</strong></span> <span class='ocrx_word' id='word_1_18' title='bbox 1353 600 1475 660; x_wconf 87' lang='lat' dir='ltr'><strong>Att.</strong></span> <span class='ocrx_word' id='word_1_19' title='bbox 1508 602 1565 677; x_wconf 84' lang='lat'><strong>9,</strong></span> <span class='ocrx_word' id='word_1_20' title='bbox 1597 602 1690 676; x_wconf 76' lang='lat'><strong>2⁸,</strong></span> <span class='ocrx_word' id='word_1_21' title='bbox 1722 604 1776 658; x_wconf 83' lang='grc'><strong>2.</strong></span> 
     </span>
     <span class='ocr_line' id='line_1_4' title="bbox 648 701 2307 780; baseline 0.001 -19"><span class='ocrx_word' id='word_1_22' title='bbox 648 702 788 762; x_wconf 84' lang='lat' dir='ltr'><strong>ibid.</strong></span> <span class='ocrx_word' id='word_1_23' title='bbox 819 706 942 764; x_wconf 83' lang='lat'><strong>963</strong></span> <span class='ocrx_word' id='word_1_24' title='bbox 988 703 1064 763; x_wconf 88' lang='lat' dir='ltr'><strong>N.</strong></span> <span class='ocrx_word' id='word_1_25' title='bbox 1108 702 1183 762; x_wconf 84' lang='lat' dir='ltr'><strong>cf.</strong></span> <span class='ocrx_word' id='word_1_26' title='bbox 1227 701 1284 762; x_wconf 89' lang='lat' dir='ltr'><strong>d.</strong></span> <span class='ocrx_word' id='word_1_27' title='bbox 1330 701 1447 762; x_wconf 89' lang='lat' dir='ltr'><strong>div.</strong></span> <span class='ocrx_word' id='word_1_28' title='bbox 1479 705 1535 780; x_wconf 87' lang='grc'><strong>2,</strong></span> <span class='ocrx_word' id='word_1_29' title='bbox 1570 706 1680 773; x_wconf 78' lang='lat'><strong>12.-</strong></span> <span class='ocrx_word' id='word_1_30' title='bbox 1726 701 1801 761; x_wconf 89' lang='lat' dir='ltr'><strong>ad</strong></span> <span class='ocrx_word' id='word_1_31' title='bbox 1848 703 1968 762; x_wconf 80' lang='lat' dir='ltr'><strong>Att.</strong></span> <span class='ocrx_word' id='word_1_32' title='bbox 2000 704 2055 773; x_wconf 81' lang='lat'><strong>7,</strong></span> <span class='ocrx_word' id='word_1_33' title='bbox 2090 705 2219 773; x_wconf 77' lang='lat'><strong>13⁸⁸,</strong></span> <span class='ocrx_word' id='word_1_34' title='bbox 2253 704 2307 762; x_wconf 89' lang='lat'><strong>6.</strong></span> 
     </span>
     <span class='ocr_line' id='line_1_5' title="bbox 650 802 1665 880; baseline 0 -16"><span class='ocrx_word' id='word_1_35' title='bbox 650 802 791 865; x_wconf 87' lang='lat' dir='ltr'><strong>ibid.</strong></span> <span class='ocrx_word' id='word_1_36' title='bbox 825 807 986 867; x_wconf 83' lang='lat'>1007</span> <span class='ocrx_word' id='word_1_37' title='bbox 1033 806 1109 865; x_wconf 91' lang='lat' dir='ltr'><strong>N.</strong></span> <span class='ocrx_word' id='word_1_38' title='bbox 1154 803 1226 865; x_wconf 84' lang='lat' dir='ltr'><strong>cf.</strong></span> <span class='ocrx_word' id='word_1_39' title='bbox 1269 805 1447 865; x_wconf 88' lang='lat' dir='ltr'><strong>Tusc.</strong></span> <span class='ocrx_word' id='word_1_40' title='bbox 1481 809 1536 880; x_wconf 86' lang='lat'><strong>1,</strong></span> <span class='ocrx_word' id='word_1_41' title='bbox 1566 808 1665 866; x_wconf 83' lang='lat'><strong>65.</strong></span> 
     </span>
     <span class='ocr_line' id='line_1_6' title="bbox 558 905 2633 985; baseline -0.001 -19"><span class='ocrx_word' id='word_1_42' title='bbox 558 907 651 966; x_wconf 82' lang='lat' dir='ltr'><strong>Ex</strong></span> <span class='ocrx_word' id='word_1_43' title='bbox 696 906 1008 985; x_wconf 78' lang='lat' dir='ltr'><strong>Sophoclis</strong></span> <span class='ocrx_word' id='word_1_44' title='bbox 1051 912 1244 968; x_wconf 90' lang='lat' dir='ltr'><strong>autem</strong></span> <span class='ocrx_word' id='word_1_45' title='bbox 1293 906 1513 968; x_wconf 87' lang='lat' dir='ltr'><strong>fabulis</strong></span> <span class='ocrx_word' id='word_1_46' title='bbox 1560 908 1669 968; x_wconf 84' lang='lat' dir='ltr'><strong>has</strong></span> <span class='ocrx_word' id='word_1_47' title='bbox 1714 907 1985 968; x_wconf 75' lang='lat' dir='ltr'><strong>Ciceroni</strong></span> <span class='ocrx_word' id='word_1_48' title='bbox 2044 911 2217 968; x_wconf 84' lang='lat' dir='ltr'><strong>notas</strong></span> <span class='ocrx_word' id='word_1_49' title='bbox 2262 905 2448 966; x_wconf 84' lang='lat' dir='ltr'><strong>fuisse</strong></span> <span class='ocrx_word' id='word_1_50' title='bbox 2489 906 2633 965; x_wconf 90' lang='lat' dir='ltr'><strong>satis</strong></span> 
     </span>
     <span class='ocr_line' id='line_1_7' title="bbox 387 1009 2348 1071; baseline 0.001 -1"><span class='ocrx_word' id='word_1_51' title='bbox 387 1013 663 1071; x_wconf 76' lang='lat' dir='ltr'><strong>constare</strong></span> <span class='ocrx_word' id='word_1_52' title='bbox 707 1009 978 1071; x_wconf 84' lang='lat' dir='ltr'><strong>videtur:</strong></span> <span class='ocrx_word' id='word_1_53' title='bbox 2342 1016 2348 1025; x_wconf 84' lang='grc'><strong>’</strong></span> 
     </span>
     <span class='ocr_line' id='line_1_8' title="bbox 519 1110 1422 1190; baseline 0 -17"><span class='ocrx_word' id='word_1_54' title='bbox 519 1117 572 1173; x_wconf 94' lang='grc'><strong>1.</strong></span> <span class='ocrx_word' id='word_1_55' title='bbox 645 1112 884 1173; x_wconf 76' lang='lat' dir='ltr'><strong>Electra</strong></span> <span class='ocrx_word' id='word_1_56' title='bbox 928 1112 1004 1173; x_wconf 84' lang='lat' dir='ltr'><strong>cf.</strong></span> <span class='ocrx_word' id='word_1_57' title='bbox 1050 1111 1107 1174; x_wconf 87' lang='lat' dir='ltr'><strong>d.</strong></span> <span class='ocrx_word' id='word_1_58' title='bbox 1146 1110 1245 1173; x_wconf 83' lang='lat' dir='ltr'><strong>fin.</strong></span> <span class='ocrx_word' id='word_1_59' title='bbox 1279 1117 1334 1190; x_wconf 87' lang='lat'><strong>1,</strong></span> <span class='ocrx_word' id='word_1_60' title='bbox 1364 1116 1422 1175; x_wconf 84' lang='lat'><strong>5.</strong></span> 
     </span>
     <span class='ocr_line' id='line_1_9' title="bbox 517 1209 2630 1293; baseline -0.001 -17"><span class='ocrx_word' id='word_1_61' title='bbox 517 1219 572 1276; x_wconf 94' lang='grc'><strong>2.</strong></span> <span class='ocrx_word' id='word_1_62' title='bbox 646 1214 899 1293; x_wconf 82' lang='lat' dir='ltr'><strong>Epigoni</strong></span> <span class='ocrx_word' id='word_1_63' title='bbox 945 1214 1020 1275; x_wconf 84' lang='lat' dir='ltr'><strong>cf.</strong></span> <span class='ocrx_word' id='word_1_64' title='bbox 1066 1215 1122 1276; x_wconf 94' lang='lat' dir='ltr'><strong>d.</strong></span> <span class='ocrx_word' id='word_1_65' title='bbox 1168 1221 1290 1293; x_wconf 89' lang='lat' dir='ltr'><strong>opt.</strong></span> <span class='ocrx_word' id='word_1_66' title='bbox 1334 1234 1388 1292; x_wconf 86' lang='lat' dir='ltr'><strong>g.</strong></span> <span class='ocrx_word' id='word_1_67' title='bbox 1422 1234 1508 1276; x_wconf 90' lang='lat' dir='ltr'><strong>or.</strong></span> <span class='ocrx_word' id='word_1_68' title='bbox 1543 1219 1620 1277; x_wconf 87' lang='lat'><strong>18</strong></span> <span class='ocrx_word' id='word_1_69' title='bbox 1667 1214 1785 1275; x_wconf 88' lang='lat' dir='ltr'><strong>vid.</strong></span> <span class='ocrx_word' id='word_1_70' title='bbox 1831 1213 2069 1276; x_wconf 86' lang='lat' dir='ltr'><strong>Nauck.</strong></span> <span class='ocrx_word' id='word_1_71' title='bbox 2112 1215 2147 1273; x_wconf 90' lang='lat' dir='ltr'><strong>l.</strong></span> <span class='ocrx_word' id='word_1_72' title='bbox 2189 1213 2227 1273; x_wconf 90' lang='lat'><strong>1.</strong></span> <span class='ocrx_word' id='word_1_73' title='bbox 2273 1233 2331 1291; x_wconf 88' lang='lat' dir='ltr'><strong>p.</strong></span> <span class='ocrx_word' id='word_1_74' title='bbox 2364 1209 2502 1274; x_wconf 88' lang='lat'><strong>137.</strong></span> <span class='ocrx_word' id='word_1_75' title='bbox 2546 1242 2630 1252; x_wconf 88' lang='lat'>-</span> 
     </span>
     <span class='ocr_line' id='line_1_10' title="bbox 644 1315 2627 1396; baseline -0.003 -18"><span class='ocrx_word' id='word_1_76' title='bbox 644 1319 925 1379; x_wconf 72' lang='lat' dir='ltr'><strong>Fortasse</strong></span> <span class='ocrx_word' id='word_1_77' title='bbox 968 1316 1249 1378; x_wconf 89' lang='lat' dir='ltr'><strong>addenda</strong></span> <span class='ocrx_word' id='word_1_78' title='bbox 1293 1322 1436 1378; x_wconf 91' lang='lat' dir='ltr'><strong>sunt</strong></span> <span class='ocrx_word' id='word_1_79' title='bbox 1478 1317 1667 1379; x_wconf 88' lang='lat' dir='ltr'><strong>verba</strong></span> <span class='ocrx_word' id='word_1_80' title='bbox 1696 1319 1875 1378; x_wconf 89' lang='lat' dir='ltr'><strong>Tusc.</strong></span> <span class='ocrx_word' id='word_1_81' title='bbox 1911 1322 1967 1396; x_wconf 86' lang='lat'><strong>2,</strong></span> <span class='ocrx_word' id='word_1_82' title='bbox 1997 1322 2081 1379; x_wconf 87' lang='grc'><strong>60</strong></span> <span class='ocrx_word' id='word_1_83' title='bbox 2126 1316 2368 1395; x_wconf 88' lang='lat' dir='ltr'><strong>prolata</strong></span> <span class='ocrx_word' id='word_1_84' title='bbox 2395 1340 2480 1362; x_wconf 90' lang='lat'>=</span> <span class='ocrx_word' id='word_1_85' title='bbox 2514 1315 2627 1375; x_wconf 90' lang='lat' dir='ltr'><strong>inc.</strong></span> 
     </span>
     <span class='ocr_line' id='line_1_11' title="bbox 641 1420 946 1482; baseline 0.003 -3"><span class='ocrx_word' id='word_1_86' title='bbox 641 1420 754 1480; x_wconf 88' lang='lat' dir='ltr'><strong>inc.</strong></span> <span class='ocrx_word' id='word_1_87' title='bbox 786 1424 824 1482; x_wconf 96' lang='grc'><strong>2</strong></span> <span class='ocrx_word' id='word_1_88' title='bbox 869 1421 946 1482; x_wconf 92' lang='grc' dir='ltr'><strong>Ν.</strong></span> 
     </span>
     <span class='ocr_line' id='line_1_12' title="bbox 514 1521 2116 1601; baseline 0.002 -21"><span class='ocrx_word' id='word_1_89' title='bbox 514 1525 570 1581; x_wconf 88' lang='grc'><strong>3.</strong></span> <span class='ocrx_word' id='word_1_90' title='bbox 642 1522 858 1599; x_wconf 82' lang='lat' dir='ltr'><strong>Niptra</strong></span> <span class='ocrx_word' id='word_1_91' title='bbox 905 1521 979 1583; x_wconf 83' lang='lat' dir='ltr'><strong>cf.</strong></span> <span class='ocrx_word' id='word_1_92' title='bbox 1023 1524 1205 1584; x_wconf 81' lang='lat' dir='ltr'><strong>Tusc.</strong></span> <span class='ocrx_word' id='word_1_93' title='bbox 1239 1528 1294 1601; x_wconf 94' lang='grc'><strong>2,</strong></span> <span class='ocrx_word' id='word_1_94' title='bbox 1325 1526 1408 1585; x_wconf 87' lang='grc'><strong>48</strong></span> <span class='ocrx_word' id='word_1_95' title='bbox 1453 1522 1573 1584; x_wconf 88' lang='lat' dir='ltr'><strong>vid.</strong></span> <span class='ocrx_word' id='word_1_96' title='bbox 1617 1522 1837 1584; x_wconf 88' lang='lat' dir='ltr'><strong>Nauck</strong></span> <span class='ocrx_word' id='word_1_97' title='bbox 1883 1543 1940 1601; x_wconf 88' lang='lat' dir='ltr'><strong>p.</strong></span> <span class='ocrx_word' id='word_1_98' title='bbox 1977 1525 2116 1585; x_wconf 88' lang='grc'><strong>182.</strong></span> 
     </span>
     <span class='ocr_line' id='line_1_13' title="bbox 512 1624 1799 1704; baseline 0.001 -20"><span class='ocrx_word' id='word_1_99' title='bbox 512 1627 569 1684; x_wconf 81' lang='lat'><strong>4.</strong></span> <span class='ocrx_word' id='word_1_100' title='bbox 643 1624 914 1703; x_wconf 82' lang='lat' dir='ltr'><strong>Oedipus</strong></span> <span class='ocrx_word' id='word_1_101' title='bbox 960 1626 1262 1688; x_wconf 80' lang='lat' dir='ltr'><strong>Coloneus</strong></span> <span class='ocrx_word' id='word_1_102' title='bbox 1306 1625 1377 1685; x_wconf 86' lang='lat' dir='ltr'><strong>cf.</strong></span> <span class='ocrx_word' id='word_1_103' title='bbox 1424 1626 1480 1686; x_wconf 87' lang='lat' dir='ltr'><strong>d.</strong></span> <span class='ocrx_word' id='word_1_104' title='bbox 1525 1625 1623 1686; x_wconf 84' lang='lat' dir='ltr'><strong>fin.</strong></span> <span class='ocrx_word' id='word_1_105' title='bbox 1655 1630 1712 1704; x_wconf 85' lang='lat'><strong>5,</strong></span> <span class='ocrx_word' id='word_1_106' title='bbox 1743 1631 1799 1688; x_wconf 90' lang='lat'><strong>3.</strong></span> 
     </span>
     <span class='ocr_line' id='line_1_14' title="bbox 517 1727 1778 1806; baseline 0 -19"><span class='ocrx_word' id='word_1_107' title='bbox 517 1729 572 1787; x_wconf 89' lang='grc'><strong>5.</strong></span> <span class='ocrx_word' id='word_1_108' title='bbox 643 1727 1004 1789; x_wconf 85' lang='lat' dir='ltr'><strong>Trachiniae</strong></span> <span class='ocrx_word' id='word_1_109' title='bbox 1051 1728 1124 1788; x_wconf 79' lang='lat' dir='ltr'><strong>cs.</strong></span> <span class='ocrx_word' id='word_1_110' title='bbox 1168 1728 1350 1789; x_wconf 84' lang='lat' dir='ltr'><strong>Tusc.</strong></span> <span class='ocrx_word' id='word_1_111' title='bbox 1382 1731 1439 1806; x_wconf 91' lang='grc'><strong>2,</strong></span> <span class='ocrx_word' id='word_1_112' title='bbox 1471 1730 1778 1791; x_wconf 86' lang='grc'><strong>20-22.</strong></span> 
     </span>
     <span class='ocr_line' id='line_1_15' title="bbox 553 1829 1542 1892; baseline 0.002 -4"><span class='ocrx_word' id='word_1_113' title='bbox 553 1830 664 1890; x_wconf 88' lang='lat' dir='ltr'><strong>His</strong></span> <span class='ocrx_word' id='word_1_114' title='bbox 708 1830 965 1891; x_wconf 85' lang='lat' dir='ltr'><strong>fortasse</strong></span> <span class='ocrx_word' id='word_1_115' title='bbox 1010 1829 1325 1892; x_wconf 88' lang='lat' dir='ltr'><strong>addendae</strong></span> <span class='ocrx_word' id='word_1_116' title='bbox 1369 1834 1542 1891; x_wconf 86' lang='lat' dir='ltr'><strong>sunt:</strong></span> 
     </span>
     <span class='ocr_line' id='line_1_16' title="bbox 516 1928 2621 2009; baseline -0 -19"><span class='ocrx_word' id='word_1_117' title='bbox 516 1936 565 1990; x_wconf 89' lang='lat'><strong>1.</strong></span> <span class='ocrx_word' id='word_1_118' title='bbox 640 1932 872 1992; x_wconf 86' lang='lat' dir='ltr'><strong>Tereus</strong></span> <span class='ocrx_word' id='word_1_119' title='bbox 926 1936 1032 1993; x_wconf 89' lang='lat' dir='ltr'><strong>aut</strong></span> <span class='ocrx_word' id='word_1_120' title='bbox 1087 1933 1253 2009; x_wconf 84' lang='lat' dir='ltr'><strong>Tyro</strong></span> <span class='ocrx_word' id='word_1_121' title='bbox 1315 1932 1390 1992; x_wconf 88' lang='lat' dir='ltr'><strong>cf.</strong></span> <span class='ocrx_word' id='word_1_122' title='bbox 1436 1930 1512 1992; x_wconf 83' lang='lat' dir='ltr'><strong>ad</strong></span> <span class='ocrx_word' id='word_1_123' title='bbox 1559 1932 1684 1992; x_wconf 86' lang='lat' dir='ltr'><strong>Att.</strong></span> <span class='ocrx_word' id='word_1_124' title='bbox 1715 1936 1773 2009; x_wconf 89' lang='lat'><strong>4,</strong></span> <span class='ocrx_word' id='word_1_125' title='bbox 1804 1936 1897 2008; x_wconf 64' lang='lat'><strong>8³²,</strong></span> <span class='ocrx_word' id='word_1_126' title='bbox 1934 1937 1961 1990; x_wconf 95' lang='lat' dir='ltr'><strong>l</strong></span> <span class='ocrx_word' id='word_1_127' title='bbox 1996 1955 2079 1977; x_wconf 88' lang='lat'>=</span> <span class='ocrx_word' id='word_1_128' title='bbox 2111 1930 2184 1990; x_wconf 88' lang='lat' dir='ltr'><strong>fr.</strong></span> <span class='ocrx_word' id='word_1_129' title='bbox 2214 1935 2338 1992; x_wconf 83' lang='lat'><strong>596</strong></span> <span class='ocrx_word' id='word_1_130' title='bbox 2385 1930 2459 1990; x_wconf 87' lang='lat' dir='ltr'><strong>N.</strong></span> <span class='ocrx_word' id='word_1_131' title='bbox 2503 1928 2621 2001; x_wconf 89' lang='lat' dir='ltr'><strong>(co-</strong></span> 
     </span>
     <span class='ocr_line' id='line_1_17' title="bbox 649 2030 2623 2114; baseline -0.001 -22"><span class='ocrx_word' id='word_1_132' title='bbox 649 2032 810 2093; x_wconf 85' lang='lat' dir='ltr'><strong>dices</strong></span> <span class='ocrx_word' id='word_1_133' title='bbox 855 2034 1149 2111; x_wconf 81' lang='lat' dir='ltr'><strong>praebent</strong></span> <span class='ocrx_word' id='word_1_134' title='bbox 1202 2032 1421 2114; x_wconf 78' lang='grc' dir='ltr'><strong>Τυροῖ,</strong></span> <span class='ocrx_word' id='word_1_135' title='bbox 1467 2032 1605 2093; x_wconf 88' lang='lat' dir='ltr'><strong>edit.</strong></span> <span class='ocrx_word' id='word_1_136' title='bbox 1649 2034 1842 2112; x_wconf 88' lang='lat' dir='ltr'><strong>princ.</strong></span> <span class='ocrx_word' id='word_1_137' title='bbox 1887 2052 1963 2093; x_wconf 82' lang='lat' dir='ltr'><strong>ex</strong></span> <span class='ocrx_word' id='word_1_138' title='bbox 2009 2032 2386 2110; x_wconf 86' lang='lat' dir='ltr'><strong>conjectura,</strong></span> <span class='ocrx_word' id='word_1_139' title='bbox 2429 2035 2495 2092; x_wconf 90' lang='lat' dir='ltr'><strong>ut</strong></span> <span class='ocrx_word' id='word_1_140' title='bbox 2537 2030 2623 2089; x_wconf 89' lang='lat' dir='ltr'><strong>vi·</strong></span> 
     </span>
    </p>
   </div>
   <div class='ocr_carea' id='block_1_3' title="bbox 517 503 577 864">
    <p class='ocr_par' dir='ltr' id='par_1_3' title="bbox 517 503 577 864">
     <span class='ocr_line' id='line_1_18' title="bbox 517 503 577 864; textangle 90"><span class='ocrx_word' id='word_1_141' title='bbox 517 503 577 864; x_wconf 50' lang='grc' dir='ltr'><strong>,ΦΡΗὲΞῧ</strong></span> 
     </span>
    </p>
   </div>
   <div class='ocr_carea' id='block_1_4' title="bbox 372 2133 2624 4161">
    <p class='ocr_par' dir='ltr' id='par_1_4' title="bbox 640 2133 1805 2215">
     <span class='ocr_line' id='line_1_19' title="bbox 640 2133 1805 2215; baseline -0.001 -21"><span class='ocrx_word' id='word_1_142' title='bbox 640 2133 817 2194; x_wconf 89' lang='lat' dir='ltr'><strong>detur</strong></span> <span class='ocrx_word' id='word_1_143' title='bbox 869 2134 1073 2215; x_wconf 79' lang='grc' dir='ltr'><strong>Τηρεῖ,</strong></span> <span class='ocrx_word' id='word_1_144' title='bbox 1118 2135 1238 2195; x_wconf 88' lang='lat' dir='ltr'><strong>vid.</strong></span> <span class='ocrx_word' id='word_1_145' title='bbox 1282 2137 1353 2196; x_wconf 83' lang='lat' dir='ltr'><strong>A.</strong></span> <span class='ocrx_word' id='word_1_146' title='bbox 1398 2134 1616 2196; x_wconf 83' lang='lat' dir='ltr'><strong>Nauck</strong></span> <span class='ocrx_word' id='word_1_147' title='bbox 1660 2135 1697 2195; x_wconf 90' lang='lat'><strong>1.</strong></span> <span class='ocrx_word' id='word_1_148' title='bbox 1727 2134 1805 2208; x_wconf 89' lang='lat' dir='ltr'><strong>l.).</strong></span> 
     </span>
    </p>

    <p class='ocr_par' dir='ltr' id='par_1_5' title="bbox 510 2236 2624 2523">
     <span class='ocr_line' id='line_1_20' title="bbox 510 2236 2624 2317; baseline -0 -22"><span class='ocrx_word' id='word_1_149' title='bbox 510 2240 565 2295; x_wconf 85' lang='grc'><strong>2.</strong></span> <span class='ocrx_word' id='word_1_150' title='bbox 639 2236 880 2297; x_wconf 79' lang='lat' dir='ltr'><strong>Teucer</strong></span> <span class='ocrx_word' id='word_1_151' title='bbox 913 2255 987 2297; x_wconf 85' lang='lat' dir='ltr'><strong>ex</strong></span> <span class='ocrx_word' id='word_1_152' title='bbox 1018 2237 1132 2297; x_wconf 81' lang='lat' dir='ltr'><strong>Th.</strong></span> <span class='ocrx_word' id='word_1_153' title='bbox 1165 2236 1451 2298; x_wconf 85' lang='lat' dir='ltr'><strong>Welcker</strong></span> <span class='ocrx_word' id='word_1_154' title='bbox 1480 2238 1828 2317; x_wconf 86' lang='lat' dir='ltr'><strong>conjectura</strong></span> <span class='ocrx_word' id='word_1_155' title='bbox 1874 2237 1949 2297; x_wconf 88' lang='lat' dir='ltr'><strong>cf.</strong></span> <span class='ocrx_word' id='word_1_156' title='bbox 1978 2237 2160 2297; x_wconf 86' lang='lat' dir='ltr'><strong>Tusc.</strong></span> <span class='ocrx_word' id='word_1_157' title='bbox 2193 2241 2248 2309; x_wconf 84' lang='lat'><strong>3,</strong></span> <span class='ocrx_word' id='word_1_158' title='bbox 2282 2241 2357 2299; x_wconf 78' lang='lat'><strong>71</strong></span> <span class='ocrx_word' id='word_1_159' title='bbox 2391 2260 2474 2282; x_wconf 87' lang='lat'>=</span> <span class='ocrx_word' id='word_1_160' title='bbox 2507 2236 2624 2296; x_wconf 91' lang='lat' dir='ltr'><strong>inc.</strong></span> 
     </span>
     <span class='ocr_line' id='line_1_21' title="bbox 640 2339 2623 2417; baseline 0 -20"><span class='ocrx_word' id='word_1_161' title='bbox 640 2339 755 2398; x_wconf 87' lang='lat' dir='ltr'><strong>inc.</strong></span> <span class='ocrx_word' id='word_1_162' title='bbox 786 2342 907 2401; x_wconf 91' lang='grc'><strong>662</strong></span> <span class='ocrx_word' id='word_1_163' title='bbox 953 2340 1029 2401; x_wconf 89' lang='grc' dir='ltr'><strong>Ν.</strong></span> <span class='ocrx_word' id='word_1_164' title='bbox 1085 2370 1175 2382; x_wconf 89' lang='lat'><strong>--</strong></span> <span class='ocrx_word' id='word_1_165' title='bbox 1233 2341 1324 2400; x_wconf 84' lang='lat' dir='ltr'><strong>Ex</strong></span> <span class='ocrx_word' id='word_1_166' title='bbox 1371 2340 1576 2402; x_wconf 88' lang='lat' dir='ltr'><strong>eadem</strong></span> <span class='ocrx_word' id='word_1_167' title='bbox 1624 2340 1828 2400; x_wconf 84' lang='lat' dir='ltr'><strong>fabula</strong></span> <span class='ocrx_word' id='word_1_168' title='bbox 1886 2340 2140 2401; x_wconf 83' lang='lat' dir='ltr'><strong>fortasse</strong></span> <span class='ocrx_word' id='word_1_169' title='bbox 2193 2343 2430 2417; x_wconf 88' lang='lat' dir='ltr'><strong>sumpta</strong></span> <span class='ocrx_word' id='word_1_170' title='bbox 2483 2343 2623 2398; x_wconf 85' lang='lat' dir='ltr'><strong>sunt</strong></span> 
     </span>
     <span class='ocr_line' id='line_1_22' title="bbox 634 2441 1583 2523; baseline 0.003 -22"><span class='ocrx_word' id='word_1_171' title='bbox 634 2441 819 2504; x_wconf 80' lang='lat' dir='ltr'><strong>verba</strong></span> <span class='ocrx_word' id='word_1_172' title='bbox 862 2443 1042 2505; x_wconf 86' lang='lat' dir='ltr'><strong>Tusc.</strong></span> <span class='ocrx_word' id='word_1_173' title='bbox 1072 2447 1128 2515; x_wconf 89' lang='grc'><strong>5,</strong></span> <span class='ocrx_word' id='word_1_174' title='bbox 1163 2447 1285 2507; x_wconf 88' lang='grc'><strong>108</strong></span> <span class='ocrx_word' id='word_1_175' title='bbox 1328 2443 1583 2523; x_wconf 87' lang='lat' dir='ltr'><strong>prolata.</strong></span> 
     </span>
    </p>

    <p class='ocr_par' dir='ltr' id='par_1_6' title="bbox 511 2544 2622 2829">
     <span class='ocr_line' id='line_1_23' title="bbox 511 2544 2622 2623; baseline 0.001 -19"><span class='ocrx_word' id='word_1_176' title='bbox 511 2548 565 2605; x_wconf 88' lang='lat'><strong>3.</strong></span> <span class='ocrx_word' id='word_1_177' title='bbox 638 2545 1066 2623; x_wconf 80' lang='lat' dir='ltr'><strong>&#39;Pympanistae</strong></span> <span class='ocrx_word' id='word_1_178' title='bbox 1128 2544 1201 2607; x_wconf 82' lang='lat' dir='ltr'><strong>cf.</strong></span> <span class='ocrx_word' id='word_1_179' title='bbox 1244 2545 1321 2606; x_wconf 91' lang='lat' dir='ltr'><strong>ad</strong></span> <span class='ocrx_word' id='word_1_180' title='bbox 1370 2546 1489 2606; x_wconf 80' lang='lat' dir='ltr'><strong>Att.</strong></span> <span class='ocrx_word' id='word_1_181' title='bbox 1520 2550 1577 2621; x_wconf 90' lang='grc'><strong>2,</strong></span> <span class='ocrx_word' id='word_1_182' title='bbox 1610 2550 1665 2618; x_wconf 81' lang='lat'><strong>7,</strong></span> <span class='ocrx_word' id='word_1_183' title='bbox 1696 2551 1738 2607; x_wconf 84' lang='lat'>4</span> <span class='ocrx_word' id='word_1_184' title='bbox 1767 2570 1850 2593; x_wconf 91' lang='lat'>=</span> <span class='ocrx_word' id='word_1_185' title='bbox 1882 2546 1951 2606; x_wconf 84' lang='lat' dir='ltr'><strong>fr.</strong></span> <span class='ocrx_word' id='word_1_186' title='bbox 1993 2549 2117 2608; x_wconf 81' lang='lat'><strong>574</strong></span> <span class='ocrx_word' id='word_1_187' title='bbox 2163 2547 2237 2607; x_wconf 93' lang='lat' dir='ltr'><strong>N.</strong></span> <span class='ocrx_word' id='word_1_188' title='bbox 2347 2545 2622 2623; x_wconf 89' lang='lat' dir='ltr'><strong>Denique</strong></span> 
     </span>
     <span class='ocr_line' id='line_1_24' title="bbox 633 2647 2618 2728; baseline 0.001 -21"><span class='ocrx_word' id='word_1_189' title='bbox 633 2666 880 2724; x_wconf 89' lang='lat' dir='ltr'><strong>prorsus</strong></span> <span class='ocrx_word' id='word_1_190' title='bbox 923 2650 1237 2722; x_wconf 88' lang='lat' dir='ltr'><strong>nescimus,</strong></span> <span class='ocrx_word' id='word_1_191' title='bbox 1283 2668 1358 2710; x_wconf 85' lang='lat' dir='ltr'><strong>ex</strong></span> <span class='ocrx_word' id='word_1_192' title='bbox 1403 2667 1525 2727; x_wconf 88' lang='lat' dir='ltr'><strong>qua</strong></span> <span class='ocrx_word' id='word_1_193' title='bbox 1567 2647 1775 2710; x_wconf 86' lang='lat' dir='ltr'><strong>fabula</strong></span> <span class='ocrx_word' id='word_1_194' title='bbox 1815 2650 2035 2728; x_wconf 89' lang='lat' dir='ltr'><strong>sumpti</strong></span> <span class='ocrx_word' id='word_1_195' title='bbox 2079 2650 2198 2710; x_wconf 89' lang='lat' dir='ltr'><strong>sint</strong></span> <span class='ocrx_word' id='word_1_196' title='bbox 2242 2667 2469 2722; x_wconf 87' lang='lat' dir='ltr'><strong>versus,</strong></span> <span class='ocrx_word' id='word_1_197' title='bbox 2515 2649 2618 2727; x_wconf 91' lang='lat' dir='ltr'><strong>qui</strong></span> 
     </span>
     <span class='ocr_line' id='line_1_25' title="bbox 633 2749 2107 2829; baseline 0.001 -20"><span class='ocrx_word' id='word_1_198' title='bbox 633 2749 707 2810; x_wconf 89' lang='lat' dir='ltr'><strong>ad</strong></span> <span class='ocrx_word' id='word_1_199' title='bbox 756 2752 875 2812; x_wconf 85' lang='lat' dir='ltr'><strong>Att.</strong></span> <span class='ocrx_word' id='word_1_200' title='bbox 909 2756 965 2829; x_wconf 93' lang='grc'><strong>2,</strong></span> <span class='ocrx_word' id='word_1_201' title='bbox 1000 2756 1096 2829; x_wconf 85' lang='grc'><strong>16,</strong></span> <span class='ocrx_word' id='word_1_202' title='bbox 1126 2756 1164 2814; x_wconf 92' lang='grc'><strong>2</strong></span> <span class='ocrx_word' id='word_1_203' title='bbox 1210 2752 1603 2813; x_wconf 90' lang='lat' dir='ltr'><strong>inveniuntur</strong></span> <span class='ocrx_word' id='word_1_204' title='bbox 1629 2776 1715 2799; x_wconf 89' lang='lat'><em>=</em></span> <span class='ocrx_word' id='word_1_205' title='bbox 1747 2751 1819 2812; x_wconf 89' lang='lat' dir='ltr'><strong>fr.</strong></span> <span class='ocrx_word' id='word_1_206' title='bbox 1867 2754 1986 2814; x_wconf 84' lang='grc'><strong>697</strong></span> <span class='ocrx_word' id='word_1_207' title='bbox 2034 2752 2107 2812; x_wconf 93' lang='grc' dir='ltr'><strong>Ν.</strong></span> 
     </span>
    </p>

    <p class='ocr_par' dir='ltr' id='par_1_7' title="bbox 372 2853 2621 4161">
     <span class='ocr_line' id='line_1_26' title="bbox 548 2853 2621 2933; baseline 0 -21"><span class='ocrx_word' id='word_1_208' title='bbox 548 2854 822 2931; x_wconf 77' lang='lat' dir='ltr'><strong>Apparet</strong></span> <span class='ocrx_word' id='word_1_209' title='bbox 874 2854 1056 2931; x_wconf 83' lang='lat' dir='ltr'><strong>igitur</strong></span> <span class='ocrx_word' id='word_1_210' title='bbox 1111 2860 1275 2915; x_wconf 86' lang='lat' dir='ltr'><strong>recte</strong></span> <span class='ocrx_word' id='word_1_211' title='bbox 1320 2873 1413 2914; x_wconf 89' lang='lat' dir='ltr'><strong>me</strong></span> <span class='ocrx_word' id='word_1_212' title='bbox 1474 2853 1702 2914; x_wconf 85' lang='lat' dir='ltr'><strong>dixisse</strong></span> <span class='ocrx_word' id='word_1_213' title='bbox 1758 2854 1940 2915; x_wconf 88' lang='lat' dir='ltr'><strong>multo</strong></span> <span class='ocrx_word' id='word_1_214' title='bbox 1996 2855 2198 2931; x_wconf 87' lang='lat' dir='ltr'><strong>plures</strong></span> <span class='ocrx_word' id='word_1_215' title='bbox 2242 2854 2621 2933; x_wconf 65' lang='lat' dir='ltr'><strong>Euripidem,</strong></span> 
     </span>
     <span class='ocr_line' id='line_1_27' title="bbox 378 2954 2620 3033; baseline 0.001 -20"><span class='ocrx_word' id='word_1_216' title='bbox 378 2973 555 3032; x_wconf 88' lang='lat' dir='ltr'><strong>quam</strong></span> <span class='ocrx_word' id='word_1_217' title='bbox 617 2955 984 3033; x_wconf 82' lang='lat' dir='ltr'><strong>Sophocleos</strong></span> <span class='ocrx_word' id='word_1_218' title='bbox 1043 2955 1206 3033; x_wconf 84' lang='lat' dir='ltr'><strong>apud</strong></span> <span class='ocrx_word' id='word_1_219' title='bbox 1269 2954 1609 3017; x_wconf 84' lang='lat' dir='ltr'><strong>Ciceronem</strong></span> <span class='ocrx_word' id='word_1_220' title='bbox 1671 2959 1910 3016; x_wconf 85' lang='lat' dir='ltr'><strong>exstare</strong></span> <span class='ocrx_word' id='word_1_221' title='bbox 1972 2956 2153 3016; x_wconf 90' lang='lat' dir='ltr'><strong>locos.</strong></span> <span class='ocrx_word' id='word_1_222' title='bbox 2257 2956 2620 3033; x_wconf 83' lang='lat' dir='ltr'><strong>Diligentius</strong></span> 
     </span>
     <span class='ocr_line' id='line_1_28' title="bbox 377 3056 2619 3139; baseline 0.003 -26"><span class='ocrx_word' id='word_1_223' title='bbox 377 3074 522 3117; x_wconf 88' lang='lat' dir='ltr'><strong>vcro</strong></span> <span class='ocrx_word' id='word_1_224' title='bbox 568 3056 628 3115; x_wconf 93' lang='lat' dir='ltr'><strong>in</strong></span> <span class='ocrx_word' id='word_1_225' title='bbox 675 3057 812 3118; x_wconf 90' lang='lat' dir='ltr'><strong>illos</strong></span> <span class='ocrx_word' id='word_1_226' title='bbox 852 3057 1085 3135; x_wconf 86' lang='lat' dir='ltr'><strong>priores</strong></span> <span class='ocrx_word' id='word_1_227' title='bbox 1130 3058 1504 3135; x_wconf 84' lang='lat' dir='ltr'><strong>inquirentes</strong></span> <span class='ocrx_word' id='word_1_228' title='bbox 1550 3056 1727 3118; x_wconf 87' lang='lat' dir='ltr'><strong>facile</strong></span> <span class='ocrx_word' id='word_1_229' title='bbox 1772 3057 2144 3139; x_wconf 82' lang='lat' dir='ltr'><strong>inveniemus</strong></span> <span class='ocrx_word' id='word_1_230' title='bbox 2188 3075 2393 3118; x_wconf 91' lang='lat' dir='ltr'><strong>eorum</strong></span> <span class='ocrx_word' id='word_1_231' title='bbox 2440 3059 2619 3136; x_wconf 84' lang='lat' dir='ltr'><strong>longe</strong></span> 
     </span>
     <span class='ocr_line' id='line_1_29' title="bbox 377 3159 2616 3239; baseline 0.001 -22"><span class='ocrx_word' id='word_1_232' title='bbox 377 3159 688 3219; x_wconf 81' lang='lat' dir='ltr'><strong>maximam</strong></span> <span class='ocrx_word' id='word_1_233' title='bbox 746 3165 976 3236; x_wconf 86' lang='lat' dir='ltr'><strong>partem</strong></span> <span class='ocrx_word' id='word_1_234' title='bbox 1021 3160 1120 3220; x_wconf 89' lang='lat' dir='ltr'><strong>vel</strong></span> <span class='ocrx_word' id='word_1_235' title='bbox 1181 3160 1635 3238; x_wconf 83' lang='lat' dir='ltr'><strong>proverbiorum</strong></span> <span class='ocrx_word' id='word_1_236' title='bbox 1696 3160 1796 3221; x_wconf 88' lang='lat' dir='ltr'><strong>vel</strong></span> <span class='ocrx_word' id='word_1_237' title='bbox 1855 3161 2285 3220; x_wconf 85' lang='lat' dir='ltr'><strong>sententiarum</strong></span> <span class='ocrx_word' id='word_1_238' title='bbox 2344 3178 2491 3239; x_wconf 90' lang='lat' dir='ltr'><strong>prae</strong></span> <span class='ocrx_word' id='word_1_239' title='bbox 2550 3177 2616 3220; x_wconf 89' lang='lat' dir='ltr'><strong>se</strong></span> 
     </span>
     <span class='ocr_line' id='line_1_30' title="bbox 373 3260 2616 3342; baseline 0.002 -22"><span class='ocrx_word' id='word_1_240' title='bbox 373 3260 532 3322; x_wconf 80' lang='lat' dir='ltr'><strong>ferre</strong></span> <span class='ocrx_word' id='word_1_241' title='bbox 597 3263 854 3341; x_wconf 87' lang='lat' dir='ltr'><strong>speciem</strong></span> <span class='ocrx_word' id='word_1_242' title='bbox 914 3264 1013 3324; x_wconf 91' lang='lat' dir='ltr'><strong>vel</strong></span> <span class='ocrx_word' id='word_1_243' title='bbox 1075 3264 1313 3323; x_wconf 91' lang='lat' dir='ltr'><strong>omnino</strong></span> <span class='ocrx_word' id='word_1_244' title='bbox 1373 3262 1450 3323; x_wconf 87' lang='lat' dir='ltr'><strong>ad</strong></span> <span class='ocrx_word' id='word_1_245' title='bbox 1495 3262 1938 3341; x_wconf 87' lang='lat' dir='ltr'><strong>philosophiam</strong></span> <span class='ocrx_word' id='word_1_246' title='bbox 1986 3261 2424 3339; x_wconf 84' lang='lat' dir='ltr'><strong>quodammodo</strong></span> <span class='ocrx_word' id='word_1_247' title='bbox 2482 3281 2616 3342; x_wconf 89' lang='lat' dir='ltr'><strong>per-</strong></span> 
     </span>
     <span class='ocr_line' id='line_1_31' title="bbox 373 3363 2617 3444; baseline 0.002 -21"><span class='ocrx_word' id='word_1_248' title='bbox 373 3364 585 3425; x_wconf 90' lang='lat' dir='ltr'><strong>tinere.</strong></span> <span class='ocrx_word' id='word_1_249' title='bbox 672 3366 842 3426; x_wconf 89' lang='lat' dir='ltr'><strong>Duos</strong></span> <span class='ocrx_word' id='word_1_250' title='bbox 887 3365 1040 3426; x_wconf 88' lang='lat' dir='ltr'><strong>enim</strong></span> <span class='ocrx_word' id='word_1_251' title='bbox 1083 3369 1315 3427; x_wconf 86' lang='lat' dir='ltr'><strong>tantum</strong></span> <span class='ocrx_word' id='word_1_252' title='bbox 1361 3367 1528 3427; x_wconf 91' lang='lat' dir='ltr'><strong>locos</strong></span> <span class='ocrx_word' id='word_1_253' title='bbox 1572 3366 1772 3426; x_wconf 91' lang='lat' dir='ltr'><strong>inveni</strong></span> <span class='ocrx_word' id='word_1_254' title='bbox 1829 3364 1930 3435; x_wconf 83' lang='lat' dir='ltr'><strong>(cf.</strong></span> <span class='ocrx_word' id='word_1_255' title='bbox 1973 3363 2050 3425; x_wconf 91' lang='lat' dir='ltr'><strong>ad</strong></span> <span class='ocrx_word' id='word_1_256' title='bbox 2096 3365 2221 3425; x_wconf 87' lang='lat' dir='ltr'><strong>Att.</strong></span> <span class='ocrx_word' id='word_1_257' title='bbox 2254 3370 2311 3444; x_wconf 81' lang='lat'><strong>7,</strong></span> <span class='ocrx_word' id='word_1_258' title='bbox 2342 3370 2437 3439; x_wconf 90' lang='lat'><strong>11,</strong></span> <span class='ocrx_word' id='word_1_259' title='bbox 2473 3370 2505 3426; x_wconf 90' lang='lat'>1</span> <span class='ocrx_word' id='word_1_260' title='bbox 2556 3371 2617 3427; x_wconf 88' lang='lat' dir='ltr'><strong>et</strong></span> 
     </span>
     <span class='ocr_line' id='line_1_32' title="bbox 376 3465 2614 3547; baseline 0.002 -22"><span class='ocrx_word' id='word_1_261' title='bbox 376 3465 453 3526; x_wconf 89' lang='lat' dir='ltr'><strong>ad</strong></span> <span class='ocrx_word' id='word_1_262' title='bbox 500 3467 571 3542; x_wconf 84' lang='lat' dir='ltr'><strong>Q.</strong></span> <span class='ocrx_word' id='word_1_263' title='bbox 614 3466 684 3527; x_wconf 85' lang='lat' dir='ltr'><strong>fr.</strong></span> <span class='ocrx_word' id='word_1_264' title='bbox 718 3471 777 3547; x_wconf 89' lang='grc'><strong>2,</strong></span> <span class='ocrx_word' id='word_1_265' title='bbox 808 3471 903 3538; x_wconf 89' lang='grc'><strong>15,</strong></span> <span class='ocrx_word' id='word_1_266' title='bbox 936 3465 1020 3547; x_wconf 87' lang='grc'><strong>5),</strong></span> <span class='ocrx_word' id='word_1_267' title='bbox 1062 3469 1164 3547; x_wconf 89' lang='lat' dir='ltr'><strong>qui</strong></span> <span class='ocrx_word' id='word_1_268' title='bbox 1210 3469 1312 3529; x_wconf 85' lang='lat' dir='ltr'><strong>vix</strong></span> <span class='ocrx_word' id='word_1_269' title='bbox 1371 3469 1465 3530; x_wconf 92' lang='lat' dir='ltr'><strong>his</strong></span> <span class='ocrx_word' id='word_1_270' title='bbox 1507 3469 1832 3547; x_wconf 83' lang='lat' dir='ltr'><strong>generibus</strong></span> <span class='ocrx_word' id='word_1_271' title='bbox 1892 3473 2148 3545; x_wconf 85' lang='lat' dir='ltr'><strong>possunt</strong></span> <span class='ocrx_word' id='word_1_272' title='bbox 2189 3468 2348 3530; x_wconf 89' lang='lat' dir='ltr'><strong>addi.</strong></span> <span class='ocrx_word' id='word_1_273' title='bbox 2436 3469 2614 3545; x_wconf 80' lang='lat' dir='ltr'><strong>Quod</strong></span> 
     </span>
     <span class='ocr_line' id='line_1_33' title="bbox 376 3569 2613 3650; baseline 0.002 -22"><span class='ocrx_word' id='word_1_274' title='bbox 376 3585 520 3629; x_wconf 90' lang='lat' dir='ltr'><strong>casu</strong></span> <span class='ocrx_word' id='word_1_275' title='bbox 578 3586 651 3628; x_wconf 90' lang='lat' dir='ltr'><strong>ac</strong></span> <span class='ocrx_word' id='word_1_276' title='bbox 696 3573 919 3630; x_wconf 87' lang='lat' dir='ltr'><strong>temere</strong></span> <span class='ocrx_word' id='word_1_277' title='bbox 981 3569 1205 3629; x_wconf 86' lang='lat' dir='ltr'><strong>factum</strong></span> <span class='ocrx_word' id='word_1_278' title='bbox 1265 3587 1398 3631; x_wconf 87' lang='lat' dir='ltr'><strong>esse</strong></span> <span class='ocrx_word' id='word_1_279' title='bbox 1441 3571 1721 3648; x_wconf 86' lang='lat' dir='ltr'><strong>quoniam</strong></span> <span class='ocrx_word' id='word_1_280' title='bbox 1780 3570 2126 3631; x_wconf 88' lang='lat' dir='ltr'><strong>incredibile</strong></span> <span class='ocrx_word' id='word_1_281' title='bbox 2171 3571 2438 3649; x_wconf 87' lang='lat' dir='ltr'><strong>videtur,</strong></span> <span class='ocrx_word' id='word_1_282' title='bbox 2484 3572 2613 3650; x_wconf 84' lang='lat' dir='ltr'><strong>jam</strong></span> 
     </span>
     <span class='ocr_line' id='line_1_34' title="bbox 374 3671 2613 3752; baseline 0.003 -23"><span class='ocrx_word' id='word_1_283' title='bbox 374 3671 712 3730; x_wconf 85' lang='lat' dir='ltr'><strong>invenimus</strong></span> <span class='ocrx_word' id='word_1_284' title='bbox 755 3689 908 3742; x_wconf 86' lang='lat' dir='ltr'><strong>rem,</strong></span> <span class='ocrx_word' id='word_1_285' title='bbox 952 3672 1004 3732; x_wconf 93' lang='lat' dir='ltr'><strong>si</strong></span> <span class='ocrx_word' id='word_1_286' title='bbox 1048 3672 1190 3750; x_wconf 89' lang='lat' dir='ltr'><strong>quid</strong></span> <span class='ocrx_word' id='word_1_287' title='bbox 1240 3671 1440 3744; x_wconf 88' lang='lat' dir='ltr'><strong>video,</strong></span> <span class='ocrx_word' id='word_1_288' title='bbox 1486 3673 1851 3751; x_wconf 81' lang='lat' dir='ltr'><strong>aptissimam</strong></span> <span class='ocrx_word' id='word_1_289' title='bbox 1899 3672 1975 3733; x_wconf 89' lang='lat' dir='ltr'><strong>ad</strong></span> <span class='ocrx_word' id='word_1_290' title='bbox 2022 3675 2432 3750; x_wconf 88' lang='lat' dir='ltr'><strong>quaestionem</strong></span> <span class='ocrx_word' id='word_1_291' title='bbox 2477 3692 2613 3752; x_wconf 90' lang='lat' dir='ltr'><strong>pro-</strong></span> 
     </span>
     <span class='ocr_line' id='line_1_35' title="bbox 372 3773 2615 3854; baseline 0.002 -21"><span class='ocrx_word' id='word_1_292' title='bbox 372 3773 624 3854; x_wconf 88' lang='lat' dir='ltr'><strong>positam</strong></span> <span class='ocrx_word' id='word_1_293' title='bbox 697 3777 860 3833; x_wconf 88' lang='lat' dir='ltr'><strong>recte</strong></span> <span class='ocrx_word' id='word_1_294' title='bbox 922 3773 1384 3852; x_wconf 86' lang='lat' dir='ltr'><strong>dijudicandam.</strong></span> <span class='ocrx_word' id='word_1_295' title='bbox 1494 3776 1882 3854; x_wconf 89' lang='lat' dir='ltr'><strong>Perspicuum</strong></span> <span class='ocrx_word' id='word_1_296' title='bbox 1947 3776 2102 3836; x_wconf 91' lang='lat' dir='ltr'><strong>enim</strong></span> <span class='ocrx_word' id='word_1_297' title='bbox 2173 3777 2314 3837; x_wconf 91' lang='lat' dir='ltr'><strong>mihi</strong></span> <span class='ocrx_word' id='word_1_298' title='bbox 2375 3776 2615 3838; x_wconf 86' lang='lat' dir='ltr'><strong>videtur</strong></span> 
     </span>
     <span class='ocr_line' id='line_1_36' title="bbox 373 3876 2610 3958; baseline 0.002 -23"><span class='ocrx_word' id='word_1_299' title='bbox 373 3894 491 3936; x_wconf 92' lang='lat' dir='ltr'><strong>non</strong></span> <span class='ocrx_word' id='word_1_300' title='bbox 539 3879 658 3936; x_wconf 87' lang='lat' dir='ltr'><strong>tam</strong></span> <span class='ocrx_word' id='word_1_301' title='bbox 704 3877 943 3954; x_wconf 88' lang='lat' dir='ltr'><strong>poetica</strong></span> <span class='ocrx_word' id='word_1_302' title='bbox 980 3876 1463 3955; x_wconf 85' lang='lat' dir='ltr'><strong>pulchritudine,</strong></span> <span class='ocrx_word' id='word_1_303' title='bbox 1509 3896 1688 3958; x_wconf 88' lang='lat' dir='ltr'><strong>quam</strong></span> <span class='ocrx_word' id='word_1_304' title='bbox 1755 3877 2134 3939; x_wconf 89' lang='lat' dir='ltr'><strong>multitudine</strong></span> <span class='ocrx_word' id='word_1_305' title='bbox 2179 3880 2610 3940; x_wconf 86' lang='lat' dir='ltr'><strong>sententiarum</strong></span> 
     </span>
     <span class='ocr_line' id='line_1_37' title="bbox 373 3977 2614 4061; baseline 0.003 -24"><span class='ocrx_word' id='word_1_306' title='bbox 373 3977 449 4037; x_wconf 87' lang='lat' dir='ltr'><strong>ad</strong></span> <span class='ocrx_word' id='word_1_307' title='bbox 497 3996 704 4039; x_wconf 91' lang='lat' dir='ltr'><strong>omnes</strong></span> <span class='ocrx_word' id='word_1_308' title='bbox 731 3977 855 4040; x_wconf 88' lang='lat' dir='ltr'><strong>fere</strong></span> <span class='ocrx_word' id='word_1_309' title='bbox 896 3979 1311 4058; x_wconf 87' lang='lat' dir='ltr'><strong>philosophiae</strong></span> <span class='ocrx_word' id='word_1_310' title='bbox 1354 3984 1561 4058; x_wconf 86' lang='lat' dir='ltr'><strong>partes</strong></span> <span class='ocrx_word' id='word_1_311' title='bbox 1612 3980 2035 4057; x_wconf 83' lang='lat' dir='ltr'><strong>pertinentium</strong></span> <span class='ocrx_word' id='word_1_312' title='bbox 2081 3981 2305 4041; x_wconf 84' lang='lat' dir='ltr'><strong>factum</strong></span> <span class='ocrx_word' id='word_1_313' title='bbox 2351 3998 2503 4061; x_wconf 85' lang='lat' dir='ltr'><strong>esse,</strong></span> <span class='ocrx_word' id='word_1_314' title='bbox 2546 3988 2614 4043; x_wconf 84' lang='lat' dir='ltr'><strong>ut</strong></span> 
     </span>
     <span class='ocr_line' id='line_1_38' title="bbox 376 4080 2613 4161; baseline 0.003 -23"><span class='ocrx_word' id='word_1_315' title='bbox 376 4097 649 4157; x_wconf 85' lang='lat' dir='ltr'><strong>magnam</strong></span> <span class='ocrx_word' id='word_1_316' title='bbox 719 4099 795 4140; x_wconf 79' lang='lat' dir='ltr'><strong>ex</strong></span> <span class='ocrx_word' id='word_1_317' title='bbox 853 4080 1071 4142; x_wconf 77' lang='lat' dir='ltr'><strong>fabulis</strong></span> <span class='ocrx_word' id='word_1_318' title='bbox 1129 4082 1469 4161; x_wconf 85' lang='lat' dir='ltr'><strong>Euripideis</strong></span> <span class='ocrx_word' id='word_1_319' title='bbox 1542 4084 1880 4161; x_wconf 88' lang='lat' dir='ltr'><strong>perciperet</strong></span> <span class='ocrx_word' id='word_1_320' title='bbox 1938 4081 2413 4144; x_wconf 83' lang='lat' dir='ltr'><strong>delectationem.</strong></span> <span class='ocrx_word' id='word_1_321' title='bbox 2520 4083 2613 4145; x_wconf 85' lang='lat' dir='ltr'><strong>Ac</strong></span> 
     </span>
    </p>
   </div>
   <div class='ocr_carea' id='block_1_5' title="bbox 270 4170 2609 4262">
    <p class='ocr_par' dir='ltr' id='par_1_8' title="bbox 270 4170 2609 4262">
     <span class='ocr_line' id='line_1_39' title="bbox 270 4170 2609 4262; baseline 0.003 -22"><span class='ocrx_word' id='word_1_322' title='bbox 270 4170 276 4175; x_wconf 68' lang='grc'>’</span> <span class='ocrx_word' id='word_1_323' title='bbox 371 4181 517 4241; x_wconf 91' lang='lat' dir='ltr'><strong>nihil</strong></span> <span class='ocrx_word' id='word_1_324' title='bbox 561 4183 834 4260; x_wconf 83' lang='lat' dir='ltr'><strong>profecto</strong></span> <span class='ocrx_word' id='word_1_325' title='bbox 879 4187 988 4262; x_wconf 85' lang='lat' dir='ltr'><strong>est,</strong></span> <span class='ocrx_word' id='word_1_326' title='bbox 1032 4202 1138 4245; x_wconf 90' lang='lat' dir='ltr'><strong>cur</strong></span> <span class='ocrx_word' id='word_1_327' title='bbox 1170 4186 1450 4246; x_wconf 88' lang='lat' dir='ltr'><strong>miremur</strong></span> <span class='ocrx_word' id='word_1_328' title='bbox 1492 4203 1616 4246; x_wconf 89' lang='lat' dir='ltr'><strong>rem</strong></span> <span class='ocrx_word' id='word_1_329' title='bbox 1664 4187 1744 4245; x_wconf 87' lang='lat' dir='ltr'><strong>ita</strong></span> <span class='ocrx_word' id='word_1_330' title='bbox 1788 4204 1854 4245; x_wconf 87' lang='lat' dir='ltr'><strong>se</strong></span> <span class='ocrx_word' id='word_1_331' title='bbox 1897 4184 2138 4246; x_wconf 87' lang='lat' dir='ltr'><strong>habere.</strong></span> <span class='ocrx_word' id='word_1_332' title='bbox 2195 4187 2350 4246; x_wconf 83' lang='lat' dir='ltr'><strong>Nam</strong></span> <span class='ocrx_word' id='word_1_333' title='bbox 2396 4186 2609 4248; x_wconf 85' lang='lat' dir='ltr'><strong>iterum</strong></span> 
     </span>
    </p>
   </div>
   <div class='ocr_carea' id='block_1_6' title="bbox 369 4285 2610 4387">
    <p class='ocr_par' dir='ltr' id='par_1_9' title="bbox 369 4285 2610 4387">
     <span class='ocr_line' id='line_1_40' title="bbox 369 4285 2610 4387; baseline 0.004 -45"><span class='ocrx_word' id='word_1_334' title='bbox 369 4288 552 4359; x_wconf 85' lang='lat' dir='ltr'><strong>atque</strong></span> <span class='ocrx_word' id='word_1_335' title='bbox 610 4286 824 4347; x_wconf 84' lang='lat' dir='ltr'><strong>iterum</strong></span> <span class='ocrx_word' id='word_1_336' title='bbox 885 4285 1142 4348; x_wconf 88' lang='lat' dir='ltr'><strong>vidimus</strong></span> <span class='ocrx_word' id='word_1_337' title='bbox 1199 4286 1500 4387; x_wconf 72' lang='lat' dir='ltr'><strong>rarissime</strong></span> <span class='ocrx_word' id='word_1_338' title='bbox 1545 4288 1890 4349; x_wconf 88' lang='lat' dir='ltr'><strong>Ciceronem</strong></span> <span class='ocrx_word' id='word_1_339' title='bbox 1938 4306 2010 4348; x_wconf 88' lang='lat' dir='ltr'><strong>eo</strong></span> <span class='ocrx_word' id='word_1_340' title='bbox 2053 4287 2364 4368; x_wconf 83' lang='lat' dir='ltr'><strong>progredi,</strong></span> <span class='ocrx_word' id='word_1_341' title='bbox 2422 4292 2490 4350; x_wconf 90' lang='lat' dir='ltr'><strong>ut</strong></span> <span class='ocrx_word' id='word_1_342' title='bbox 2534 4290 2610 4350; x_wconf 90' lang='lat' dir='ltr'><strong>de</strong></span> 
     </span>
    </p>
   </div>
  </div>
 </body>
</html>
