<?xml version="1.0" encoding="UTF-8"?>
<!DOCTYPE html PUBLIC "-//W3C//DTD XHTML 1.0 Transitional//EN"
    "http://www.w3.org/TR/xhtml1/DTD/xhtml1-transitional.dtd">
<html xmlns="http://www.w3.org/1999/xhtml" xml:lang="en" lang="en">
 <head>
  <title>
</title>
<meta http-equiv="Content-Type" content="text/html;charset=utf-8" />
  <meta name='ocr-system' content='tesseract 3.04.00' />
  <meta name='ocr-capabilities' content='ocr_page ocr_carea ocr_par ocr_line ocrx_word'/>
</head>
<body>
  <div class='ocr_page' id='page_1' title='image "./dissertationesp00hallgoog_0041.png"; bbox 0 0 3166 4871; ppageno 0'>
   <div class='ocr_carea' id='block_1_1' title="bbox 1108 292 2634 365">
    <p class='ocr_par' dir='ltr' id='par_1_1' title="bbox 1108 292 2634 365">
     <span class='ocr_line' id='line_1_1' title="bbox 1108 292 2634 365; baseline 0.003 -19"><span class='ocrx_word' id='word_1_1' title='bbox 1108 292 1191 347; x_wconf 88' lang='lat' dir='ltr'><strong>De</strong></span> <span class='ocrx_word' id='word_1_2' title='bbox 1227 292 1424 365; x_wconf 80' lang='lat' dir='ltr'><strong>nomin.</strong></span> <span class='ocrx_word' id='word_1_3' title='bbox 1460 293 1520 347; x_wconf 87' lang='lat' dir='ltr'><strong>in</strong></span> <span class='ocrx_word' id='word_1_4' title='bbox 1557 311 1722 359; x_wconf 81' lang='grc' dir='ltr'><strong><em>-αιος,</em></strong></span> <span class='ocrx_word' id='word_1_5' title='bbox 1794 298 1828 361; x_wconf 75' lang='lat' dir='ltr'>S</span> <span class='ocrx_word' id='word_1_6' title='bbox 1866 300 1911 349; x_wconf 84' lang='grc'><strong>7.</strong></span> <span class='ocrx_word' id='word_1_7' title='bbox 2551 302 2634 365; x_wconf 81' lang='lat'><strong>23</strong></span> 
     </span>
    </p>
   </div>
   <div class='ocr_carea' id='block_1_2' title="bbox 378 457 2634 4333">
    <p class='ocr_par' dir='ltr' id='par_1_2' title="bbox 382 457 2634 1168">
     <span class='ocr_line' id='line_1_2' title="bbox 382 457 2629 556; baseline 0.003 -28"><span class='ocrx_word' id='word_1_8' title='bbox 382 468 814 531; x_wconf 75' lang='lat' dir='ltr'><strong>declinationis</strong></span> <span class='ocrx_word' id='word_1_9' title='bbox 858 471 1223 531; x_wconf 86' lang='lat' dir='ltr'><strong>descendere</strong></span> <span class='ocrx_word' id='word_1_10' title='bbox 1271 475 1520 533; x_wconf 85' lang='lat' dir='ltr'><strong>constat.</strong></span> <span class='ocrx_word' id='word_1_11' title='bbox 1610 472 1696 535; x_wconf 82' lang='lat' dir='ltr'><strong>Cf.</strong></span> <span class='ocrx_word' id='word_1_12' title='bbox 1728 457 2092 551; x_wconf 76' lang='grc' dir='ltr'><strong><em>ἄγχόνειος,</em></strong></span> <span class='ocrx_word' id='word_1_13' title='bbox 2141 461 2402 546; x_wconf 76' lang='grc' dir='ltr'><strong><em>αὔλειος</em></strong></span> <span class='ocrx_word' id='word_1_14' title='bbox 2428 492 2629 556; x_wconf 82' lang='grc' dir='ltr'><strong><em>προς-</em></strong></span> 
     </span>
     <span class='ocr_line' id='line_1_3' title="bbox 385 560 2631 654; baseline 0.004 -25"><span class='ocrx_word' id='word_1_15' title='bbox 385 560 685 645; x_wconf 77' lang='grc' dir='ltr'><strong><em>αύλειος,</em></strong></span> <span class='ocrx_word' id='word_1_16' title='bbox 762 562 1178 645; x_wconf 79' lang='grc' dir='ltr'><strong><em>δεσπότειος,</em></strong></span> <span class='ocrx_word' id='word_1_17' title='bbox 1244 568 1562 649; x_wconf 79' lang='grc' dir='ltr'><strong><em>κλίνειος·,</em></strong></span> <span class='ocrx_word' id='word_1_18' title='bbox 1619 582 1969 652; x_wconf 81' lang='grc' dir='ltr'><strong><em>μουσεῑος,</em></strong></span> <span class='ocrx_word' id='word_1_19' title='bbox 2030 583 2382 654; x_wconf 82' lang='grc' dir='ltr'><strong><em>νυμφεῑος,</em></strong></span> <span class='ocrx_word' id='word_1_20' title='bbox 2428 588 2631 637; x_wconf 84' lang='grc' dir='ltr'><strong><em>σπον-</em></strong></span> 
     </span>
     <span class='ocr_line' id='line_1_4' title="bbox 385 664 2634 763; baseline 0.003 -32"><span class='ocrx_word' id='word_1_21' title='bbox 385 668 584 746; x_wconf 79' lang='grc' dir='ltr'><strong><em>δεῖος,</em></strong></span> <span class='ocrx_word' id='word_1_22' title='bbox 626 664 889 763; x_wconf 75' lang='grc' dir='ltr'><strong>χήρειοςΙ</strong></span> <span class='ocrx_word' id='word_1_23' title='bbox 934 676 1039 752; x_wconf 80' lang='lat' dir='ltr'><strong>aL,</strong></span> <span class='ocrx_word' id='word_1_24' title='bbox 1099 680 1310 736; x_wconf 73' lang='lat' dir='ltr'><strong>neutra</strong></span> <span class='ocrx_word' id='word_1_25' title='bbox 1353 673 1861 754; x_wconf 76' lang='grc' dir='ltr'><strong><em>θεσμοθετετον,</em></strong></span> <span class='ocrx_word' id='word_1_26' title='bbox 1918 677 2431 758; x_wconf 81' lang='grc' dir='ltr'><strong><em>μορμολυκεῖον,</em></strong></span> <span class='ocrx_word' id='word_1_27' title='bbox 2472 696 2634 758; x_wconf 83' lang='grc' dir='ltr'><strong><em>μου·</em></strong></span> 
     </span>
     <span class='ocr_line' id='line_1_5' title="bbox 388 764 2633 860; baseline 0.003 -26"><span class='ocrx_word' id='word_1_28' title='bbox 388 782 595 849; x_wconf 77' lang='grc' dir='ltr'><strong><em>σεῖον,</em></strong></span> <span class='ocrx_word' id='word_1_29' title='bbox 658 783 1010 854; x_wconf 77' lang='grc' dir='ltr'><strong><em>νυμφεῖον,</em></strong></span> <span class='ocrx_word' id='word_1_30' title='bbox 1053 785 1352 855; x_wconf 83' lang='grc' dir='ltr'><strong><em>ταμιεῖον</em></strong></span> <span class='ocrx_word' id='word_1_31' title='bbox 1398 764 1664 858; x_wconf 70' lang='grc' dir='ltr'><strong><em>ᾠδεῖον.</em></strong></span> <span class='ocrx_word' id='word_1_32' title='bbox 1709 781 1921 858; x_wconf 84' lang='lat' dir='ltr'><strong>Itaque</strong></span> <span class='ocrx_word' id='word_1_33' title='bbox 1967 783 2144 842; x_wconf 85' lang='lat' dir='ltr'><strong>etiam</strong></span> <span class='ocrx_word' id='word_1_34' title='bbox 2184 766 2477 860; x_wconf 65' lang='grc' dir='ltr'><strong><em>Ἀλήιον</em></strong></span> <span class='ocrx_word' id='word_1_35' title='bbox 2520 788 2633 841; x_wconf 75' lang='grc' dir='ltr'><strong>πέ-</strong></span> 
     </span>
     <span class='ocr_line' id='line_1_6' title="bbox 389 868 2632 963; baseline 0.004 -28"><span class='ocrx_word' id='word_1_36' title='bbox 389 871 537 936; x_wconf 82' lang='grc' dir='ltr'><strong><em>δίον</em></strong></span> <span class='ocrx_word' id='word_1_37' title='bbox 584 885 646 939; x_wconf 87' lang='lat' dir='ltr'><strong>et</strong></span> <span class='ocrx_word' id='word_1_38' title='bbox 690 869 1093 958; x_wconf 82' lang='grc' dir='ltr'><strong><em>Νυσήιον,</em></strong></span> <span class='ocrx_word' id='word_1_39' title='bbox 1138 899 1483 959; x_wconf 80' lang='lat' dir='ltr'>quanquam</span> <span class='ocrx_word' id='word_1_40' title='bbox 1528 884 1605 942; x_wconf 90' lang='lat' dir='ltr'><strong>ab</strong></span> <span class='ocrx_word' id='word_1_41' title='bbox 1631 868 1802 942; x_wconf 73' lang='grc' dir='ltr'><strong><em>Ἄλαι</em></strong></span> <span class='ocrx_word' id='word_1_42' title='bbox 1833 889 1893 943; x_wconf 84' lang='lat' dir='ltr'><strong>et</strong></span> <span class='ocrx_word' id='word_1_43' title='bbox 1928 872 2122 943; x_wconf 85' lang='grc' dir='ltr'><strong><em>Νύσα</em></strong></span> <span class='ocrx_word' id='word_1_44' title='bbox 2154 884 2426 963; x_wconf 86' lang='lat' dir='ltr'><strong>oriunda,</strong></span> <span class='ocrx_word' id='word_1_45' title='bbox 2469 889 2632 945; x_wconf 85' lang='lat' dir='ltr'><strong>recte</strong></span> 
     </span>
     <span class='ocr_line' id='line_1_7' title="bbox 389 975 2633 1061; baseline 0.002 -20"><span class='ocrx_word' id='word_1_46' title='bbox 389 982 774 1041; x_wconf 87' lang='lat' dir='ltr'><strong>Herodianus</strong></span> <span class='ocrx_word' id='word_1_47' title='bbox 836 982 928 1061; x_wconf 86' lang='lat' dir='ltr'><strong>(l,</strong></span> <span class='ocrx_word' id='word_1_48' title='bbox 978 979 1097 1040; x_wconf 90' lang='grc'><strong>122</strong></span> <span class='ocrx_word' id='word_1_49' title='bbox 1140 984 1355 1054; x_wconf 84' lang='lat' dir='ltr'><strong>Lentz)</strong></span> <span class='ocrx_word' id='word_1_50' title='bbox 1416 984 1580 1044; x_wconf 82' lang='lat' dir='ltr'><strong>faeta</strong></span> <span class='ocrx_word' id='word_1_51' title='bbox 1645 1003 1775 1045; x_wconf 88' lang='lat' dir='ltr'><strong>esse</strong></span> <span class='ocrx_word' id='word_1_52' title='bbox 1842 992 2043 1047; x_wconf 85' lang='lat' dir='ltr'><strong>censet</strong></span> <span class='ocrx_word' id='word_1_53' title='bbox 2108 976 2280 1045; x_wconf 80' lang='grc' dir='ltr'><strong><em>κατὰ</em></strong></span> <span class='ocrx_word' id='word_1_54' title='bbox 2326 975 2633 1046; x_wconf 80' lang='grc' dir='ltr'><strong><em>διάλυσιν</em></strong></span> 
     </span>
     <span class='ocr_line' id='line_1_8' title="bbox 390 1067 2293 1168; baseline 0.003 -27"><span class='ocrx_word' id='word_1_55' title='bbox 390 1067 523 1142; x_wconf 74' lang='grc' dir='ltr'><strong>ἀπὸ</strong></span> <span class='ocrx_word' id='word_1_56' title='bbox 568 1080 711 1142; x_wconf 78' lang='grc' dir='ltr'><strong>τῶν</strong></span> <span class='ocrx_word' id='word_1_57' title='bbox 758 1075 867 1142; x_wconf 80' lang='grc' dir='ltr'><strong><em>διὰ</em></strong></span> <span class='ocrx_word' id='word_1_58' title='bbox 909 1082 1034 1143; x_wconf 83' lang='grc' dir='ltr'><strong>τοῦ</strong></span> <span class='ocrx_word' id='word_1_59' title='bbox 1080 1101 1212 1156; x_wconf 81' lang='grc' dir='ltr'><strong><em>ειος</em></strong></span> <span class='ocrx_word' id='word_1_60' title='bbox 1256 1080 1371 1144; x_wconf 82' lang='grc' dir='ltr'><strong>καὶ</strong></span> <span class='ocrx_word' id='word_1_61' title='bbox 1414 1077 1683 1145; x_wconf 81' lang='grc' dir='ltr'><strong><em>εκτασιν</em></strong></span> <span class='ocrx_word' id='word_1_62' title='bbox 1726 1103 1855 1145; x_wconf 86' lang='grc' dir='ltr'><strong>του</strong></span> <span class='ocrx_word' id='word_1_63' title='bbox 1900 1105 1929 1145; x_wconf 92' lang='grc' dir='ltr'><strong><em>ε</em></strong></span> <span class='ocrx_word' id='word_1_64' title='bbox 1976 1081 2067 1159; x_wconf 84' lang='grc' dir='ltr'><strong>εἰς</strong></span> <span class='ocrx_word' id='word_1_65' title='bbox 2110 1078 2189 1147; x_wconf 81' lang='grc' dir='ltr'><strong>τὸ</strong></span> <span class='ocrx_word' id='word_1_66' title='bbox 2235 1106 2293 1168; x_wconf 89' lang='grc' dir='ltr'><strong>η.</strong></span> 
     </span>
    </p>

    <p class='ocr_par' dir='ltr' id='par_1_3' title="bbox 378 1179 2633 3312">
     <span class='ocr_line' id='line_1_9' title="bbox 559 1179 2627 1268; baseline 0.003 -24"><span class='ocrx_word' id='word_1_67' title='bbox 559 1179 620 1244; x_wconf 83' lang='lat'><strong>7.</strong></span> <span class='ocrx_word' id='word_1_68' title='bbox 670 1188 938 1263; x_wconf 86' lang='lat' dir='ltr'><strong>Diversa,</strong></span> <span class='ocrx_word' id='word_1_69' title='bbox 985 1190 1052 1247; x_wconf 90' lang='lat' dir='ltr'><strong>nt</strong></span> <span class='ocrx_word' id='word_1_70' title='bbox 1095 1187 1391 1265; x_wconf 85' lang='lat' dir='ltr'><strong>diximus‚·</strong></span> <span class='ocrx_word' id='word_1_71' title='bbox 1411 1190 1561 1255; x_wconf 84' lang='lat' dir='ltr'><strong>ratio</strong></span> <span class='ocrx_word' id='word_1_72' title='bbox 1609 1194 1700 1249; x_wconf 85' lang='lat' dir='ltr'><strong>est</strong></span> <span class='ocrx_word' id='word_1_73' title='bbox 1744 1207 1967 1268; x_wconf 85' lang='lat' dir='ltr'><strong>eorum,</strong></span> <span class='ocrx_word' id='word_1_74' title='bbox 2011 1208 2164 1266; x_wconf 85' lang='lat' dir='ltr'><strong>quae</strong></span> <span class='ocrx_word' id='word_1_75' title='bbox 2211 1207 2254 1248; x_wconf 92' lang='grc' dir='ltr'><strong><em>α</em></strong></span> <span class='ocrx_word' id='word_1_76' title='bbox 2296 1189 2500 1267; x_wconf 79' lang='lat' dir='ltr'><strong>stirpis</strong></span> <span class='ocrx_word' id='word_1_77' title='bbox 2542 1192 2627 1251; x_wconf 92' lang='lat' dir='ltr'><strong>in-</strong></span> 
     </span>
     <span class='ocr_line' id='line_1_10' title="bbox 388 1288 2633 1369; baseline 0.002 -21"><span class='ocrx_word' id='word_1_78' title='bbox 388 1290 575 1348; x_wconf 84' lang='lat' dir='ltr'><strong>terius</strong></span> <span class='ocrx_word' id='word_1_79' title='bbox 622 1307 757 1349; x_wconf 85' lang='lat' dir='ltr'><strong>cum</strong></span> <span class='ocrx_word' id='word_1_80' title='bbox 804 1306 868 1346; x_wconf 89' lang='grc' dir='ltr'><strong>ιο</strong></span> <span class='ocrx_word' id='word_1_81' title='bbox 914 1288 1131 1350; x_wconf 79' lang='lat' dir='ltr'><strong>suffixo</strong></span> <span class='ocrx_word' id='word_1_82' title='bbox 1178 1296 1611 1351; x_wconf 83' lang='lat' dir='ltr'><strong>contraxerunt</strong></span> <span class='ocrx_word' id='word_1_83' title='bbox 1655 1293 1714 1352; x_wconf 89' lang='lat' dir='ltr'><strong>in</strong></span> <span class='ocrx_word' id='word_1_84' title='bbox 1747 1307 1873 1350; x_wconf 91' lang='grc' dir='ltr'><strong><em>αιο.</em></strong></span> <span class='ocrx_word' id='word_1_85' title='bbox 1964 1293 2178 1369; x_wconf 80' lang='lat' dir='ltr'><strong>Neque</strong></span> <span class='ocrx_word' id='word_1_86' title='bbox 2222 1294 2431 1353; x_wconf 90' lang='lat' dir='ltr'><strong>horum</strong></span> <span class='ocrx_word' id='word_1_87' title='bbox 2476 1294 2633 1353; x_wconf 85' lang='lat' dir='ltr'><strong>inter</strong></span> 
     </span>
     <span class='ocr_line' id='line_1_11' title="bbox 390 1392 2631 1470; baseline 0.002 -19"><span class='ocrx_word' id='word_1_88' title='bbox 390 1409 453 1452; x_wconf 87' lang='lat' dir='ltr'><strong>se</strong></span> <span class='ocrx_word' id='word_1_89' title='bbox 499 1410 610 1468; x_wconf 88' lang='lat' dir='ltr'><strong>par</strong></span> <span class='ocrx_word' id='word_1_90' title='bbox 654 1392 958 1469; x_wconf 86' lang='lat' dir='ltr'><strong>condicio,</strong></span> <span class='ocrx_word' id='word_1_91' title='bbox 1018 1392 1122 1452; x_wconf 84' lang='lat' dir='ltr'><strong>sed</strong></span> <span class='ocrx_word' id='word_1_92' title='bbox 1187 1394 1410 1453; x_wconf 87' lang='lat' dir='ltr'><strong>classes</strong></span> <span class='ocrx_word' id='word_1_93' title='bbox 1468 1393 1934 1470; x_wconf 77' lang='lat' dir='ltr'><strong>distinguendae</strong></span> <span class='ocrx_word' id='word_1_94' title='bbox 1979 1399 2136 1455; x_wconf 85' lang='lat' dir='ltr'><strong>sunt.</strong></span> <span class='ocrx_word' id='word_1_95' title='bbox 2223 1397 2377 1455; x_wconf 87' lang='lat' dir='ltr'><strong>Nam</strong></span> <span class='ocrx_word' id='word_1_96' title='bbox 2423 1400 2528 1455; x_wconf 84' lang='lat' dir='ltr'><strong>aut</strong></span> <span class='ocrx_word' id='word_1_97' title='bbox 2567 1396 2631 1456; x_wconf 89' lang='lat' dir='ltr'><strong>in</strong></span> 
     </span>
     <span class='ocr_line' id='line_1_12' title="bbox 390 1494 2629 1573; baseline 0.003 -22"><span class='ocrx_word' id='word_1_98' title='bbox 390 1494 655 1555; x_wconf 86' lang='lat' dir='ltr'><strong>vocalem</strong></span> <span class='ocrx_word' id='word_1_99' title='bbox 699 1495 890 1571; x_wconf 87' lang='lat' dir='ltr'><strong>ipsam</strong></span> <span class='ocrx_word' id='word_1_100' title='bbox 936 1499 1155 1554; x_wconf 83' lang='lat' dir='ltr'><strong>exeunt</strong></span> <span class='ocrx_word' id='word_1_101' title='bbox 1212 1496 1476 1556; x_wconf 85' lang='lat' dir='ltr'><strong>themata</strong></span> <span class='ocrx_word' id='word_1_102' title='bbox 1518 1496 1624 1555; x_wconf 86' lang='lat' dir='ltr'><strong>illa</strong></span> <span class='ocrx_word' id='word_1_103' title='bbox 1667 1497 1978 1573; x_wconf 87' lang='lat' dir='ltr'><strong>primaria,</strong></span> <span class='ocrx_word' id='word_1_104' title='bbox 2035 1502 2140 1557; x_wconf 83' lang='lat' dir='ltr'><strong>aut</strong></span> <span class='ocrx_word' id='word_1_105' title='bbox 2195 1499 2257 1557; x_wconf 90' lang='lat' dir='ltr'><strong>in</strong></span> <span class='ocrx_word' id='word_1_106' title='bbox 2303 1515 2629 1558; x_wconf 89' lang='lat' dir='ltr'><strong>consonam</strong></span> 
     </span>
     <span class='ocr_line' id='line_1_13' title="bbox 389 1596 2627 1676; baseline 0.002 -20"><span class='ocrx_word' id='word_1_107' title='bbox 389 1615 543 1674; x_wconf 87' lang='lat' dir='ltr'><strong>quae</strong></span> <span class='ocrx_word' id='word_1_108' title='bbox 588 1600 731 1656; x_wconf 85' lang='lat' dir='ltr'><strong>ante</strong></span> <span class='ocrx_word' id='word_1_109' title='bbox 774 1597 1041 1657; x_wconf 76' lang='lat' dir='ltr'><strong>vocalem</strong></span> <span class='ocrx_word' id='word_1_110' title='bbox 1087 1596 1286 1657; x_wconf 83' lang='lat' dir='ltr'><strong>suffixi</strong></span> <span class='ocrx_word' id='word_1_111' title='bbox 1330 1603 1678 1675; x_wconf 82' lang='lat' dir='ltr'><strong>sequentem</strong></span> <span class='ocrx_word' id='word_1_112' title='bbox 1726 1599 2003 1660; x_wconf 78' lang='lat' dir='ltr'><strong>elidatur.</strong></span> <span class='ocrx_word' id='word_1_113' title='bbox 2098 1601 2191 1660; x_wconf 91' lang='lat' dir='ltr'><strong>Ab</strong></span> <span class='ocrx_word' id='word_1_114' title='bbox 2235 1601 2398 1661; x_wconf 88' lang='lat' dir='ltr'><strong>illius</strong></span> <span class='ocrx_word' id='word_1_115' title='bbox 2448 1618 2627 1676; x_wconf 86' lang='lat' dir='ltr'><strong>gene-</strong></span> 
     </span>
     <span class='ocr_line' id='line_1_14' title="bbox 388 1696 2628 1781; baseline 0.002 -23"><span class='ocrx_word' id='word_1_116' title='bbox 388 1701 468 1758; x_wconf 88' lang='lat' dir='ltr'><strong>ris</strong></span> <span class='ocrx_word' id='word_1_117' title='bbox 510 1701 851 1777; x_wconf 85' lang='lat' dir='ltr'><strong>prototypis</strong></span> <span class='ocrx_word' id='word_1_118' title='bbox 909 1718 1109 1777; x_wconf 87' lang='lat' dir='ltr'><strong>pauca</strong></span> <span class='ocrx_word' id='word_1_119' title='bbox 1159 1705 1301 1761; x_wconf 89' lang='lat' dir='ltr'><strong>sunt</strong></span> <span class='ocrx_word' id='word_1_120' title='bbox 1357 1700 1555 1761; x_wconf 78' lang='lat' dir='ltr'><strong>suffixi</strong></span> <span class='ocrx_word' id='word_1_121' title='bbox 1620 1718 1684 1760; x_wconf 91' lang='grc' dir='ltr'><strong>ιο</strong></span> <span class='ocrx_word' id='word_1_122' title='bbox 1752 1721 1864 1780; x_wconf 89' lang='lat' dir='ltr'><strong>ope</strong></span> <span class='ocrx_word' id='word_1_123' title='bbox 1925 1701 2227 1781; x_wconf 87' lang='lat' dir='ltr'><strong>derivata,</strong></span> <span class='ocrx_word' id='word_1_124' title='bbox 2285 1696 2628 1775; x_wconf 78' lang='grc' dir='ltr'><strong><em>βέβαιος</em></strong></span> 
     </span>
     <span class='ocr_line' id='line_1_15' title="bbox 388 1790 2628 1881; baseline 0.003 -22"><span class='ocrx_word' id='word_1_125' title='bbox 388 1807 601 1878; x_wconf 82' lang='grc' dir='ltr'><strong><em>γαῖα,</em></strong></span> <span class='ocrx_word' id='word_1_126' title='bbox 663 1790 1180 1880; x_wconf 73' lang='grc' dir='ltr'><strong><em>πολύγραος,</em></strong></span> <span class='ocrx_word' id='word_1_127' title='bbox 1247 1793 1708 1881; x_wconf 76' lang='grc' dir='ltr'><strong><em>Οἰνόμαος,</em></strong></span> <span class='ocrx_word' id='word_1_128' title='bbox 1770 1790 2200 1862; x_wconf 80' lang='grc' dir='ltr'><strong><em>Ναυσικάα</em></strong></span> <span class='ocrx_word' id='word_1_129' title='bbox 2254 1809 2313 1864; x_wconf 90' lang='lat' dir='ltr'><strong>et</strong></span> <span class='ocrx_word' id='word_1_130' title='bbox 2371 1803 2628 1866; x_wconf 85' lang='lat' dir='ltr'><strong>fortasse</strong></span> 
     </span>
     <span class='ocr_line' id='line_1_16' title="bbox 388 1892 2628 1985; baseline 0.003 -24"><span class='ocrx_word' id='word_1_131' title='bbox 388 1892 663 1977; x_wconf 82' lang='grc' dir='ltr'><strong><em>φαιός,</em></strong></span> <span class='ocrx_word' id='word_1_132' title='bbox 735 1892 975 1983; x_wconf 80' lang='grc' dir='ltr'><strong><em>πηός,</em></strong></span> <span class='ocrx_word' id='word_1_133' title='bbox 1049 1904 1123 1963; x_wconf 87' lang='lat' dir='ltr'><strong>cf.</strong></span> <span class='ocrx_word' id='word_1_134' title='bbox 1183 1904 1218 1975; x_wconf 66' lang='grc' dir='ltr'><strong>ξ</strong></span> <span class='ocrx_word' id='word_1_135' title='bbox 1282 1901 1358 1962; x_wconf 87' lang='grc'><strong>37</strong></span> <span class='ocrx_word' id='word_1_136' title='bbox 1427 1922 1585 1983; x_wconf 85' lang='lat' dir='ltr'><strong>sqq.;</strong></span> <span class='ocrx_word' id='word_1_137' title='bbox 1652 1925 1689 1965; x_wconf 85' lang='lat' dir='ltr'><strong>a</strong></span> <span class='ocrx_word' id='word_1_138' title='bbox 1753 1907 2140 1966; x_wconf 80' lang='lat' dir='ltr'><strong>substantivis</strong></span> <span class='ocrx_word' id='word_1_139' title='bbox 2204 1906 2387 1966; x_wconf 85' lang='lat' dir='ltr'><strong>ducta</strong></span> <span class='ocrx_word' id='word_1_140' title='bbox 2442 1913 2628 1985; x_wconf 85' lang='grc' dir='ltr'><strong><em>μαῖα</em></strong></span> 
     </span>
     <span class='ocr_line' id='line_1_17' title="bbox 385 1989 2625 2086; baseline 0.002 -23"><span class='ocrx_word' id='word_1_141' title='bbox 385 2000 802 2083; x_wconf 75' lang='grc' dir='ltr'><strong><em>μαμμαία,</em></strong></span> <span class='ocrx_word' id='word_1_142' title='bbox 844 1989 1333 2086; x_wconf 77' lang='grc' dir='ltr'><strong><em>Αμφιαράὶα</em></strong></span> <span class='ocrx_word' id='word_1_143' title='bbox 1378 2012 1437 2067; x_wconf 91' lang='lat' dir='ltr'><strong>et</strong></span> <span class='ocrx_word' id='word_1_144' title='bbox 1480 2007 1555 2067; x_wconf 86' lang='lat' dir='ltr'><strong>ab</strong></span> <span class='ocrx_word' id='word_1_145' title='bbox 1603 1992 1808 2077; x_wconf 78' lang='grc' dir='ltr'><strong><em>αλαός</em></strong></span> <span class='ocrx_word' id='word_1_146' title='bbox 1854 1993 2150 2079; x_wconf 81' lang='grc' dir='ltr'><strong><em>αλάϊος</em></strong></span> <span class='ocrx_word' id='word_1_147' title='bbox 2193 1992 2422 2079; x_wconf 79' lang='grc' dir='ltr'><strong><em>(αλαΐα</em></strong></span> <span class='ocrx_word' id='word_1_148' title='bbox 2465 2003 2625 2082; x_wconf 76' lang='grc' dir='ltr'><strong><em>φθί-</em></strong></span> 
     </span>
     <span class='ocr_line' id='line_1_18' title="bbox 388 2093 2627 2190; baseline 0.001 -24"><span class='ocrx_word' id='word_1_149' title='bbox 388 2118 487 2176; x_wconf 83' lang='grc' dir='ltr'><strong><em>σις</em></strong></span> <span class='ocrx_word' id='word_1_150' title='bbox 528 2107 843 2185; x_wconf 87' lang='lat' dir='ltr'><strong>Hippocr).</strong></span> <span class='ocrx_word' id='word_1_151' title='bbox 932 2108 1089 2182; x_wconf 76' lang='lat' dir='ltr'><strong>Quid</strong></span> <span class='ocrx_word' id='word_1_152' title='bbox 1135 2110 1211 2168; x_wconf 87' lang='lat' dir='ltr'><strong>de</strong></span> <span class='ocrx_word' id='word_1_153' title='bbox 1252 2115 1557 2187; x_wconf 82' lang='grc' dir='ltr'><strong><em>χρεῖος,</em></strong></span> <span class='ocrx_word' id='word_1_154' title='bbox 1615 2093 1935 2188; x_wconf 81' lang='grc' dir='ltr'><strong><em>αχρετος</em></strong></span> <span class='ocrx_word' id='word_1_155' title='bbox 1995 2094 2348 2190; x_wconf 79' lang='grc' dir='ltr'><strong><em>αχρήιος,</em></strong></span> <span class='ocrx_word' id='word_1_156' title='bbox 2397 2105 2627 2190; x_wconf 78' lang='grc' dir='ltr'><strong><em>χρεία</em></strong></span> 
     </span>
     <span class='ocr_line' id='line_1_19' title="bbox 378 2202 2631 2291; baseline 0.001 -24"><span class='ocrx_word' id='word_1_157' title='bbox 378 2202 622 2289; x_wconf 76' lang='grc' dir='ltr'><strong><em>χρηΐη</em></strong></span> <span class='ocrx_word' id='word_1_158' title='bbox 691 2210 1069 2270; x_wconf 82' lang='lat' dir='ltr'><strong>statuendum</strong></span> <span class='ocrx_word' id='word_1_159' title='bbox 1136 2212 1240 2288; x_wconf 90' lang='lat' dir='ltr'><strong>sit,</strong></span> <span class='ocrx_word' id='word_1_160' title='bbox 1313 2211 1556 2271; x_wconf 90' lang='lat' dir='ltr'><strong>dubium</strong></span> <span class='ocrx_word' id='word_1_161' title='bbox 1620 2216 1734 2288; x_wconf 86' lang='lat' dir='ltr'><strong>est;</strong></span> <span class='ocrx_word' id='word_1_162' title='bbox 1807 2212 2051 2288; x_wconf 85' lang='lat' dir='ltr'><strong>Brugm.</strong></span> <span class='ocrx_word' id='word_1_163' title='bbox 2105 2211 2281 2291; x_wconf 67' lang='lat' dir='ltr'><strong>stud.</strong></span> <span class='ocrx_word' id='word_1_164' title='bbox 2325 2212 2428 2290; x_wconf 86' lang='lat' dir='ltr'><strong>IV,</strong></span> <span class='ocrx_word' id='word_1_165' title='bbox 2493 2209 2631 2291; x_wconf 85' lang='lat'>158,</span> 
     </span>
     <span class='ocr_line' id='line_1_20' title="bbox 386 2308 2626 2393; baseline 0.002 -22"><span class='ocrx_word' id='word_1_166' title='bbox 386 2313 629 2372; x_wconf 85' lang='lat' dir='ltr'><strong>Fritsch</strong></span> <span class='ocrx_word' id='word_1_167' title='bbox 676 2312 843 2374; x_wconf 84' lang='lat' dir='ltr'><strong>Stnd.</strong></span> <span class='ocrx_word' id='word_1_168' title='bbox 875 2314 979 2391; x_wconf 88' lang='lat' dir='ltr'><strong>VI,</strong></span> <span class='ocrx_word' id='word_1_169' title='bbox 1025 2308 1103 2369; x_wconf 80' lang='lat'><strong>98</strong></span> <span class='ocrx_word' id='word_1_170' title='bbox 1152 2312 1408 2373; x_wconf 85' lang='lat' dir='ltr'><strong>radicem</strong></span> <span class='ocrx_word' id='word_1_171' title='bbox 1456 2313 1665 2373; x_wconf 87' lang='lat' dir='ltr'><strong>dicunt</strong></span> <span class='ocrx_word' id='word_1_172' title='bbox 1709 2332 1839 2374; x_wconf 89' lang='lat' dir='ltr'><strong>esse</strong></span> <span class='ocrx_word' id='word_1_173' title='bbox 1879 2308 2064 2393; x_wconf 67' lang='grc' dir='ltr'><strong><em>χραΓ,</em></strong></span> <span class='ocrx_word' id='word_1_174' title='bbox 2108 2314 2214 2373; x_wconf 89' lang='lat' dir='ltr'><strong>sed</strong></span> <span class='ocrx_word' id='word_1_175' title='bbox 2247 2314 2626 2392; x_wconf 86' lang='lat' dir='ltr'><strong>digammatis</strong></span> 
     </span>
     <span class='ocr_line' id='line_1_21' title="bbox 386 2401 2626 2494; baseline 0.001 -19"><span class='ocrx_word' id='word_1_176' title='bbox 386 2420 633 2475; x_wconf 75' lang='lat' dir='ltr'><strong>certum&#39;</strong></span> <span class='ocrx_word' id='word_1_177' title='bbox 660 2415 977 2492; x_wconf 84' lang='lat' dir='ltr'><strong>vestigium</strong></span> <span class='ocrx_word' id='word_1_178' title='bbox 1040 2433 1160 2476; x_wconf 92' lang='lat' dir='ltr'><strong>non</strong></span> <span class='ocrx_word' id='word_1_179' title='bbox 1206 2419 1315 2475; x_wconf 87' lang='lat' dir='ltr'><strong>est.</strong></span> <span class='ocrx_word' id='word_1_180' title='bbox 1402 2401 1583 2494; x_wconf 82' lang='grc' dir='ltr'><strong><em>ἤιος</em></strong></span> <span class='ocrx_word' id='word_1_181' title='bbox 1631 2415 1771 2476; x_wconf 88' lang='lat' dir='ltr'><strong>mihi</strong></span> <span class='ocrx_word' id='word_1_182' title='bbox 1834 2435 1908 2476; x_wconf 81' lang='lat' dir='ltr'><strong>ex</strong></span> <span class='ocrx_word' id='word_1_183' title='bbox 1952 2415 2367 2477; x_wconf 84' lang='lat' dir='ltr'><strong>interiectione</strong></span> <span class='ocrx_word' id='word_1_184' title='bbox 2413 2406 2479 2494; x_wconf 83' lang='grc' dir='ltr'><strong>ἰή</strong></span> <span class='ocrx_word' id='word_1_185' title='bbox 2527 2437 2626 2477; x_wconf 84' lang='lat' dir='ltr'><strong>na·</strong></span> 
     </span>
     <span class='ocr_line' id='line_1_22' title="bbox 384 2509 2626 2598; baseline 0 -21"><span class='ocrx_word' id='word_1_186' title='bbox 384 2522 506 2578; x_wconf 88' lang='lat' dir='ltr'><strong>tum</strong></span> <span class='ocrx_word' id='word_1_187' title='bbox 554 2536 687 2578; x_wconf 85' lang='lat' dir='ltr'><strong>esse</strong></span> <span class='ocrx_word' id='word_1_188' title='bbox 733 2517 989 2590; x_wconf 83' lang='lat' dir='ltr'><strong>videtur,</strong></span> <span class='ocrx_word' id='word_1_189' title='bbox 1035 2519 1110 2577; x_wconf 87' lang='lat' dir='ltr'><strong>cf.</strong></span> <span class='ocrx_word' id='word_1_190' title='bbox 1142 2517 1177 2588; x_wconf 64' lang='grc' dir='ltr'><strong>ξ</strong></span> <span class='ocrx_word' id='word_1_191' title='bbox 1212 2515 1306 2588; x_wconf 64' lang='lat'><strong>44.</strong></span> <span class='ocrx_word' id='word_1_192' title='bbox 1395 2519 1466 2577; x_wconf 92' lang='lat' dir='ltr'><strong>In</strong></span> <span class='ocrx_word' id='word_1_193' title='bbox 1512 2509 1854 2595; x_wconf 80' lang='grc' dir='ltr'><strong><em>ἔμπαιος</em></strong></span> <span class='ocrx_word' id='word_1_194' title='bbox 1898 2509 2348 2598; x_wconf 83' lang='grc' dir='ltr'><strong><em>πρόςπαιος</em></strong></span> <span class='ocrx_word' id='word_1_195' title='bbox 2394 2509 2626 2590; x_wconf 82' lang='grc' dir='ltr'><strong><em>λαιός</em></strong></span> 
     </span>
     <span class='ocr_line' id='line_1_23' title="bbox 385 2611 2627 2699; baseline 0.001 -22"><span class='ocrx_word' id='word_1_196' title='bbox 385 2611 670 2678; x_wconf 78' lang='grc' dir='ltr'><strong><em>ἔλαιον</em></strong></span> <span class='ocrx_word' id='word_1_197' title='bbox 712 2621 835 2679; x_wconf 85' lang='lat' dir='ltr'><strong>iota</strong></span> <span class='ocrx_word' id='word_1_198' title='bbox 881 2639 999 2680; x_wconf 91' lang='lat' dir='ltr'><strong>non</strong></span> <span class='ocrx_word' id='word_1_199' title='bbox 1045 2619 1244 2679; x_wconf 84' lang='lat' dir='ltr'><strong>suffixi</strong></span> <span class='ocrx_word' id='word_1_200' title='bbox 1292 2620 1398 2680; x_wconf 88' lang='lat' dir='ltr'><strong>sed</strong></span> <span class='ocrx_word' id='word_1_201' title='bbox 1444 2621 1649 2699; x_wconf 86' lang='lat' dir='ltr'><strong>stirpis</strong></span> <span class='ocrx_word' id='word_1_202' title='bbox 1681 2626 1789 2680; x_wconf 90' lang='lat' dir='ltr'><strong>est.</strong></span> <span class='ocrx_word' id='word_1_203' title='bbox 1880 2620 1970 2682; x_wconf 82' lang='lat' dir='ltr'><strong>Cf.</strong></span> <span class='ocrx_word' id='word_1_204' title='bbox 2000 2620 2036 2692; x_wconf 64' lang='grc' dir='ltr'><strong>ξ</strong></span> <span class='ocrx_word' id='word_1_205' title='bbox 2068 2617 2166 2680; x_wconf 88' lang='grc'><strong>22.</strong></span> <span class='ocrx_word' id='word_1_206' title='bbox 2212 2617 2313 2698; x_wconf 84' lang='grc'><strong>25,</strong></span> <span class='ocrx_word' id='word_1_207' title='bbox 2357 2626 2418 2682; x_wconf 91' lang='lat' dir='ltr'><strong>et</strong></span> <span class='ocrx_word' id='word_1_208' title='bbox 2440 2639 2627 2698; x_wconf 87' lang='lat' dir='ltr'><strong>supra</strong></span> 
     </span>
     <span class='ocr_line' id='line_1_24' title="bbox 383 2719 2624 2801; baseline 0.002 -23"><span class='ocrx_word' id='word_1_209' title='bbox 383 2721 419 2792; x_wconf 65' lang='grc' dir='ltr'><strong>ξ</strong></span> <span class='ocrx_word' id='word_1_210' title='bbox 465 2719 521 2782; x_wconf 88' lang='grc'><strong>2.</strong></span> <span class='ocrx_word' id='word_1_211' title='bbox 612 2723 703 2782; x_wconf 83' lang='lat' dir='ltr'><strong>Ex</strong></span> <span class='ocrx_word' id='word_1_212' title='bbox 750 2723 843 2781; x_wconf 86' lang='lat' dir='ltr'><strong>his</strong></span> <span class='ocrx_word' id='word_1_213' title='bbox 888 2723 1072 2799; x_wconf 85' lang='lat' dir='ltr'><strong>igitur</strong></span> <span class='ocrx_word' id='word_1_214' title='bbox 1118 2724 1394 2783; x_wconf 90' lang='lat' dir='ltr'><strong>omnibus</strong></span> <span class='ocrx_word' id='word_1_215' title='bbox 1454 2742 1495 2801; x_wconf 86' lang='grc' dir='ltr'><em>η</em></span> <span class='ocrx_word' id='word_1_216' title='bbox 1558 2742 1679 2783; x_wconf 91' lang='lat' dir='ltr'><strong>non</strong></span> <span class='ocrx_word' id='word_1_217' title='bbox 1743 2723 1967 2784; x_wconf 88' lang='lat' dir='ltr'><strong>habent</strong></span> <span class='ocrx_word' id='word_1_218' title='bbox 2027 2724 2139 2783; x_wconf 89' lang='lat' dir='ltr'><strong>nisi</strong></span> <span class='ocrx_word' id='word_1_219' title='bbox 2186 2723 2480 2784; x_wconf 85' lang='lat' dir='ltr'><strong>vocabula</strong></span> <span class='ocrx_word' id='word_1_220' title='bbox 2538 2724 2624 2783; x_wconf 91' lang='lat' dir='ltr'><strong>in-</strong></span> 
     </span>
     <span class='ocr_line' id='line_1_25' title="bbox 384 2808 2628 2905; baseline 0 -21"><span class='ocrx_word' id='word_1_221' title='bbox 384 2829 585 2894; x_wconf 76' lang='lat' dir='ltr'><strong>certae</strong></span> <span class='ocrx_word' id='word_1_222' title='bbox 631 2826 882 2901; x_wconf 85' lang='lat' dir='ltr'><strong>originis</strong></span> <span class='ocrx_word' id='word_1_223' title='bbox 925 2814 1100 2903; x_wconf 84' lang='grc' dir='ltr'><strong><em>πηός</em></strong></span> <span class='ocrx_word' id='word_1_224' title='bbox 1145 2829 1206 2885; x_wconf 88' lang='lat' dir='ltr'><strong>et</strong></span> <span class='ocrx_word' id='word_1_225' title='bbox 1252 2808 1519 2904; x_wconf 75' lang='grc' dir='ltr'><strong><em>ἀχρήιος</em></strong></span> <span class='ocrx_word' id='word_1_226' title='bbox 1560 2819 1791 2905; x_wconf 79' lang='grc' dir='ltr'><strong><em>χρηίη,</em></strong></span> <span class='ocrx_word' id='word_1_227' title='bbox 1852 2827 1914 2885; x_wconf 83' lang='grc' dir='ltr'><strong>ἰιι</strong></span> <span class='ocrx_word' id='word_1_228' title='bbox 1975 2825 2193 2902; x_wconf 90' lang='lat' dir='ltr'><strong>quibus</strong></span> <span class='ocrx_word' id='word_1_229' title='bbox 2246 2826 2491 2886; x_wconf 88' lang='lat' dir='ltr'><strong>dubium</strong></span> <span class='ocrx_word' id='word_1_230' title='bbox 2536 2830 2628 2885; x_wconf 85' lang='lat' dir='ltr'><strong>est</strong></span> 
     </span>
     <span class='ocr_line' id='line_1_26' title="bbox 382 2927 2617 3005; baseline 0 -18"><span class='ocrx_word' id='word_1_231' title='bbox 382 2931 581 2987; x_wconf 85' lang='lat' dir='ltr'><strong>utrum</strong></span> <span class='ocrx_word' id='word_1_232' title='bbox 628 2945 667 3005; x_wconf 81' lang='grc' dir='ltr'><em>η</em></span> <span class='ocrx_word' id='word_1_233' title='bbox 713 2945 789 2986; x_wconf 79' lang='lat' dir='ltr'><strong>ex</strong></span> <span class='ocrx_word' id='word_1_234' title='bbox 835 2944 860 2982; x_wconf 84' lang='grc' dir='ltr'><strong><em>ε</em></strong></span> <span class='ocrx_word' id='word_1_235' title='bbox 908 2947 984 2986; x_wconf 84' lang='lat' dir='ltr'><strong>an</strong></span> <span class='ocrx_word' id='word_1_236' title='bbox 1016 2945 1089 2986; x_wconf 81' lang='lat' dir='ltr'><strong>ex</strong></span> <span class='ocrx_word' id='word_1_237' title='bbox 1122 2945 1162 2984; x_wconf 83' lang='grc' dir='ltr'><strong><em>α</em></strong></span> <span class='ocrx_word' id='word_1_238' title='bbox 1194 2927 1434 3005; x_wconf 80' lang='lat' dir='ltr'><strong>factum,</strong></span> <span class='ocrx_word' id='word_1_239' title='bbox 1480 2932 1539 2987; x_wconf 90' lang='lat' dir='ltr'><strong>et</strong></span> <span class='ocrx_word' id='word_1_240' title='bbox 1582 2929 1632 2987; x_wconf 88' lang='lat' dir='ltr'><strong>si</strong></span> <span class='ocrx_word' id='word_1_241' title='bbox 1678 2946 1753 2987; x_wconf 82' lang='lat' dir='ltr'><strong>ex</strong></span> <span class='ocrx_word' id='word_1_242' title='bbox 1799 2946 1841 2986; x_wconf 89' lang='grc' dir='ltr'><strong><em>α</em></strong></span> <span class='ocrx_word' id='word_1_243' title='bbox 1883 2932 2088 2987; x_wconf 83' lang='lat' dir='ltr'><strong>natum</strong></span> <span class='ocrx_word' id='word_1_244' title='bbox 2134 2932 2242 3004; x_wconf 89' lang='lat' dir='ltr'><strong>est,</strong></span> <span class='ocrx_word' id='word_1_245' title='bbox 2286 2931 2486 2987; x_wconf 84' lang='lat' dir='ltr'><strong>utrum</strong></span> <span class='ocrx_word' id='word_1_246' title='bbox 2533 2927 2617 2988; x_wconf 91' lang='lat' dir='ltr'><strong>di·</strong></span> 
     </span>
     <span class='ocr_line' id='line_1_27' title="bbox 381 3028 2621 3108; baseline 0 -19"><span class='ocrx_word' id='word_1_247' title='bbox 381 3047 623 3106; x_wconf 84' lang='lat' dir='ltr'><strong>gamma</strong></span> <span class='ocrx_word' id='word_1_248' title='bbox 680 3029 892 3088; x_wconf 85' lang='lat' dir='ltr'><strong>elisum</strong></span> <span class='ocrx_word' id='word_1_249' title='bbox 946 3029 1053 3107; x_wconf 85' lang='lat' dir='ltr'><strong>sit,</strong></span> <span class='ocrx_word' id='word_1_250' title='bbox 1113 3048 1189 3088; x_wconf 85' lang='lat' dir='ltr'><strong>an</strong></span> <span class='ocrx_word' id='word_1_251' title='bbox 1240 3028 1352 3107; x_wconf 89' lang='lat' dir='ltr'><strong>jod</strong></span> <span class='ocrx_word' id='word_1_252' title='bbox 1411 3028 1695 3105; x_wconf 85' lang='lat' dir='ltr'><strong>spirantis</strong></span> <span class='ocrx_word' id='word_1_253' title='bbox 1743 3030 1800 3088; x_wconf 86' lang='lat' dir='ltr'><strong>vi</strong></span> <span class='ocrx_word' id='word_1_254' title='bbox 1846 3047 1887 3087; x_wconf 88' lang='grc' dir='ltr'><strong><em>α</em></strong></span> <span class='ocrx_word' id='word_1_255' title='bbox 1932 3029 2289 3105; x_wconf 87' lang='lat' dir='ltr'><strong>productum</strong></span> <span class='ocrx_word' id='word_1_256' title='bbox 2354 3033 2415 3089; x_wconf 85' lang='lat' dir='ltr'><strong>et</strong></span> <span class='ocrx_word' id='word_1_257' title='bbox 2473 3030 2532 3089; x_wconf 90' lang='lat' dir='ltr'><strong>in</strong></span> <span class='ocrx_word' id='word_1_258' title='bbox 2580 3047 2621 3108; x_wconf 91' lang='grc' dir='ltr'><em>η</em></span> 
     </span>
     <span class='ocr_line' id='line_1_28' title="bbox 382 3113 2624 3209; baseline 0 -19"><span class='ocrx_word' id='word_1_259' title='bbox 382 3133 459 3190; x_wconf 89' lang='lat' dir='ltr'><strong>sit</strong></span> <span class='ocrx_word' id='word_1_260' title='bbox 501 3113 812 3190; x_wconf 79' lang='lat' dir='ltr'><strong>mutatum.</strong></span> <span class='ocrx_word' id='word_1_261' title='bbox 899 3130 1015 3192; x_wconf 80' lang='lat' dir='ltr'><strong>Sed</strong></span> <span class='ocrx_word' id='word_1_262' title='bbox 1064 3149 1139 3191; x_wconf 82' lang='lat' dir='ltr'><strong>ex</strong></span> <span class='ocrx_word' id='word_1_263' title='bbox 1184 3131 1454 3191; x_wconf 79' lang='lat' dir='ltr'><strong>vocabuli</strong></span> <span class='ocrx_word' id='word_1_264' title='bbox 1499 3137 1656 3209; x_wconf 80' lang='grc' dir='ltr'><strong><em>γαῖα</em></strong></span> <span class='ocrx_word' id='word_1_265' title='bbox 1703 3130 1893 3190; x_wconf 86' lang='lat' dir='ltr'><strong>forma</strong></span> <span class='ocrx_word' id='word_1_266' title='bbox 1938 3134 2249 3190; x_wconf 81' lang='lat' dir='ltr'><strong>contracta</strong></span> <span class='ocrx_word' id='word_1_267' title='bbox 2293 3127 2375 3208; x_wconf 84' lang='grc' dir='ltr'><strong>γῆ</strong></span> <span class='ocrx_word' id='word_1_268' title='bbox 2421 3135 2624 3190; x_wconf 87' lang='lat' dir='ltr'><strong>natum</strong></span> 
     </span>
     <span class='ocr_line' id='line_1_29' title="bbox 382 3222 2623 3312; baseline -0 -19"><span class='ocrx_word' id='word_1_269' title='bbox 382 3241 471 3294; x_wconf 87' lang='lat' dir='ltr'><strong>est</strong></span> <span class='ocrx_word' id='word_1_270' title='bbox 516 3222 744 3310; x_wconf 82' lang='grc' dir='ltr'><strong><em>γήιος</em></strong></span> <span class='ocrx_word' id='word_1_271' title='bbox 774 3232 941 3293; x_wconf 86' lang='lat' dir='ltr'><strong>Theo</strong></span> <span class='ocrx_word' id='word_1_272' title='bbox 974 3235 1033 3293; x_wconf 89' lang='lat' dir='ltr'><strong>iu</strong></span> <span class='ocrx_word' id='word_1_273' title='bbox 1067 3233 1264 3312; x_wconf 67' lang='lat' dir='ltr'><strong>Anth„</strong></span> <span class='ocrx_word' id='word_1_274' title='bbox 1295 3233 1430 3294; x_wconf 86' lang='lat' dir='ltr'><strong>fort.</strong></span> <span class='ocrx_word' id='word_1_275' title='bbox 1462 3238 1521 3293; x_wconf 85' lang='lat' dir='ltr'><strong>et</strong></span> <span class='ocrx_word' id='word_1_276' title='bbox 1548 3222 1791 3312; x_wconf 74' lang='grc' dir='ltr'><strong><em>γῄτης</em></strong></span> <span class='ocrx_word' id='word_1_277' title='bbox 1836 3252 1931 3310; x_wconf 85' lang='lat' dir='ltr'><strong>ap.</strong></span> <span class='ocrx_word' id='word_1_278' title='bbox 1963 3233 2160 3310; x_wconf 73' lang='lat' dir='ltr'><strong>Soph.;</strong></span> <span class='ocrx_word' id='word_1_279' title='bbox 2205 3251 2259 3290; x_wconf 89' lang='lat' dir='ltr'><strong>v.</strong></span> <span class='ocrx_word' id='word_1_280' title='bbox 2282 3232 2441 3293; x_wconf 84' lang='lat' dir='ltr'><strong>infra</strong></span> <span class='ocrx_word' id='word_1_281' title='bbox 2462 3225 2500 3312; x_wconf 65' lang='grc' dir='ltr'><strong>ξ</strong></span> <span class='ocrx_word' id='word_1_282' title='bbox 2525 3230 2623 3292; x_wconf 83' lang='grc'><strong>40.</strong></span> 
     </span>
    </p>

    <p class='ocr_par' dir='ltr' id='par_1_4' title="bbox 378 3334 2622 4333">
     <span class='ocr_line' id='line_1_30' title="bbox 551 3334 2621 3413; baseline -0.001 -17"><span class='ocrx_word' id='word_1_283' title='bbox 551 3335 966 3396; x_wconf 83' lang='lat' dir='ltr'><strong>Consonantes</strong></span> <span class='ocrx_word' id='word_1_284' title='bbox 1030 3335 1241 3395; x_wconf 82' lang='lat' dir='ltr'><strong>Graeci</strong></span> <span class='ocrx_word' id='word_1_285' title='bbox 1309 3341 1432 3396; x_wconf 84' lang='lat' dir='ltr'><strong>tres</strong></span> <span class='ocrx_word' id='word_1_286' title='bbox 1496 3335 1655 3395; x_wconf 84' lang='lat' dir='ltr'><strong>inter</strong></span> <span class='ocrx_word' id='word_1_287' title='bbox 1723 3337 1965 3396; x_wconf 87' lang='lat' dir='ltr'><strong>vocales</strong></span> <span class='ocrx_word' id='word_1_288' title='bbox 2033 3334 2368 3413; x_wconf 84' lang='lat' dir='ltr'><strong>elidebant,</strong></span> <span class='ocrx_word' id='word_1_289' title='bbox 2413 3336 2459 3408; x_wconf 80' lang='lat' dir='ltr'><em>j</em></span> <span class='ocrx_word' id='word_1_290' title='bbox 2495 3335 2546 3394; x_wconf 71' lang='lat' dir='ltr'>f</span> <span class='ocrx_word' id='word_1_291' title='bbox 2584 3349 2621 3393; x_wconf 88' lang='grc' dir='ltr'><strong><em>σ</em></strong></span> 
     </span>
     <span class='ocr_line' id='line_1_31' title="bbox 382 3437 2617 3515; baseline 0 -18"><span class='ocrx_word' id='word_1_292' title='bbox 382 3439 587 3514; x_wconf 84' lang='lat' dir='ltr'><strong>Atque</strong></span> <span class='ocrx_word' id='word_1_293' title='bbox 634 3438 709 3496; x_wconf 80' lang='lat' dir='ltr'><strong>de</strong></span> <span class='ocrx_word' id='word_1_294' title='bbox 745 3439 771 3514; x_wconf 92' lang='lat' dir='ltr'><strong>j</strong></span> <span class='ocrx_word' id='word_1_295' title='bbox 820 3440 879 3496; x_wconf 90' lang='lat' dir='ltr'><strong>in</strong></span> <span class='ocrx_word' id='word_1_296' title='bbox 924 3437 1041 3497; x_wconf 86' lang='lat' dir='ltr'><strong>fine</strong></span> <span class='ocrx_word' id='word_1_297' title='bbox 1089 3438 1354 3498; x_wconf 84' lang='lat' dir='ltr'><strong>radicum</strong></span> <span class='ocrx_word' id='word_1_298' title='bbox 1398 3438 1496 3498; x_wconf 89' lang='lat' dir='ltr'><strong>vel</strong></span> <span class='ocrx_word' id='word_1_299' title='bbox 1541 3438 1814 3514; x_wconf 86' lang='lat' dir='ltr'><strong>stirpium</strong></span> <span class='ocrx_word' id='word_1_300' title='bbox 1860 3456 2068 3513; x_wconf 84' lang='lat' dir='ltr'><strong>parum</strong></span> <span class='ocrx_word' id='word_1_301' title='bbox 2114 3441 2378 3515; x_wconf 84' lang='lat' dir='ltr'><strong>constat,</strong></span> <span class='ocrx_word' id='word_1_302' title='bbox 2439 3456 2617 3513; x_wconf 86' lang='lat' dir='ltr'><strong>quam</strong></span> 
     </span>
     <span class='ocr_line' id='line_1_32' title="bbox 382 3539 2620 3617; baseline -0.001 -18"><span class='ocrx_word' id='word_1_303' title='bbox 382 3545 447 3599; x_wconf 81' lang='lat' dir='ltr'><strong>nt</strong></span> <span class='ocrx_word' id='word_1_304' title='bbox 487 3539 787 3600; x_wconf 86' lang='lat' dir='ltr'><strong>affirmare</strong></span> <span class='ocrx_word' id='word_1_305' title='bbox 832 3540 1020 3600; x_wconf 85' lang='lat' dir='ltr'><strong>ausim</strong></span> <span class='ocrx_word' id='word_1_306' title='bbox 1068 3539 1307 3617; x_wconf 86' lang='lat' dir='ltr'><strong>aliquod</strong></span> <span class='ocrx_word' id='word_1_307' title='bbox 1354 3541 1717 3601; x_wconf 88' lang='lat' dir='ltr'><strong>vocabulum</strong></span> <span class='ocrx_word' id='word_1_308' title='bbox 1781 3541 1840 3599; x_wconf 86' lang='lat' dir='ltr'><strong>in</strong></span> <span class='ocrx_word' id='word_1_309' title='bbox 1888 3556 2032 3610; x_wconf 85' lang='grc' dir='ltr'><strong><em>αιος</em></strong></span> <span class='ocrx_word' id='word_1_310' title='bbox 2077 3558 2188 3616; x_wconf 89' lang='lat' dir='ltr'><strong>per</strong></span> <span class='ocrx_word' id='word_1_311' title='bbox 2232 3539 2510 3601; x_wconf 88' lang='lat' dir='ltr'><strong>suffixum</strong></span> <span class='ocrx_word' id='word_1_312' title='bbox 2557 3557 2620 3598; x_wconf 93' lang='grc' dir='ltr'><strong><em>ιο</em></strong></span> 
     </span>
     <span class='ocr_line' id='line_1_33' title="bbox 380 3635 2622 3719; baseline 0 -18"><span class='ocrx_word' id='word_1_313' title='bbox 380 3659 456 3701; x_wconf 80' lang='lat' dir='ltr'><strong>ex</strong></span> <span class='ocrx_word' id='word_1_314' title='bbox 500 3642 691 3719; x_wconf 82' lang='lat' dir='ltr'><strong>stirpe</strong></span> <span class='ocrx_word' id='word_1_315' title='bbox 735 3641 796 3701; x_wconf 91' lang='lat' dir='ltr'><strong>in</strong></span> <span class='ocrx_word' id='word_1_316' title='bbox 845 3642 920 3715; x_wconf 71' lang='grc' dir='ltr'><strong>α]</strong></span> <span class='ocrx_word' id='word_1_317' title='bbox 981 3641 1289 3702; x_wconf 89' lang='lat' dir='ltr'><strong>desinente</strong></span> <span class='ocrx_word' id='word_1_318' title='bbox 1353 3640 1690 3702; x_wconf 85' lang='lat' dir='ltr'><strong>derivatum</strong></span> <span class='ocrx_word' id='word_1_319' title='bbox 1756 3660 1903 3702; x_wconf 88' lang='lat' dir='ltr'><strong>esse.</strong></span> <span class='ocrx_word' id='word_1_320' title='bbox 1993 3642 2194 3702; x_wconf 91' lang='lat' dir='ltr'><strong>Unum</strong></span> <span class='ocrx_word' id='word_1_321' title='bbox 2255 3635 2485 3700; x_wconf 77' lang='grc' dir='ltr'><strong><em>ἐλαία</em></strong></span> <span class='ocrx_word' id='word_1_322' title='bbox 2547 3661 2622 3701; x_wconf 80' lang='lat' dir='ltr'><strong>ex</strong></span> 
     </span>
     <span class='ocr_line' id='line_1_34' title="bbox 381 3737 2621 3822; baseline 0 -20"><span class='ocrx_word' id='word_1_323' title='bbox 381 3737 623 3803; x_wconf 77' lang='grc' dir='ltr'><strong><em>ἐλαι-ἴα</em></strong></span> <span class='ocrx_word' id='word_1_324' title='bbox 686 3744 908 3803; x_wconf 84' lang='lat' dir='ltr'><strong>factum</strong></span> <span class='ocrx_word' id='word_1_325' title='bbox 972 3744 1163 3804; x_wconf 86' lang='lat' dir='ltr'><strong>videri</strong></span> <span class='ocrx_word' id='word_1_326' title='bbox 1227 3761 1413 3822; x_wconf 87' lang='lat' dir='ltr'><strong>snpra</strong></span> <span class='ocrx_word' id='word_1_327' title='bbox 1470 3764 1527 3821; x_wconf 86' lang='lat' dir='ltr'><strong>p.</strong></span> <span class='ocrx_word' id='word_1_328' title='bbox 1574 3743 1612 3800; x_wconf 83' lang='lat'>4</span> <span class='ocrx_word' id='word_1_329' title='bbox 1675 3744 2231 3804; x_wconf 84' lang='lat' dir='ltr'><strong>demonstravimus.</strong></span> <span class='ocrx_word' id='word_1_330' title='bbox 2319 3741 2388 3803; x_wconf 86' lang='grc' dir='ltr'><strong><em>Σ</em></strong></span> <span class='ocrx_word' id='word_1_331' title='bbox 2424 3747 2621 3804; x_wconf 86' lang='lat' dir='ltr'><strong>autem</strong></span> 
     </span>
     <span class='ocr_line' id='line_1_35' title="bbox 382 3845 2621 3925; baseline -0 -19"><span class='ocrx_word' id='word_1_332' title='bbox 382 3847 724 3924; x_wconf 86' lang='lat' dir='ltr'><strong>ubicunque</strong></span> <span class='ocrx_word' id='word_1_333' title='bbox 768 3847 1029 3925; x_wconf 86' lang='lat' dir='ltr'><strong>evanuit,</strong></span> <span class='ocrx_word' id='word_1_334' title='bbox 1073 3847 1235 3924; x_wconf 86' lang='lat' dir='ltr'><strong>apud</strong></span> <span class='ocrx_word' id='word_1_335' title='bbox 1282 3848 1456 3907; x_wconf 86' lang='lat' dir='ltr'><strong>Iones</strong></span> <span class='ocrx_word' id='word_1_336' title='bbox 1501 3845 1744 3923; x_wconf 90' lang='lat' dir='ltr'><strong>quidem</strong></span> <span class='ocrx_word' id='word_1_337' title='bbox 1790 3851 1849 3906; x_wconf 90' lang='lat' dir='ltr'><strong>et</strong></span> <span class='ocrx_word' id='word_1_338' title='bbox 1891 3846 2124 3906; x_wconf 84' lang='lat' dir='ltr'><strong>Atticos</strong></span> <span class='ocrx_word' id='word_1_339' title='bbox 2169 3864 2474 3923; x_wconf 87' lang='lat' dir='ltr'><strong>nunquam</strong></span> <span class='ocrx_word' id='word_1_340' title='bbox 2519 3863 2621 3905; x_wconf 89' lang='lat' dir='ltr'><strong>vo·</strong></span> 
     </span>
     <span class='ocr_line' id='line_1_36' title="bbox 381 3946 2619 4026; baseline -0.001 -18"><span class='ocrx_word' id='word_1_341' title='bbox 381 3949 566 4009; x_wconf 83' lang='lat' dir='ltr'><strong>calem</strong></span> <span class='ocrx_word' id='word_1_342' title='bbox 610 3948 1071 4025; x_wconf 83' lang='lat' dir='ltr'><strong>praecedentem</strong></span> <span class='ocrx_word' id='word_1_343' title='bbox 1116 3949 1425 4026; x_wconf 83' lang='lat' dir='ltr'><strong>produxit,</strong></span> <span class='ocrx_word' id='word_1_344' title='bbox 1486 3966 1687 4025; x_wconf 91' lang='lat' dir='ltr'><strong>neque</strong></span> <span class='ocrx_word' id='word_1_345' title='bbox 1732 3967 1808 4008; x_wconf 84' lang='lat' dir='ltr'><strong>ex</strong></span> <span class='ocrx_word' id='word_1_346' title='bbox 1853 3961 2027 4018; x_wconf 84' lang='grc' dir='ltr'><strong><em>εσιος</em></strong></span> <span class='ocrx_word' id='word_1_347' title='bbox 2089 3966 2352 4025; x_wconf 87' lang='lat' dir='ltr'><strong>unquam</strong></span> <span class='ocrx_word' id='word_1_348' title='bbox 2396 3946 2619 4007; x_wconf 82' lang='lat' dir='ltr'><strong>factum</strong></span> 
     </span>
     <span class='ocr_line' id='line_1_37' title="bbox 380 4035 2621 4129; baseline -0.001 -19"><span class='ocrx_word' id='word_1_349' title='bbox 380 4059 473 4110; x_wconf 83' lang='lat' dir='ltr'><strong>est</strong></span> <span class='ocrx_word' id='word_1_350' title='bbox 525 4067 691 4129; x_wconf 86' lang='grc' dir='ltr'><strong><em>ηιος.</em></strong></span> <span class='ocrx_word' id='word_1_351' title='bbox 791 4053 1004 4127; x_wconf 82' lang='lat' dir='ltr'><strong>ltaque</strong></span> <span class='ocrx_word' id='word_1_352' title='bbox 1077 4051 1421 4112; x_wconf 88' lang='lat' dir='ltr'><strong>Herodotus</strong></span> <span class='ocrx_word' id='word_1_353' title='bbox 1494 4051 1635 4110; x_wconf 85' lang='lat' dir='ltr'><strong>licet</strong></span> <span class='ocrx_word' id='word_1_354' title='bbox 1710 4035 2160 4128; x_wconf 73' lang='grc' dir='ltr'><strong><em>ἄνθρωπήιος</em></strong></span> <span class='ocrx_word' id='word_1_355' title='bbox 2234 4036 2621 4127; x_wconf 81' lang='grc' dir='ltr'><strong><em>γυναικήιος</em></strong></span> 
     </span>
     <span class='ocr_line' id='line_1_38' title="bbox 381 4147 2621 4232; baseline 0 -22"><span class='ocrx_word' id='word_1_356' title='bbox 381 4147 697 4232; x_wconf 78' lang='grc' dir='ltr'><strong><em>στρατηίη</em></strong></span> <span class='ocrx_word' id='word_1_357' title='bbox 742 4147 1121 4232; x_wconf 73' lang='grc' dir='ltr'><strong><em>πρυτανηίη</em></strong></span> <span class='ocrx_word' id='word_1_358' title='bbox 1166 4152 1425 4230; x_wconf 85' lang='lat' dir='ltr'><strong>diceret,</strong></span> <span class='ocrx_word' id='word_1_359' title='bbox 1486 4158 1687 4213; x_wconf 86' lang='lat' dir='ltr'><strong>tamen</strong></span> <span class='ocrx_word' id='word_1_360' title='bbox 1748 4153 1806 4212; x_wconf 91' lang='lat' dir='ltr'><strong>in</strong></span> <span class='ocrx_word' id='word_1_361' title='bbox 1853 4152 2160 4212; x_wconf 87' lang='lat' dir='ltr'><strong>vocabulis</strong></span> <span class='ocrx_word' id='word_1_362' title='bbox 2206 4170 2242 4209; x_wconf 84' lang='lat' dir='ltr'><strong>a</strong></span> <span class='ocrx_word' id='word_1_363' title='bbox 2287 4149 2621 4210; x_wconf 82' lang='lat' dir='ltr'><strong>nominibus</strong></span> 
     </span>
     <span class='ocr_line' id='line_1_39' title="bbox 378 4246 2620 4333; baseline -0.001 -19"><span class='ocrx_word' id='word_1_364' title='bbox 378 4256 438 4314; x_wconf 89' lang='lat' dir='ltr'><strong>in</strong></span> <span class='ocrx_word' id='word_1_365' title='bbox 485 4272 559 4324; x_wconf 88' lang='grc' dir='ltr'><strong>ος</strong></span> <span class='ocrx_word' id='word_1_366' title='bbox 606 4256 704 4315; x_wconf 85' lang='lat' dir='ltr'><strong>vel</strong></span> <span class='ocrx_word' id='word_1_367' title='bbox 748 4273 823 4333; x_wconf 84' lang='grc' dir='ltr'><strong>ης</strong></span> <span class='ocrx_word' id='word_1_368' title='bbox 884 4249 1099 4315; x_wconf 83' lang='lat' dir='ltr'><strong>tertiae</strong></span> <span class='ocrx_word' id='word_1_369' title='bbox 1145 4255 1349 4315; x_wconf 84' lang='lat' dir='ltr'><strong>elassis</strong></span> <span class='ocrx_word' id='word_1_370' title='bbox 1411 4255 1700 4314; x_wconf 83' lang='lat' dir='ltr'><strong>derivatis</strong></span> <span class='ocrx_word' id='word_1_371' title='bbox 1759 4272 1993 4333; x_wconf 82' lang='lat' dir='ltr'><strong>semper</strong></span> <span class='ocrx_word' id='word_1_372' title='bbox 2052 4252 2320 4314; x_wconf 84' lang='lat' dir='ltr'><strong>servavit</strong></span> <span class='ocrx_word' id='word_1_373' title='bbox 2379 4267 2434 4309; x_wconf 86' lang='grc' dir='ltr'><strong><em>ει</em></strong></span> <span class='ocrx_word' id='word_1_374' title='bbox 2494 4246 2620 4322; x_wconf 88' lang='lat' dir='ltr'><strong>(vel</strong></span> 
     </span>
    </p>
   </div>
  </div>
 </body>
</html>
