3166 4871
1077 258 1163 313 De
1197 259 1404 313 nomin.
1439 259 1499 313 in
1535 278 1700 324 -αιος,
1754 263 1787 324 s
1823 264 1904 313 ⁵17.
1944 264 2021 314 78.
2550 265 2667 326 231

423 436 629 496 faeces
658 436 783 496 vini
815 455 889 496 ex
921 438 1051 497 uvis
1082 438 1273 513 passis
1303 438 1465 514 facti,
1510 456 1711 515 sapae,
1758 426 1952 496 οὶνου
1984 432 2385 513 σταφιὸἱτου
2428 438 2674 511 (Littrez

422 539 503 598 de
551 540 611 599 la
652 540 924 617 piquette
970 538 1044 599 de
1097 540 1313 599 raisins
1357 558 1502 618 eece,
1548 542 1740 616 coupe
1772 534 1987 612 d’eau).
2062 541 2151 600 Ex
2183 535 2419 615 σταφίς
2464 540 2673 613 (Ὅτα-

419 630 710 716 medei-m)
755 629 1222 716 ’σταφιὸευτός
1267 637 1794 717 σταφιδευταῑος.
1843 633 2285 717 σταφιδευτός
2328 662 2404 703 ex
2437 639 2674 718 σταφίς

417 743 675 820 factum,
734 745 902 821 quasi
948 764 983 804 a
1028 745 1218 805 verbo
1279 735 1660 820 σταφιδεύω
1720 746 2053 806 derivatum
2110 748 2211 823 sit,
2272 752 2337 805 ut
2382 747 2569 806 multa
2611 748 2672 806 in

419 862 635 925 -ητος,
664 862 888 920 -οοτος,
919 864 1116 924 -οομα,
1148 847 1314 907 velut
1337 831 1795 926 ἄνάνὸρωτος,
1828 832 2293 928 αἐροδόνητος,
2322 839 2673 925 κόλπωμα,

417 947 501 1008 de
575 949 790 1025 quibus
851 968 1035 1026 supra
1096 949 1354 1010 diximus
1412 968 1468 1026 p.
1519 946 1638 1006 106
1669 969 1757 1026 sq.
1863 949 2148 1010 Conferas
2210 951 2394 1010 latina
2455 953 2672 1023 avimS,

416 1052 684 1124 aur-itm,
714 1053 997 1123 mellita-5,
1027 1057 1336 1130 comutm,
1364 1058 1620 1111 nasutas
1641 1054 1718 1112 al.
1741 1054 1809 1113 L.
1830 1054 2037 1130 Meyer
2062 1055 2195 1130 Vgl.
2219 1054 2319 1114 Gr.
2341 1055 2417 1132 11,
2441 1052 2561 1110 517
2581 1073 2670 1131 eq.

603 1148 713 1213 78.
801 1155 913 1214 His
954 1154 1201 1232 adjungi
1249 1159 1503 1232 possunt
1544 1173 1737 1233 pauca
1781 1156 1838 1214 in
1885 1172 2155 1233 μεναιος
2196 1172 2459 1233 μναιος,
2519 1175 2673 1233 quae

415 1256 697 1316 derivata
740 1275 869 1317 esse
913 1256 1195 1317 videntur
1240 1276 1272 1316 e
1316 1258 1690 1334 simplicibus
1733 1258 2076 1318 verbalibus
2121 1259 2181 1317 in
2225 1275 2442 1335 μενος,
2486 1275 2666 1335 μνος.

415 1360 535 1418 His
579 1359 731 1418 enim
777 1359 1009 1419 suffixis
1071 1358 1254 1436 (quae
1299 1379 1372 1419 ex
1419 1359 1653 1419 duobus
1697 1359 1930 1420 suffixis
1974 1376 2071 1419 ma
2115 1368 2177 1421 et
2218 1377 2299 1419 na
2345 1363 2671 1438 composita

411 1458 591 1532 sunt)
655 1467 889 1521 constat
957 1480 990 1521 e
1059 1463 1257 1523 verbis
1329 1462 1589 1523 derivari
1664 1465 1899 1522 nomina
1971 1469 2243 1538 agentem
2318 1464 2668 1541 plerumque

410 1563 835 1640 significantia.
921 1566 1123 1641 Atque
1167 1564 1404 1642 plenior
1446 1565 1686 1642 quidem
1735 1565 1933 1625 suffixi
1967 1564 2157 1625 forma
2184 1582 2346 1643 μενο
2379 1567 2453 1626 ad
2488 1569 2662 1643 parti-

415 1668 584 1743 cipia
628 1669 878 1728 maxime
923 1665 1207 1743 fingenda
1252 1666 1591 1745 adhibetur,
1636 1672 1702 1728 ιιι
1744 1657 2191 1745 μαχό-μενο-ς,
2237 1663 2668 1747 τιθέ-μενο-ς,

411 1758 910 1847 ,πεπνύυμενος
953 1771 1030 1829 al.
1076 1768 1168 1842 (L.
1212 1771 1440 1848 Meyer.
1484 1770 1621 1847 Vgl.
1665 1765 1767 1830 Gr.
1812 1769 1887 1848 11,
1931 1765 2053 1828 285
2089 1768 2189 1848 ff.)‚
2232 1772 2290 1830 in
2338 1771 2470 1831 aliis
2515 1791 2669 1850 quae

415 1873 783 1932 nominalem
827 1872 1320 1949 significationem
1368 1853 1760 1950 acceperunt,
1797 1874 1924 1950 jam
1970 1875 2169 1951 prisco
2213 1878 2479 1949 tempore
2522 1875 2670 1935 elisa

415 1980 519 2034 est
579 1975 802 2034 vocalis
863 1993 920 2053 ε,
979 1980 1047 2035 ιιι
1103 1974 1163 2035 in
1216 1991 1373 2051 μνο,
1433 1992 1567 2053 μνα
1612 1981 1861 2035 exeant:
1927 1969 2269 2053 μέδιμνος,
2322 1970 2670 2053 βέλεμνον,

408 2071 701 2154 μέριμνα
758 2078 834 2137 al.
897 2077 1132 2152 (Meyer
1189 2096 1244 2155 p.
1285 2073 1453 2149 293).
1560 2078 1627 2136 In
1692 2077 1893 2136 multis
1957 2077 2168 2137 borum
2231 2079 2666 2138 vocabulorum

413 2181 669 2259 propria
712 2180 1066 2256 significatio
1113 2179 1373 2241 verbalis
1408 2179 1537 2257 jam
1585 2181 1855 2257 evanuit,
1914 2180 2101 2256 magis
2162 2186 2402 2240 servata
2461 2188 2552 2241 est
2608 2182 2665 2241 in

417 2282 623 2341 latinis
666 2281 1002 2342 nominibus
1045 2284 1107 2342 in
1153 2298 1385 2354 temnus,
1435 2287 1501 2341 ut
1531 2283 1823 2353 alumnus,
1870 2289 2248 2355 auctumnus,
2297 2281 2667 2353 VertumnuS,

417 2383 739 2443 Volumnus·
797 2384 1034 2461 (Meyer
1087 2385 1121 2444 1.
1169 2386 1223 2463 l.,
1284 2385 1602 2446 Becbstein
1647 2384 1707 2444 in
1754 2384 1916 2446 Curt.
1961 2384 2128 2446 stud.
2176 2385 2336 2462 VIII,
2382 2380 2548 2460 388),
2592 2404 2665 2446 ex

413 2488 639 2564 quibus
704 2488 1161 2548 vetustissimam
1228 2506 1365 2548 esse
1431 2488 1588 2547 hanc
1662 2488 2073 2547 formationem
2148 2489 2466 2562 intelligas·
2576 2490 2666 2547 Ex

411 2589 758 2648 huiuamodi
819 2591 1002 2666 igitur
1062 2590 1397 2650 nominibus
1456 2590 1803 2651 verbalibus
1866 2589 2004 2649 mihi
2067 2591 2336 2650 derivata
2388 2590 2667 2649 videntur

409 2688 852 2769 μεθυμναῖος,
896 2690 1336 2770 παλαμναῖος,
1380 2679 1708 2769 υμέναιος.

588 2792 1080 2871 μεθυμνατος
1126 2795 1349 2855 Bacchi
1379 2813 1731 2872 cognomen,
1778 2779 1922 2871 ὅςγε
1966 2783 2092 2852 τὸν
2138 2780 2440 2872 ἄκρατον
2485 2780 2663 2852 ἄντι-

412 2913 582 2974 κρυς
623 2891 828 2972 μέθυ,
885 2892 996 2955 καὶ
1052 2897 1557 2974 μεθυμναῖον
1617 2882 1820 2966 αὐτὸς
1865 2884 2078 2954 αυτὸν
2138 2881 2447 2973 ωνόμασε
2508 2898 2666 2957 Plut.
2770 2943 2775 2946 -

414 3005 649 3075 quaest.
709 3017 882 3059 conv.
927 3000 1039 3077 111,
1083 2995 1147 3076 2,
1199 2998 1250 3058 1.
1359 2989 1487 3058 Τὸν
1550 2993 1622 3057 δὲ
1683 2995 1888 3057 τοῦτο
1954 2987 2436 3077 δωρησάμενον
2495 2989 2665 3056 θεὸν

415 3098 943 3178 Μεθυμναῖον
1004 3095 1116 3159 καὶ
1172 3099 1432 3161 Λυαῖον
1486 3095 1600 3159 καὶ
1648 3087 1859 3160 Εὔιον
1911 3094 2025 3157 καὶ
2083 3085 2279 3177 Ἰήιον
2336 3089 2664 3179 προςηγό-

414 3218 621 3282 ρευον
679 3203 819 3263 Ath.
867 3204 1042 3281 VIII,
1094 3199 1215 3262 363
1247 3205 1312 3263 Β.
1417 3201 1967 3281 Μεθυμναῖος·
2037 3190 2075 3260 ὃ
2143 3191 2496 3274 Διόνυσος,
2560 3186 2665 3259 ὅτι

413 3290 569 3384 μεθ’
612 3291 846 3384 ὕμνων
889 3285 1114 3386 ἦλθεν.
1177 3296 1346 3384 τάχα
1405 3301 1476 3366 δὲ
1538 3300 1649 3364 καὶ
1708 3296 1893 3385 παρὰ
1948 3295 2074 3384 τὴν
2128 3299 2347 3383 μέθην
2392 3297 2664 3383 εἴρηται,

416 3395 509 3477 ὡς
550 3398 929 3487 μεθυδότης
968 3410 1098 3468 ΕΜ.
1187 3407 1753 3487 Μεθυμναῑος·
1802 3393 1937 3466 ἀπὸ
1983 3397 2203 3466 τόπου
2234 3405 2397 3467 Suid.
2470 3406 2663 3465 Deum

412 3512 501 3570 sio
546 3515 822 3571 vocatum
868 3529 1016 3589 esse,
1059 3511 1220 3587 quod
1265 3497 1419 3588 μεθ’
1463 3495 1702 3589 ὕμνων
1734 3512 2009 3586 venisset,
2052 3528 2172 3568 non
2221 3507 2423 3586 cred0,
2469 3526 2664 3584 neque

410 3614 693 3675 vocabuli
737 3613 928 3673 forma
981 3631 1053 3673 ea
1107 3617 1229 3673 est:
1289 3631 1432 3689 exsp
1450 3617 1671 3673 &etates
1728 3614 1911 3682 enim,
1941 3600 2330 3689 μεθύμνιος.
2419 3611 2664 3670 Rectius

413 3717 668 3777 sortasse
715 3716 792 3776 ab
837 3716 1058 3792 oppido
1105 3705 1452 3794 Μήθυμνα
1505 3716 1838 3776 derivatum
1903 3732 2034 3775 esse
2078 3719 2257 3792 putes
2304 3712 2399 3772 dei
2447 3731 2661 3788 cogno-

413 3839 568 3898 men,
614 3837 960 3897 quanquam
1010 3819 1212 3897 oppidi
1259 3837 1471 3878 nomeu
1520 3818 1760 3895 longam
1807 3817 1986 3877 habet
2016 3816 2299 3876 vocalem.
2374 3815 2663 3890 Methym-

410 3942 525 3984 nae
585 3924 743 3984 enim
789 3924 983 3982 Deum
1041 3923 1265 3993 cultum
1327 3939 1457 3982 esee
1524 3924 1776 3981 constat.
1862 3919 1980 3982 Sed
2040 3920 2180 3979 mihi
2229 3919 2356 3978 veri
2413 3917 2663 3977 similius

409 4025 671 4102 videtur,
715 4042 837 4083 non
883 4023 980 4082 dei
1025 4041 1242 4083 nomen
1288 4023 1363 4084 ab
1395 4023 1618 4100 oppido
1650 4041 1780 4082 esse
1810 4022 2160 4097 derivatum,
2205 4021 2308 4081 sed
2340 4026 2663 4095 utrumque

409 4129 780 4188 nominatum
828 4143 958 4186 csse
1004 4125 1078 4186 ab
1123 4125 1329 4186 eadem
1375 4145 1469 4203 rc,
1514 4125 1590 4184 ab
1636 4125 1939 4185 ebrietate.
2026 4125 2108 4185 Ut
2159 4123 2314 4183 enim
2361 4141 2436 4182 ex
2482 4110 2662 4199 ἐρύω
2724 4189 2745 4196 ⁷.

409 4219 730 4308 ἐρυμνός,
790 4230 877 4288 sic
939 4247 1014 4288 ex
1058 4216 1297 4305 μεθύω
1357 4227 1495 4287 duci
1540 4230 1776 4303 poterat
1819 4215 2189 4304 μεθυμνός,
2249 4231 2311 4284 et
2353 4240 2661 4300 paragoge
