3166 4871
2511 280 2634 341 405

390 460 643 519 verbum
696 459 1125 532 „immutatus“
1172 463 1510 535 sequuntur
1552 475 1685 516 cum
1734 455 2228 531 praecedentibus
2273 454 2634 531 conjungam

394 564 610 622 lacuna
653 561 977 622 statuenda
1019 559 1152 634 est).

563 665 655 724 Ex
701 664 951 741 reliquis
995 680 1245 741 quoque
1289 662 1435 723 locis
1480 661 1762 737 Taciteis,
1805 660 2127 738 praecipue
2171 660 2274 735 qui
2320 657 2431 718 sub
2482 662 2535 718 1.
2580 661 2636 719 2.

393 772 449 829 6.
494 771 534 829 8
578 767 892 844 perscripti
954 771 1133 841 sunt,
1191 765 1589 843 primipilares
1648 782 1684 822 a
1743 762 1996 823 ducibus
2039 762 2406 822 exercituum
2453 778 2636 837 saepe

394 868 716 946 majoribus
763 868 977 929 officiis
1024 868 1402 945 praepositos
1446 884 1574 926 esse
1621 866 1919 925 discimus.
1993 864 2245 924 Paccius
2282 860 2508 923 Orfitus
2547 859 2635 934 (2)

392 975 453 1030 et
496 970 773 1047 Aquilius
819 967 915 1042 (8)
962 971 1103 1046 ipsis
1150 968 1479 1029 cohortium
1525 967 1846 1044 praefectis
1893 965 2279 1042 imperavisse
2324 965 2635 1041 videntur;

393 1071 555 1150 quod
605 1072 679 1131 de
726 1073 942 1132 Paccio
990 1076 1240 1148 apparet
1285 1089 1357 1132 ex
1405 1070 1603 1130 verbis
1665 1069 1736 1143 (c.
1786 1074 1865 1131 36
1913 1065 2120 1140 extr.):
2200 1065 2493 1139 „Corbulo
2553 1067 2636 1125 in-

393 1175 687 1252 crepitum
736 1174 1015 1234 Paccium
1082 1171 1208 1250 (qui
1258 1192 1461 1233 curam
1508 1172 1660 1232 male
1704 1166 1997 1247 gesserat)
2046 1173 2106 1229 et
2150 1170 2491 1247 praefectos
2537 1168 2638 1228 mi·

391 1277 647 1355 litesque
695 1278 941 1338 tendere
989 1282 1160 1336 extra
1206 1276 1427 1336 vallum
1464 1275 1680 1353 jussit3
1745 1273 1981 1351 Aquilio
2028 1277 2221 1331 autem
2270 1270 2422 1332 duce
2468 1290 2636 1347 prae-

393 1379 583 1440 fectos
650 1380 1018 1455 cohortium,
1083 1380 1185 1455 qui
1256 1378 1505 1437 castella
1571 1397 1607 1437 a
1672 1375 2166 1456 Canninefatibus
2241 1376 2487 1435 obsessa
2546 1374 2636 1433 in·

393 1480 753 1558 cenderant,
821 1482 880 1539 in
940 1482 1308 1557 superiorem
1370 1479 1600 1539 insulae
1669 1484 1897 1554 partem
1962 1495 2094 1536 cum
2156 1477 2342 1552 signis
2400 1475 2638 1535 vexillis

397 1582 640 1643 militum
690 1583 959 1660 reliquiis
1007 1585 1406 1659 congregatos
1452 1599 1601 1659 esse,
1646 1599 1764 1640 non
1812 1585 1902 1639 est
1946 1599 2054 1640 cur
2098 1578 2432 1638 infitiemur.

568 1686 657 1744 Ex
703 1685 890 1744 titulis
959 1688 1205 1746 10—-13
1265 1684 1658 1761 primipilares
1705 1682 2189 1742 vexillationibus
2233 1682 2329 1741 vel
2377 1682 2638 1741 numeris

397 1787 646 1847 militum
695 1788 1076 1865 praepositos
1122 1805 1252 1846 esse
1301 1787 1726 1864 comperimus;
1788 1785 2201 1845 vexillationes
2261 1803 2298 1843 a
2343 1784 2636 1844 centurio·

395 1889 569 1949 nibus
616 1908 855 1966 quoque
889 1889 1252 1967 regebantur
1298 1886 1384 1963 (C.
1418 1890 1459 1947 1.
1493 1889 1559 1947 L.
1591 1888 1678 1947 111
1728 1884 1950 1959 1980);
1997 1887 2100 1947 sed
2146 1887 2259 1946 hae
2304 1885 2636 1946 vexillatio-

396 2010 500 2052 ncs
546 1997 719 2053 erant
781 1992 1175 2066 ducenariae,
1243 1991 1696 2069 primipilarium
1769 1990 2057 2050 miliarias
2119 1986 2282 2066 (11);
2357 2006 2637 2048 numeros

392 2098 587 2154 autem
648 2095 962 2154 tendentes
1025 2095 1082 2153 in
1130 2095 1324 2153 Ponto
1373 2094 1606 2153 Absaro
1654 2093 1924 2169 quinque
1970 2093 2246 2152 cohortes
2294 2093 2476 2152 fuisse
2521 2091 2635 2151 dis·

394 2197 581 2256 cimus
626 2216 698 2256 ex
747 2197 979 2255 Arrian.
1068 2193 1342 2275 περιπλ.
1392 2192 1470 2254 Π.
1516 2178 1673 2270 Εὗξ.
1722 2196 1784 2256 Ο.
1831 2199 1886 2255 6.
1904 2190 1981 2266 ²⁷)

564 2299 819 2358 Maxime
882 2302 1077 2359 autem
1140 2299 1340 2358 mirari
1400 2298 1568 2373 licet,
1630 2287 1792 2374 quod
1850 2297 2089 2373 saepius
2149 2295 2329 2373 aliqui
2385 2315 2461 2356 ex
2505 2296 2634 2373 ipso

391 2401 751 2478 primipilatu
818 2402 1194 2478 equitibus
1262 2399 1637 2478 praefecti
1704 2403 1859 2461 sunt.
1922 2398 2003 2472 (1.
2049 2401 2159 2469 9.);
2234 2418 2367 2459 nam
2424 2399 2631 2476 quiin

391 2505 548 2565 bello
593 2504 932 2582 periculoso
980 2500 1081 2580 (9)
1114 2505 1212 2564 vel
1258 2511 1395 2564 ante
1442 2505 1632 2581 ipsam
1682 2522 1944 2581 pugnam
1993 2499 2082 2576 (1)
2127 2503 2279 2562 tales
2326 2520 2501 2562 curas
2541 2521 2635 2561 ac-

392 2615 715 2685 ceperunt,
782 2606 856 2666 ad
926 2625 1028 2667 eas
1093 2606 1600 2667 administrandas
1669 2606 1919 2665 maxime
1976 2605 2225 2664 idoneos
2284 2606 2446 2663 visos
2508 2622 2636 2664 esse

391 2711 721 2787 putandum
780 2714 905 2781 est;
979 2711 1170 2769 simile
1216 2709 1382 2770 nobis
1437 2712 1730 2785 occurret,
1776 2708 1872 2768 ubi
1921 2707 1994 2767 de
2040 2725 2326 2783 processu
2373 2707 2632 2784 primipi-

392 2812 605 2873 larium
673 2812 749 2873 ad
816 2813 1150 2873 ordinarias
1208 2813 1470 2883 militias,
1507 2814 1818 2888 equestres
1880 2813 2123 2886 agetur,
2197 2808 2302 2869 sed
2363 2810 2444 2868 ibi
2489 2809 2635 2870 illud

393 2915 588 2974 minus
636 2913 916 2991 offendet,
977 2915 1231 2991 quippe.
1262 2932 1395 2972 cum
1443 2915 1701 2973 sciamus
1746 2911 2157 2990 praefecturas
2204 2929 2634 2987 nonnunquam

393 3016 583 3092 magis
631 3015 909 3091 honores,
958 3034 1137 3092 quam
1187 3034 1432 3075 munera
1475 3014 1675 3074 fuisse.

391 3281 497 3349 De
542 3280 1145 3366 primipilaribus,
1192 3281 1315 3362 qui
1344 3279 1697 3364 praefecti
1737 3283 2144 3348 castrorum
2179 3280 2292 3347 vel
2325 3280 2632 3363 legionis

938 3385 1013 3451 et
1056 3382 1271 3451 duces
1316 3383 1628 3466 legionis
1673 3383 1852 3450 facti
1896 3384 2090 3449 sunt.

570 3542 673 3617 14)
720 3565 777 3623 p.
833 3564 887 3622 p.
954 3544 1142 3622 praef.
1191 3547 1436 3604 castror.
1484 3544 1598 3620 leg.
1645 3544 1728 3603 111
1775 3544 2159 3620 Cyrenaicae.
2233 3541 2430 3618 (Pisis.
2475 3543 2637 3604 Gori.

390 3648 516 3707 Etr.
562 3652 599 3709 3
646 3666 701 3724 p.
751 3649 889 3721 154.
977 3643 1183 3706 Orelli.
1228 3646 1413 3706 Henz.
1463 3643 1670 3717 3768.)

566 3746 668 3821 15)
715 3768 771 3826 p.
816 3768 871 3826 p.
920 3748 1034 3824 leg.
1078 3748 1265 3808 XXII.
1314 3747 1502 3825 praef.
1551 3750 1662 3824 leg.
1710 3749 1853 3809 Xlll
1900 3747 2172 3820 (Henzen
2223 3744 2430 3818 3464).

562 3851 653 3911 Ad
713 3856 1035 3927 utrumque
1099 3851 1435 3928 exemplum
1507 3852 1811 3928 permulta
1882 3851 2098 3910 similia
2158 3850 2299 3909 addi
2366 3854 2633 3926 possunt.

390 3953 464 4014 cf.
513 3954 847 4013 Wilmanns
893 3953 1026 4030 eph.
1075 3954 1260 4031 epigr.
1307 3955 1351 4013 1.
1398 3972 1454 4030 p.
1499 3958 1580 4015 80
1627 3972 1714 4031 sq.

389 4087 459 4096 *-

756 4087 795 4095 -ι

559 4170 626 4237 ²⁷)
661 4162 973 4237 (ἤλθομεν)
1012 4162 1093 4231 εἰς
1124 4160 1369 4235 Ἄψαρον
1404 4161 1612 4235 hanimo
1647 4161 1706 4221 al
1740 4160 1917 4221 πέντε
1953 4169 2184 4233 σπεῖραι
2226 4160 2373 4218 εἰσὶν
2410 4157 2632 4232 ἱδρυμέ-

387 4270 496 4309 ναι.
532 4283 597 4291 -
635 4253 909 4311 Arrianus
945 4267 995 4308 a.
1033 4268 1087 4325 p.
1125 4253 1185 4307 O.
1226 4256 1321 4306 136
1357 4260 1721 4321 propraetore
1757 4260 1876 4311 erat
1912 4249 2316 4325 Cappadociae.
