3166 4871
2527 265 2646 325 117

915 433 1194 516 πληγεὶς
1239 434 1410 497 θεοῦ
1451 428 1711 515 μάστιγι
1756 433 2109 516 παγκοίνῳ
2151 422 2363 516 ’δάμη,
2409 435 2549 496 κτλ.

406 539 516 617 Ag.
563 544 704 601 717.
911 531 1203 619 ἔθρεψεν
1247 534 1319 600 δὲ
1362 535 1601 600 λέοντα
1646 540 1790 599 κτλ.

405 641 543 701 ibid.
593 646 731 702 724.
911 636 1127 700 πολέα
1171 629 1229 701 δ’
1276 627 1405 720 ἔσχ’
1449 635 1521 701 ἐν
1569 627 1900 722 ἀγκάλαις.
1953 672 2035 683 -

405 743 538 803 ibid.
590 749 726 805 727.
905 740 1289 822 χρονισθεὶς
1326 730 1392 804 ’δ’
1440 731 1802 821 ἀπέδειξεν.
1841 777 1923 785 -

402 846 539 905 ibid.
587 850 725 908 731.
909 834 1078 906 δαῖτ’
1123 834 1516 919 ἀκέλευστος
1563 839 1856 923 ἔτευξεν·

401 949 539 1007 ibid.
587 953 725 1010 732.
909 942 1131 1027 αἵματι
1178 935 1238 1008 ‹5’
1283 939 1469 1021 οἰκος
1514 935 1798 1030 ἐφύρθη,
1846 983 1932 991 --

572 1070 731 1128 Ecce
776 1073 958 1129 totam
1006 1072 1511 1147 comparationem
1555 1070 1632 1129 ad
1679 1071 1919 1130 Homeri
1947 1068 2017 1144 ¹³)
2062 1069 2501 1130 similitudinem
2546 1088 2642 1129 ac·

402 1171 829 1231 commodatam
878 1179 937 1232 et
980 1174 1062 1232 ita
1106 1177 1476 1250 enarratam,
1534 1178 1601 1232 ut
1645 1172 1808 1250 quod
1855 1172 2125 1250 quolibet
2169 1178 2439 1249 tempore
2484 1172 2640 1231 acci-

400 1272 542 1333 dere
586 1275 789 1351 possit,
833 1281 995 1334 certo
1040 1275 1299 1351 quodam
1344 1280 1613 1353 tempore
1660 1276 1881 1336 factum
1927 1275 2220 1335 videatur.

568 1376 690 1435 Iam
751 1378 1143 1454 perspicimus
1200 1378 1342 1455 quid
1403 1378 1631 1439 consilii
1699 1381 1757 1438 in
1818 1379 2028 1439 horum
2095 1384 2155 1438 et
2225 1377 2636 1455 gnomicorum

397 1479 755 1538 aoristorum
802 1498 910 1540 usu
956 1481 1032 1539 sit
1077 1456 1447 1557 persecutus.

566 1582 719 1641 Nam
786 1583 962 1658 plane
1023 1584 1295 1642 Kiilineri
1359 1586 1687 1644 sententiae
1747 1585 2064 1659 assentior,
2138 1584 2238 1659 qui
2299 1582 2637 1659 gnomicum

392 1685 676 1744 aoristum
726 1685 799 1743 ab
845 1704 915 1745 eo
962 1686 1201 1745 differre
1246 1692 1444 1764 negat,
1489 1705 1607 1763 quo
1655 1686 1812 1746 facta
1856 1687 2049 1747 solent
2078 1686 2308 1744 narrari
2327 1681 2399 1754 ¹⁴)
2474 1686 2640 1745 Sicut

392 1785 454 1844 in
501 1788 1046 1863 comparationibus
1077 1790 1158 1848 ita
1188 1789 1244 1851 in
1279 1790 1689 1849 communibus
1733 1788 2044 1849 sententiis
2089 1806 2162 1846 ex
2208 1786 2436 1846 infinita
2467 1787 2640 1864 copia

396 1890 830 1968 exemplorum,
906 1910 1061 1967 quae
1117 1891 1453 1951 cotidianus
1523 1910 1669 1950 usus
1730 1898 1791 1950 et
1847 1891 2218 1968 experientia
2275 1888 2635 1966 suppeditat,

392 1990 468 2050 ad
517 1992 979 2052 confirmandam
1025 1995 1281 2070 aliquam
1329 1995 1686 2054 sententiam
1719 1994 1965 2052 similem
2000 2010 2182 2051 unum
2216 1997 2275 2051 et
2303 1990 2363 2051 id
2397 1991 2633 2068 quidem

393 2098 617 2153 certum
666 2095 965 2172 certisque
1020 2098 1305 2173 temporis
1369 2094 1589 2155 finibus
1650 2095 1942 2154 inclusum
1997 2095 2352 2171 proponitur
2398 2094 2635 2153 sactum.

395 2198 626 2256 Etenim
674 2197 837 2274 quod
871 2216 931 2256 re
980 2218 1124 2258 vera
1169 2198 1391 2257 factum
1433 2199 1817 2275 cognoscitur
1863 2202 1921 2258 et
1966 2197 2155 2256 oculis
2200 2198 2369 2272 quasi
2415 2197 2635 2256 clarius

391 2299 678 2375 aspicitur
723 2305 782 2360 et
827 2301 1103 2360 maiorem
1152 2301 1333 2360 habet
1385 2301 1798 2360 auctoritatem
1853 2318 2030 2376 quam
2078 2299 2239 2377 quod
2285 2298 2411 2358 fieri
2457 2316 2633 2376 posse

390 2401 791 2463 contenditur.

561 2507 836 2567 Ceterum
885 2508 1061 2566 etiam
1108 2507 1372 2567 futurum
1420 2507 1752 2585 praesentis
1807 2507 1902 2566 vel
1947 2507 2204 2584 gnomici
2251 2506 2452 2565 aoristi
2499 2506 2631 2566 loco

391 2610 668 2687 usurpari
712 2610 981 2669 videtur:

390 2712 652 2791 Choeph.
683 2715 863 2775 1018.
902 2698 1086 2784 οὔτις
1128 2703 1448 2791 μερόπων
1492 2698 1686 2793 άσινῆ
1731 2707 1968 2785 βίοτον

897 2805 1006 2874 διὰ
1049 2800 1248 2875 πάντ’
1292 2802 1524 2894 ἄτιμος
1568 2802 1931 2894 ἀμείψεται.

558 2919 673 2979 Sed
733 2920 969 2996 adjecta
1025 2920 1305 2996 negativa
1362 2920 1655 2996 particula
1700 2919 1879 2977 huius
1934 2917 2119 2978 futuri
2162 2922 2436 2978 naturam
2482 2919 2629 2976 satis

387 3019 672 3079 declarat.
760 3021 943 3080 Simili
978 3022 1150 3081 modo
1184 3021 1343 3097 apud
1375 3021 1729 3098 Sophoclem
1761 3021 2090 3080 invenitur:
2138 3020 2338 3097 Antig.
2364 3022 2486 3081 348
2507 3037 2627 3096 seq.

384 3107 556 3181 Ἄιδα
623 3108 842 3200 μόνον
905 3119 1140 3199 φεῦξιν
1201 3108 1325 3182 οὐκ
1388 3113 1700 3199 ἐπάξεται
1760 3121 1921 3196 (vide
1981 3124 2247 3184 Kuhner.
2307 3123 2408 3184 Gr.
2451 3123 2531 3199 ΙΙ,
2578 3127 2631 3183 1.

383 3224 419 3296 ἓ
453 3229 594 3302 387,
626 3223 706 3299 2).
884 3301 889 3306 ᾖ

556 3329 684 3388 Nec
730 3329 951 3389 desunt
994 3329 1267 3407 perfecta
1310 3331 1609 3406 gnomica:

384 3431 593 3507 Suppl.
643 3434 779 3492 350.
895 3424 993 3490 ἴδε
1036 3449 1114 3508 με
1160 3417 1284 3490 τὰν
1329 3423 1540 3491 ἱκέτιν
1582 3421 1849 3510 φυγάδα
1891 3425 2323 3511 περίδρομον,

892 3529 1393 3594 λευκοδίιῠκτον
1438 3517 1528 3605 ὡς
1574 3524 1859 3613 δάμαλιν
1904 3518 2012 3611 ἅμ’
2053 3527 2330 3611 πέτραις

558 3715 619 3776 ¹³)
647 3711 729 3768 Cf.
752 3712 965 3776 Od.1V‚
987 3719 1085 3768 334
1098 3729 1253 3785 seqq.
1292 3715 1356 3769 ΙΙ.
1379 3714 1447 3782 V,
1468 3717 1567 3768 522
1581 3730 1736 3786 seqq.
1763 3719 1858 3769 136
1874 3729 2027 3783 seqq.
2064 3714 2127 3769 11.
2149 3713 2245 3782 IV,
2267 3717 2365 3767 274
2386 3728 2508 3783 sqq.
2529 3713 2627 3781 XI,

384 3803 479 3852 474
501 3813 656 3868 seqq.
728 3798 797 3867 X,
833 3802 946 3853 224.
1017 3799 1080 3854 Il.
1108 3799 1287 3869 XVII,
1320 3804 1429 3855 176.
1499 3799 1600 3869 111,
1625 3795 1843 3855 33—'36
1882 3804 1987 3854 etc.
2033 3831 2091 3838 -
2126 3799 2388 3854 Ceterum
2435 3797 2629 3853 confer

381 3883 725 3939 Lechnerum
764 3884 834 3939 de
872 3884 1143 3955 Aeschyli
1181 3885 1371 3941 studio
1406 3886 1700 3941 Homerico
1737 3903 1791 3956 p.
1818 3888 1882 3940 20
1904 3900 2060 3955 seqq.

554 3972 617 4037 ¹⁴)
652 3968 838 4024 Kiihn.
865 3970 898 4024 1.
926 3971 958 4025 1.
995 3976 1027 4037 ξ
1050 3975 1165 4038 386,
1190 3977 1218 4025 7
1255 3969 1350 4038 (cf.
1378 3977 1425 4038 S,
1453 3974 1548 4038 3.):
1592 3986 1683 4034 „er
1718 3970 2137 4025 unterscheidet
2174 3969 2293 4025 sich
2328 3971 2383 4024 in
2410 3969 2627 4025 keiner-

379 4054 452 4108 lei
474 4053 663 4109 Weiss
698 4071 810 4110 von
847 4055 973 4111 dem
1010 4055 1430 4111 crziihlenden.“
1470 4087 1537 4095 ——
1574 4057 1728 4121 Quae
1763 4054 2076 4111 Kohlmann
2112 4056 2210 4124 (de
2245 4055 2402 4111 verbi
2428 4055 2627 4110 Graeci

378 4139 723 4209 temporibus
766 4158 820 4210 p.
847 4145 877 4194 9
899 4144 1041 4210 seq.)
1083 4142 1142 4194 in
1180 4141 1508 4195 contrariam
1558 4148 1770 4210 partem
1810 4141 2124 4210 disputavit
2157 4139 2264 4195 hoc
2300 4137 2625 4211 Aeschyleo

379 4239 486 4278 usu
523 4223 836 4280 confirmari
873 4225 1005 4280 mihi
1042 4240 1151 4278 non
1190 4225 1466 4280 videntur.
