3166 4871
575 241 700 304 282

572 417 762 476 tentia
819 415 1131 476 excellere.
1217 413 1376 488 Quid
1421 414 1623 475 enim?
1709 415 1768 476 Si
1822 418 2097 493 putasset
2150 415 2541 494 philosophus
2599 415 2814 474 harum

571 517 905 578 fabularum
957 518 1076 577 vim
1132 519 1423 595 tragicam
1480 518 1554 577 ab
1602 518 1876 579 omnibus
1918 522 2260 596 perceptam
2307 521 2369 578 et
2410 517 2815 595 praedicatam

570 619 648 680 ad
694 621 841 681 alias
886 637 1128 681 caussas
1167 619 1544 681 referendam
1575 638 1729 699 esse,
1773 620 1918 699 quid
1951 622 2242 682 effecisset
2270 621 2385 681 hoc
2413 620 2816 698 argumento?

571 723 812 784 Minime
856 722 945 800 id,
1001 722 1163 800 quod
1222 721 1613 800 comprobare
1673 723 1908 801 studet,
1966 724 2188 784 exitum
2248 722 2491 783 fatalem
2555 724 2815 800 optimae

570 824 917 901 tragoediae
961 825 1362 885 necessarium
1408 843 1557 903 esse,
1602 824 1709 886 sed
1754 825 1814 885 id
1859 829 2087 886 tantum
2108 869 2125 904 ,
2170 844 2289 886 non
2335 842 2484 901 esse⁸
2512 825 2816 903 vitiosum,

574 927 676 1005 qui
740 914 952 987 utrum’
1002 926 1236 988 fabulae
1294 927 1453 987 adsit
1495 947 1571 987 an
1619 927 1799 1006 desit,
1858 928 2006 988 nihil
2064 928 2304 988 intersit
2345 927 2422 986 ad
2465 927 2816 1005 tragoediae

569 1030 871 1090 virtutem.
974 1030 1177 1107 Atque
1234 1029 1350 1090 hoc
1402 1030 1785 1090 Aristotelem
1848 1035 2120 1110 σημεῖον
2187 1024 2504 1107 μέγιστον
2571 1028 2816 1105 dixisse,

573 1133 707 1209 quis
752 1137 859 1211 est,
902 1133 1005 1210 qui
1049 1131 1302 1191 credat?
1346 1132 1550 1191 Verba
1594 1136 1791 1192 autem
1831 1123 1901 1189 αἱ
1931 1129 2234 1191 τοιαῦται
2263 1136 2473 1209 aperte
2503 1130 2818 1192 declarant

570 1233 951 1295 Aristotelem
997 1233 1112 1294 hoc
1156 1234 1290 1294 loco
1337 1234 1486 1293 nihil
1531 1233 1692 1294 aliud
1737 1238 2042 1311 spectasse
2088 1253 2265 1312 quam
2299 1236 2523 1294 exitum
2552 1233 2816 1293 fatalem.

570 1336 847 1397 Forsitan
911 1338 1205 1414 quispiam
1265 1334 1486 1397 dixerit
1549 1336 1701 1397 haec
1759 1337 1945 1397 verba
2002 1337 2340 1415 significare
2399 1354 2500 1396 eas
2562 1331 2850 1414 fabulas,‘

571 1457 727 1515 quae
786 1440 1058 1500 omnibus
1116 1439 1349 1516 legibus
1409 1438 1812 1517 respondeant
1868 1459 2056 1518 supra
2113 1440 2188 1501 ab
2231 1440 2549 1500 Aristotele
2595 1439 2815 1499 consti-

570 1541 732 1602 tutis.
817 1542 900 1602 At
942 1540 1119 1620 illud,
1164 1542 1327 1619 quod
1374 1542 1741 1620 exprobrant
1785 1541 2086 1622 Euripidi,
2131 1542 2277 1602 nihil
2322 1547 2415 1602 est
2457 1540 2569 1601 nisi
2614 1542 2818 1601 exitus

570 1644 782 1704 fatalis.
866 1645 1081 1721 Neque
1126 1662 1269 1721 ergo
1317 1645 1408 1704 his
1451 1644 1649 1705 verbis
1691 1641 1896 1703 τοῦτο
1942 1634 2070 1724 γάρ
2116 1637 2295 1703 ἐστιν
2338 1632 2560 1723 ὀρθόν
2614 1660 2816 1721 neque

567 1746 682 1807 illis
723 1736 793 1804 αἱ
834 1741 1145 1809 τοιαῦται
1190 1746 1354 1807 aliud
1400 1746 1726 1824 quidquam
1773 1748 2130 1807 continetur.

739 1849 1006 1910 Fabulae
1050 1868 1194 1910 vero
1249 1850 1295 1909 si
1341 1849 1513 1929 fatali
1560 1851 1718 1910 exitu
1767 1852 2017 1911 maxime
2063 1851 2325 1928 tragicae
2369 1849 2543 1928 fiunt,
2601 1846 2811 1907 eadem

567 1969 635 2011 re
679 1951 1028 2030 Euripidem
1073 1951 1231 2011 hanc
1277 1952 1516 2012 laudem
1560 1952 1770 2012 tulisse
1814 1970 2060 2013 necesse
2107 1958 2212 2013 est.
2299 1953 2435 2012 Non
2483 1952 2639 2011 enim
2694 1949 2815 2009 alia

568 2054 801 2114 ratione
864 2053 1098 2114 fabulas
1159 2054 1276 2113 alia
1336 2058 1545 2129 poetas
1619 2054 1881 2131 tragicos
1952 2054 2153 2115 dicere
2215 2055 2370 2114 licet.
2474 2052 2811 2127 Quemnam

566 2161 806 2233 poetam
870 2157 1122 2215 maxime
1179 2156 1470 2233 tragicum
1528 2174 1659 2216 esse
1724 2160 1891 2216 recte
1960 2156 2320 2217 censemus?
2419 2156 2560 2217 Sine
2628 2153 2809 2213 dubio

569 2276 736 2335 eum,
790 2258 891 2335 qui
941 2258 1175 2319 fabulas
1220 2259 1474 2318 maxime
1517 2259 1780 2336 tragicas
1827 2258 2055 2319 doceat.
2142 2260 2264 2319 Eas
2308 2263 2504 2320 autem
2550 2257 2809 2317 maxime

566 2361 825 2437 tragicas
871 2377 1004 2421 esse
1047 2359 1397 2421 Aristoteles
1442 2361 1779 2440 contendit,
1810 2379 1987 2442 quae
2034 2362 2092 2421 iu
2138 2361 2456 2421 adversam
2502 2361 2807 2420 fortunam

568 2467 803 2523 exeant.
888 2463 1101 2541 Itaque
1149 2482 1283 2523 cum
1328 2463 1388 2522 in
1435 2464 1629 2541 poetis
1670 2463 2058 2542 Graecorum,
2101 2483 2254 2542 quos
2297 2465 2591 2541 novimus,
2635 2480 2809 2522 nemo

564 2566 663 2643 sit,
704 2566 849 2643 quin
895 2566 1050 2625 inter
1094 2566 1243 2625 alias
1288 2565 1438 2626 tales
1470 2566 1648 2626 etiam
1681 2567 2101 2644 composuerit,
2142 2567 2193 2626 is
2225 2567 2528 2627 Aristoteli
2558 2565 2810 2624 maxime

564 2668 832 2745 tragicus
894 2668 1209 2728 habendus
1284 2672 1445 2746 erat,
1515 2668 1616 2745 qui
1679 2668 1820 2728 huic
1882 2667 2218 2728 fabularum
2283 2669 2491 2746 generi
2554 2668 2807 2727 maxime

566 2788 810 2850 operam
855 2770 1053 2831 dabat.
1142 2770 1217 2829 Et
1262 2770 1419 2830 111188
1464 2770 1707 2847 quidem
1738 2769 2086 2846 Euripidem
2132 2770 2317 2832 fuisse
2363 2790 2436 2831 ex
2483 2770 2805 2847 opprobrio

564 2891 750 2952 supra
794 2872 978 2933 allato
1024 2876 1295 2951 apparet.
1385 2872 1619 2933 Clarius
1664 2873 1840 2931 etiam
1886 2873 2001 2932 hoc
2044 2879 2207 2933 recte
2253 2873 2619 2950 disputatum
2673 2889 2808 2933 esse

563 2975 909 3052 apparebit,
968 2974 1019 3035 si
1078 2976 1293 3035 iterum
1357 2974 1723 3034 contrarium
1779 2979 2128 3036 statuemus.
2215 2976 2569 3037 Aristoteles
2622 2977 2808 3052 igitur

565 3081 632 3137 ut
672 3078 978 3156 putaverit
1007 3078 1354 3154 Euripidem
1396 3076 1528 3136 aliis
1573 3077 1755 3137 rebus
1797 3078 1858 3136 in
1906 3082 2164 3155 utroque
2193 3078 2532 3138 fabularum
2561 3097 2807 3156 genere,

563 3180 612 3240 si
659 3187 1084 3258 comparentur
1129 3199 1261 3240 cum
1306 3179 1521 3240 fabulis
1567 3179 1829 3239 eiusdem
1875 3181 2114 3256 generis
2168 3180 2415 3241 aliorum
2474 3187 2806 3257 poetarum,

563 3284 817 3343 maxime
874 3283 1163 3359 tragicum
1225 3300 1289 3342 se
1351 3281 1757 3360 praestitisse,
1817 3300 1958 3341 num
2020 3283 2231 3360 fugere
2286 3285 2418 3342 etim
2477 3283 2674 3360 potuit
2723 3281 2802 3341 ad

562 3402 844 3444 summam
877 3385 1221 3462 tragoediae
1251 3385 1388 3460 vim,
1434 3384 1629 3462 qualis
1659 3384 1737 3444 sit
1766 3385 1979 3462 exitus,
2025 3385 2170 3444 nihil
2219 3385 2462 3445 valere?
2507 3386 2802 3445 Nimirum

563 3486 664 3563 qui
711 3485 953 3546 fatalem
1011 3487 1231 3546 exitum
1292 3487 1550 3564 optimae
1606 3486 1954 3562 tragoediae
2014 3487 2413 3547 necessarium
2475 3504 2606 3546 esse
2650 3485 2801 3546 iudi·

562 3588 728 3648 carit.
826 3590 909 3648 At
966 3588 1240 3666 profecto
1283 3587 1641 3649 Aristoteles
1686 3606 1805 3649 non
1859 3589 1909 3647 is
1954 3595 2115 3666 erat,
2173 3590 2275 3666 qui
2335 3587 2668 3649 doctrinam
2725 3589 2802 3648 ab

561 3690 815 3750 veritate
857 3690 1017 3752 vitae
1061 3690 1667 3764 adeoabhorrentem
1707 3691 2093 3767 excogitaret.
2177 3690 2378 3767 Atque
2407 3710 2541 3750 cum
2574 3692 2805 3770 afferat,
2923 3679 2938 3701 ⁸

562 3810 718 3870 quae
774 3792 933 3852 facta
990 3797 1161 3872 sunt,
1216 3797 1277 3853 et
1337 3810 1408 3852 eo
1472 3791 1715 3870 quidem
1775 3793 2057 3870 consilio,
2116 3797 2184 3853 ut
2241 3792 2575 3853 doctrinam
2631 3811 2799 3853 suam

562 3893 847 3954 defendat
890 3899 951 3955 et
995 3894 1320 3972 confirmet,
1365 3893 1816 3955 concedendum
1863 3899 2026 3955 certe
2070 3899 2161 3954 est
2206 3913 2339 3955 eum
2386 3895 2688 3955 invenisse
2736 3896 2800 3953 in

560 3996 673 4072 llis,
717 3997 880 4074 quod
926 4001 1223 4075 congruat
1252 4015 1385 4056 cum
1417 3996 1714 4076 doctrina,
1758 4014 1956 4074 neque
2001 3995 2082 4074 id,
2128 3996 2290 4074 quod
2330 3997 2420 4056 illi
2452 4000 2560 4057 aut
2588 3997 2802 4056 inutile

558 4104 665 4159 aut
707 4116 957 4177 prorsus
1001 4099 1360 4159 contrarium
1406 4098 1497 4158 sit.

728 4202 1008 4261 Attamen
1056 4220 1176 4262 non
1222 4200 1501 4279 defuere,
1556 4202 1664 4279 qui
1715 4141 1900 4262 verba
1942 4201 2283 4262 Aristotelis
2326 4219 2515 4279 supra
2554 4200 2805 4262 laudata
