3166 4871
503 298 627 360 206

507 472 997 548 proficisceretur,
1048 475 1509 533 Demosthenem
1558 472 1890 531 Aeschines
1936 472 2030 541 (11,
2070 477 2144 532 19
2189 469 2516 542 (202-3)
2563 471 2747 530 tradit

504 593 764 650 rogasse,
800 582 879 651 nt,
912 594 984 635 ne
1011 575 1423 636 Aristodemus
1456 576 1753 650 legatione
1782 593 1892 634 sua
1922 574 2249 651 quidquam
2281 574 2621 634 detrimenti
2649 593 2746 633 ac-

504 676 748 752 ciperet,
779 695 881 737 eas
909 677 971 737 in
1000 679 1196 748 urbes,
1233 678 1328 737 ubi
1363 677 1601 737 fabulas
1631 683 1904 737 acturum
1939 694 2003 737 se
2033 695 2163 736 esse
2194 678 2538 754 recepisset,
2567 677 2745 754 legati

505 780 896 848 mitterentur,
943 772 1223 857 „orum
1268 766 1441 859 ὑπὲρ
1486 763 1702 839 αι’τοῦ
1743 769 2271 858 παραιτήσονται
2313 769 2434 850 τὰς
2465 773 2748 859 ζημίας“,

504 886 563 941 et
607 883 952 942 effecturum
998 901 1063 942 se
1127 899 1259 942 esse
1304 882 1765 944 Demosthenem
1814 883 2183 960 promisisse,
2241 885 2308 941 ut
2351 883 2613 959 praemia
2656 900 2744 953 ea,

505 1002 756 1060 quornm
790 985 1202 1045 Aristodemus
1248 986 1541 1063 legatione
1576 986 1878 1062 jacturam
1923 984 2194 1045 facturus
2225 988 2399 1063 esset,
2442 1003 2479 1044 a
2522 985 2745 1061 populo

503 1086 557 1145 ei
603 1085 1015 1148 redderentur.
1108 1087 1282 1162 Quali
1347 1106 1545 1165 poena
1591 1088 1910 1147 histriones
1954 1086 2165 1148 Graeci
2211 1087 2421 1147 diebus
2466 1085 2742 1146 ludorum

504 1190 790 1265 neglectis
819 1191 938 1249 sint
972 1190 1186 1266 affecti,
1234 1195 1294 1250 ot
1325 1209 1446 1267 quo
1480 1190 1726 1250 consilio
1773 1190 1956 1266 legati
2002 1190 2059 1249 in
2094 1189 2274 1249 urbes
2303 1188 2434 1249 illas
2464 1193 2745 1250 externas

506 1293 662 1351 missi
709 1293 855 1360 sint,
916 1313 952 1352 a
1013 1293 1196 1353 schol.
1242 1292 1318 1353 ad
1367 1292 1582 1354 Aesch.
1616 1293 1689 1370 11,
1719 1295 1796 1352 19
1839 1293 1922 1353 ita
1967 1291 2327 1368 explicatur:
2392 1285 2617 1360 „stela
2671 1285 2743 1351 δὲ

503 1387 716 1452 εἰπεῖν
748 1379 853 1452 ὅτι
886 1378 1276 1473 ἀρραβῶνας
1304 1373 1387 1475 ἦν
1419 1384 1770 1472 δεξάμενος
1801 1381 1839 1452 ὁ
1868 1378 2328 1474 Ἀριστόδημος
2369 1378 2505 1452 ἀπό
2535 1409 2746 1453 τινων

503 1481 778 1554 πόλεων
819 1486 990 1575 πρὸς
1034 1481 1113 1555 τό
1161 1480 1626 1575 ἀγωνίσασθαι
1673 1489 1748 1555 ἐν
1790 1482 2054 1566 αὐταῖς·
2101 1482 2189 1575 ἦν
2231 1480 2356 1574 γὰρ
2401 1481 2746 1574 τραγῳδὸς

504 1592 619 1656 καὶ
673 1589 804 1657 ἔδει
863 1582 1077 1658 αὐτὸν
1131 1585 1173 1676 ἢ
1239 1582 1706 1676 ἀγωνίσασθαι
1763 1585 1804 1677 ἢ
1868 1594 2158 1658 διπλοῦν
2211 1587 2335 1658 τὸν
2388 1583 2746 1678 ἀρραβῶνα

506 1696 933 1774 καταβαλεῖν·
993 1692 1126 1759 ἔδει.
1171 1687 1296 1759 οὖν
1341 1695 1694 1779 πρέσβεων
1736 1698 1877 1760 τῶν
1920 1686 2300 1760 πεισόντων
2356 1687 2474 1772 τὰς
2514 1690 2746 1771 πόλεις

500 1792 590 1881 μὴ
640 1795 928 1861 διπλοῦν
958 1793 1082 1862 τὸν
1127 1789 1486 1881 άρῤαβῶνα
1517 1799 1945 1881 κομίσασθαι,
1991 1788 2134 1862 ἀλλ’
2164 1790 2481 1863 ἁπλοῦν.“
2576 1805 2743 1865 Com·

504 1905 864 1983 parandum,
920 1906 1079 1982 quod
1128 1906 1287 1966 Plut.
1333 1906 1436 1966 vit.
1481 1907 1649 1966 Alex.
1682 1910 1763 1968 29
1824 1906 1896 1966 de
1942 1906 2333 1966 Athenodoro
2395 1906 2583 1967 refert
2626 1912 2743 1967 tra-

503 2007 717 2085 goedo,
762 2007 864 2084 qui
910 2008 1146 2069 fabulas
1191 2008 1312 2085 egit
1358 2008 1526 2070 festis
1571 2008 1647 2068 ab
1678 2008 2022 2069 Alexandro
2069 2027 2142 2068 ex
2174 2009 2452 2120 Aegypto
2498 2026 2744 2070 reverso

505 2128 557 2170 a.
589 2113 710 2171 332
756 2110 906 2186 Tyri
946 2112 1128 2224 cactis:
1174 2102 1354 2187 „exet
1401 2104 1471 2170 δὲ
1512 2095 1978 2192 Αθηνόδωρος
2020 2098 2153 2170 υπὸ
2197 2106 2340 2170 τῶν
2372 2096 2745 2192 Αθηναίων

506 2207 891 2291 ζημιωθεὶς,
941 2199 1047 2272 ὅτι
1090 2198 1263 2291 πρὸς
1313 2202 1437 2271 τὸν
1483 2198 1715 2291 αγῶνα
1757 2208 1901 2272 τῶν
1946 2207 2320 2272 Διονυσίων
2365 2197 2490 2272 οὐκ
2534 2197 2745 2292 ἀπήν-

503 2326 721 2393 τησεν,
785 2299 975 2394 ἠξίου
1034 2300 1287 2393 γράψαι
1348 2309 1502 2392 περὶ
1558 2299 1772 2374 αὗτοῦ
1827 2300 1950 2374 τὸν
1994 2309 2301 2389 βασιλέα,
2359 2312 2566 2375 τοῦτο
2621 2310 2746 2394 μὲν

505 2433 631 2476 ουκ
676 2408 966 2496 ἐποίησε,
1012 2407 1138 2498 τὴν
1184 2410 1253 2477 δὲ
1308 2412 1546 2500 ζημίαν
1593 2402 1937 2479 ἀπέστειλε
1983 2401 2143 2497 παρ’
2189 2407 2495 2478 ἓαυτοῦ.“

674 2519 988 2594 Quomodo
1049 2538 1295 2581 munero
1356 2539 1464 2581 suo
1521 2520 1934 2581 Aristodemus
1991 2522 2069 2580 sit
2121 2520 2393 2589 functus,
2456 2540 2653 2599 neque
2710 2541 2745 2583 e

505 2622 905 2683 Demosthene
968 2640 1164 2700 neque
1222 2641 1298 2684 ex
1342 2623 1644 2684 Aeschine
1706 2623 2011 2697 audimus;
2070 2622 2128 2682 id
2175 2622 2417 2700 quidem
2471 2628 2744 2685 constare

504 2724 760 2802 videtur,
819 2724 1258 2785 Aristodemum
1313 2725 1444 2801 jam
1491 2725 1692 2802 priore
1754 2725 1814 2784 in
1879 2725 2181 2802 legatione
2227 2725 2487 2804 Philippi
2542 2729 2745 2803 partes

505 2832 773 2888 secutum
806 2846 934 2888 esse
967 2834 1027 2889 et
1065 2829 1124 2888 iu
1158 2828 1346 2887 altera
1379 2827 1755 2904 potissimum
1787 2845 1917 2887 enm
1950 2828 2265 2906 Aeschine,
2309 2829 2413 2905 qui
2441 2828 2745 2905 quondam

505 2929 738 3007 collega
782 2931 911 3008 ejus
957 2930 1156 2991 fuerat
1201 2936 1260 2991 et
1304 2930 1681 3006 tritagonista
1726 2928 1919 3002 (Deru.
1956 2930 2013 2990 d.
2043 2929 2084 2988 f.
2115 2930 2151 2990 1.
2183 2934 2305 2992 246
2351 2929 2544 3008 (418),
2586 2931 2747 3008 regis

504 3034 702 3110 potius
734 3052 910 3109 quam
960 3034 1191 3111 patriae
1224 3033 1401 3093 saluti
1433 3032 1839 3093 consuluisse:
1884 3033 2345 3094 Demosthenem
2390 3035 2529 3110 plus
2558 3032 2744 3093 semel

504 3135 882 3196 Aristodemo
946 3135 1337 3213 proditionem
1401 3135 1869 3212 opprobrantem
1930 3134 2276 3215 andiamns3
2335 3154 2472 3196 sero
2531 3137 2743 3195 Demo·

504 3239 744 3299 sthenes
775 3237 1083 3308 intellexit,
1133 3242 1508 3314 quantopere
1541 3237 1857 3314 Philippus
1887 3236 2247 3299 Aristodemi
2275 3243 2336 3299 et
2366 3237 2745 3314 Neoptolemi

505 3358 747 3417 operam
810 3341 868 3399 in
930 3358 1100 3399 sunm
1167 3357 1337 3399 usum
1401 3339 1802 3400 convertisset
1859 3343 1920 3400 et
1980 3340 2395 3401 Aristodemus
2454 3338 2571 3399 tide
2628 3339 2746 3415 illa,

505 3460 679 3518 quam
714 3442 1109 3502 Athenienses
1153 3447 1214 3502 et
1258 3442 1513 3502 maxime
1545 3442 1981 3502 Demosthenes
2025 3443 2078 3503 ei
2125 3442 2481 3521 tribuerant,
2524 3442 2744 3503 abusus

505 3549 689 3613 esset;
753 3544 1142 3621 reprehendit
1189 3562 1321 3621 eos,
1380 3545 1480 3621 qui
1544 3544 1719 3621 primi
1779 3544 1992 3604 bonam
2041 3545 2197 3623 regis
2259 3563 2401 3621 erga
2460 3544 2742 3622 populum

504 3645 952 3706 Atheniensium
1002 3647 1364 3706 voluntatem
1412 3646 1891 3723 praedicaverint
1939 3646 2134 3723 deque
2181 3665 2328 3723 paee
2359 3647 2546 3707 verba
2587 3645 2742 3707 fece·

504 3748 652 3807 rint:
713 3748 767 3807 d.
819 3768 939 3809 cor.
988 3753 1063 3809 21
1116 3747 1316 3822 (232):
1379 3741 1470 3819 „et
1529 3738 1657 3826 γὰρ
1705 3736 1874 3806 εἶναι
1924 3766 1986 3807 τι
2050 3743 2284 3827 δοκοίη
2337 3738 2420 3807 τὰ
2460 3738 2747 3826 μάλιστα

507 3843 583 3909 ἐν
629 3840 895 3921 τούτοις
926 3837 1235 3930 ἀδίκημα,
1282 3835 1482 3911 οὐδέν
1527 3843 1665 3909 ἐστι
1708 3840 1933 3931 δήπου
1977 3838 2147 3927 πρὸς
2192 3843 2322 3927 ἐμέ,
2366 3833 2512 3909 ἀλλ’
2542 3836 2580 3909 ὁ
2623 3843 2747 3927 μὲν

504 3950 775 4032 πρῶτος
819 3939 1032 4013 εῐπων
1077 3948 1184 4012 καὶ
1231 3949 1554 4033 μνησθεὶς
1598 3940 1771 4032 ὑπὲρ
1818 3949 1938 4032 τῆς
1982 3941 2246 4033 εἰρήνης
2292 3937 2747 4032 Αριστόδημος

506 4055 586 4136 ὴν
636 4044 673 4115 ὁ
742 4044 1104 4135 ἱποκριτής
1165 4073 1224 4114 κ.
1259 4074 1312 4114 τ.
1348 4054 1442 4115 λ.“
1462 4057 1577 4130 ;.(1
1627 4057 1666 4116 f.
1712 4058 1749 4116 l.
1806 4060 1877 4117 12
1925 4054 2124 4129 (344);
2196 4072 2387 4126 „wig
2428 4048 2583 4132 περὶ
2628 4049 2746 4132 τῆς

506 4149 766 4239 ειρὴιης
842 4154 1012 4238 πρέσ
995 4158 1152 4233 gine
1229 4154 1516 4236 πέμπειν
1591 4143 1683 4229 ὡς
1768 4153 2111 4218 Φίλιπποι
2193 4151 2545 4236 ἐπείσθητε
2631 4139 2746 4215 υπ’

509 4246 976 4343 ,Ὑίριστοόήμου
1037 4279 1148 4323 και
1195 4256 1679 4343 Λιοπτολέμου
1746 4256 1850 4319 καὶ
1902 4256 2392 4342 Κτησιφῶντος
2438 4253 2545 4317 καὶ
2606 4254 2747 4317 τῶν
