3166 4871
2535 289 2655 346 367

1362 453 1646 518 Puteoli
1676 458 1716 522 ¹)

410 582 485 640 cf.
532 582 594 642 C.
642 582 683 641 1.
730 582 799 640 L.
829 583 882 640 X
924 601 980 658 p.
1019 585 1135 642 182
1184 579 1297 639 fuit
1341 580 1573 639 colonia
1619 580 1924 639 maritima.
2013 581 2130 641 Sed
2185 582 2359 640 etiam
2421 582 2496 639 ab
2542 580 2659 641 Au-

409 691 584 759 gusto
630 683 945 742 deductam
995 701 1128 742 esse
1177 681 1438 741 affirmat
1486 682 1634 742 liber
1680 681 2045 741 coloniarum
2092 702 2148 759 p.
2178 687 2300 744 236
2363 682 2664 754 „Puteolis

410 786 642 846 colonia
685 785 981 863 Augusta.
1052 786 1368 862 Augustus
1414 782 1723 863 deduxit“,
1768 803 1877 861 per
1917 803 1980 845 se
2025 785 2247 845 nullius
2276 785 2664 845 auctoritatis.

409 891 624 965 Neque
668 889 806 948 huic
843 890 973 948 loco
1016 887 1246 965 aliquid
1297 890 1574 948 momenti
1625 889 1876 947 affertur
1920 906 1994 948 ex
2041 907 2129 959 e0‚
2175 887 2337 965 quod
2384 888 2442 946 in
2488 888 2660 948 titulo

408 992 806 1051 Rusicadensi
866 991 1114 1065 (Renier
1170 993 1353 1051 Inscr.
1419 991 1720 1066 d'Algerie
1781 1011 1836 1049 n.
1898 989 2089 1064 2182)
2149 993 2287 1050 ante
2341 992 2659 1061 Neronem,

408 1098 476 1153 ut
519 1096 919 1154 Mommsenus
964 1098 1163 1171 putat,
1211 1096 1432 1171 scripto
1488 1094 1632 1164 „coh
1678 1094 1811 1152 Put.
1857 1093 2046 1169 Aug.“
2098 1094 2417 1153 invenitur.
2503 1093 2658 1153 Nam

410 1196 663 1273 primum
700 1198 755 1256 in
792 1197 905 1255 hoc
948 1197 1122 1255 titulo
1154 1197 1367 1255 mirum
1399 1197 1457 1255 in
1503 1194 1741 1255 modum
1792 1194 2139 1271 „Augusta“
2190 1195 2409 1254 nomini
2457 1194 2664 1273 oppidi

412 1300 808 1375 postponitur,
852 1298 1069 1357 deinde
1114 1298 1271 1356 tituli
1305 1299 1576 1356 Puteolis
1605 1298 1750 1372 ipsis
1797 1303 1902 1357 aut
1947 1299 2003 1356 in
2048 1298 2220 1356 Italia
2259 1298 2389 1372 ipsa
2419 1298 2660 1374 reperti,

413 1402 569 1460 alter
628 1402 980 1476 pal-ictarius
1044 1401 1450 1477 Pompejanus
1514 1401 1573 1460 C.
1620 1402 1702 1459 IV
1747 1420 1801 1459 n.
1850 1404 2046 1470 2152,
2122 1401 2273 1459 alter
2333 1399 2662 1460 Fundanus

414 1505 457 1563 Ι.
490 1506 563 1563 N.
596 1523 649 1561 n.
686 1508 804 1564 707
853 1503 1133 1562 Puteolos
1180 1502 1471 1562 coloniam
1520 1502 1730 1563 Claud.
1775 1505 2013 1578 Neron„
2061 1522 2196 1563 mox
2241 1503 2499 1563 Neronis
2544 1522 2659 1563 me·

414 1607 597 1666 moria
661 1607 940 1666 damnata
996 1606 1091 1664 alii
1155 1611 1352 1665 certae
1412 1605 1754 1665 autoritatis
1814 1605 1972 1664 tituli
2017 1606 2185 1665 Flav.
2230 1605 2384 1680 Aug.
2432 1605 2663 1665 Puteol.

412 1715 780 1785 nuncupant.
853 1709 1051 1786 Atque
1113 1708 1288 1768 etiam
1336 1710 1582 1768 Tacitus
1632 1711 1700 1767 A.
1737 1713 1830 1769 14.
1862 1712 1941 1768 27
1989 1709 2274 1769 Puteolos
2328 1708 2579 1785 primum
2627 1728 2663 1767 a

414 1814 654 1872 Nerone
700 1813 964 1872 coloniae
1006 1814 1098 1871 ius
1139 1798 1223 1871 ac'
1243 1817 1699 1888 cognomentum
1737 1810 1986 1886 adeptos
2019 1829 2150 1872 esse
2183 1815 2454 1888 testatur,
2499 1815 2566 1871 ut
2604 1817 2663 1873 et
2719 1833 2728 1840 ·

414 1915 725 1991 lapicidam
760 1915 1225 1974 Rusicadeusem
1262 1919 1320 1973 et
1367 1915 1816 1990 epitomatorem
1864 1914 1996 1974 libri
2047 1915 2408 1975 coloniarum
2457 1932 2661 1974 errore

414 2018 700 2094 deceptos
746 2036 871 2076 esse
918 2017 1092 2076 facile
1138 2016 1449 2076 efficiatur.

584 2119 797 2196 Itaque
828 2120 1064 2179 Puteoli
1109 2119 1170 2178 in
1218 2120 1394 2178 Plinii
1444 2118 1646 2177 indice
1693 2119 1886 2178 locum
1935 2120 2175 2190 habent,
2223 2139 2338 2180 non
2387 2120 2528 2196 quia
2573 2124 2665 2179 est

415 2222 649 2282 colonia
682 2223 957 2298 Augusti,
1003 2221 1107 2281 sed
1156 2221 1299 2299 quia
1345 2226 1435 2280 est
1482 2221 1720 2281 colonia
1767 2228 1870 2281 aut
1915 2224 2207 2281 maritima
2237 2227 2342 2282 aut
2371 2242 2406 2281 a
2437 2223 2661 2300 Vespa-

414 2324 579 2383 siano
648 2324 905 2383 deducta
972 2324 1145 2382 Plinii
1213 2325 1586 2400 temporibus
1649 2324 2085 2383 florentissima.
2206 2326 2397 2402 Magis
2464 2328 2660 2384 autem

415 2425 766 2486 crediderim
816 2427 1153 2503 nuncupari
1199 2445 1234 2486 a
1280 2425 1497 2505 Plinio,
1544 2427 1685 2504 quia
1733 2428 2022 2487 maritima
2068 2426 2197 2487 fuit.

1385 2588 1621 2674 Capua
1642 2593 1690 2670 2)

414 2719 489 2778 cf.
535 2719 595 2779 C.
630 2718 683 2777 X
713 2736 768 2794 p.
805 2721 951 2780 695.
1069 2716 1466 2777 Deduxerunt
1542 2718 1794 2794 primum
1864 2716 2075 2793 viginti
2140 2716 2256 2776 viri
2317 2716 2451 2793 lege
2516 2715 2671 2777 Iulia

415 2822 676 2896 Capuam
745 2822 1037 2879 coloniam
1115 2819 1304 2891 (Caes,
1351 2820 1404 2879 b.
1456 2839 1506 2879 c.
1552 2821 1599 2879 1.
1651 2817 1771 2887 14).
1860 2850 1945 2861 -
2040 2818 2295 2879 Caesare
2353 2818 2668 2879 interfecto

416 2923 712 2981 Antonius
762 2924 971 2981 consul
1018 2941 1160 2981 vere
1208 2924 1345 2982 anni
1399 2926 1524 2983 710
1570 2923 1705 2997 lege
1751 2923 2018 2998 agraria,
2078 2940 2230 2998 quae
2292 2922 2473 2998 paulo
2533 2926 2671 2998 post

416 3026 653 3084 sublata
701 3030 807 3101 est,
853 3025 1095 3084 colonos
1143 3027 1353 3084 iterum
1403 3025 1669 3084 deduxit.
1752 3024 1897 3097 (Cic.
1945 3023 2097 3084 Phil.
2145 3028 2200 3085 2.
2241 3021 2364 3096 39.)
2439 3024 2670 3084 Deinde

416 3127 652 3186 tresviri
712 3146 756 3186 r.
804 3146 855 3203 p.
903 3146 951 3185 c.
1011 3133 1150 3186 aute
1214 3146 1478 3204 pugnam
1531 3126 1978 3204 Philippensem
2026 3126 2184 3186 inter
2236 3126 2448 3185 Italiae
2495 3125 2673 3185 urbes

414 3229 926 3307 splendidissimas
971 3230 1269 3290 veteranis
1316 3231 1439 3289 suis
1472 3230 1801 3290 destinatas
1832 3231 2005 3289 etiam
2041 3228 2302 3306 Capuam
2336 3232 2670 3306 posuerunt

418 3334 570 3408 App.
618 3333 670 3391 b.
717 3351 766 3391 c.
813 3337 868 3392 4.
917 3338 970 3393 3.
1046 3331 1411 3393 Octavianus
1457 3338 1655 3391 autem
1703 3352 1755 3392 a.
1808 3336 1928 3393 718
1976 3332 2245 3392 coloniae
2291 3336 2514 3392 certum
2563 3350 2668 3391 nu-

416 3454 643 3494 merum
693 3436 1039 3494 colonorum
1089 3433 1333 3505 adiecit,
1396 3434 1634 3513 (Vellej.
1682 3439 1737 3495 2.
1769 3438 1877 3512 81,
1936 3434 2067 3494 Dio.
2113 3437 2213 3495 49.
2250 3438 2352 3504 14,
2414 3433 2566 3492 Plin.
2611 3454 2668 3493 n.
2789 3478 2796 3489 .

416 3538 472 3596 h.
524 3535 817 3612 18.114),
877 3536 977 3595 sed
1045 3542 1109 3596 ut
1166 3536 1543 3596 severitatem
1605 3540 1999 3613 temperaret,
2073 3536 2377 3596 veteribus
2439 3534 2668 3595 colonis

415 3640 694 3709 retentis,
754 3658 860 3716 pro
908 3657 1089 3715 agr0,
1145 3639 1246 3715 qui
1293 3638 1708 3707 auferebatur,
1774 3643 1833 3697 et
1887 3638 2331 3715 aquaeductum
2380 3642 2440 3697 et
2486 3655 2668 3715 agros

416 3742 744 3817 vectigales
805 3742 862 3800 in
914 3741 1091 3801 Creta
1161 3741 1383 3800 civitati
1450 3741 1713 3799 donavit..
1827 3742 2042 3812 Tituli,
2120 3741 2275 3801 alter
2333 3741 2665 3818 imperante

418 3843 727 3902 Hadriano
774 3845 1035 3919 scriptus
1081 3844 1150 3903 X.
1195 3863 1250 3903 n.
1302 3847 1466 3904 3832
1514 3841 1758 3915 (3593),
1817 3843 1916 3902 ubi
1965 3844 2112 3903 haee
2159 3848 2486 3921 supersunt
2532 3838 2667 3919 [col.

418 3941 499 4020 iu]
548 3946 683 4005 LIA
727 3974 739 3985 ·
770 3946 1010 4005 FELIX
1050 3973 1063 3987 ·
1095 3945 1294 4021 AUG„
1355 3947 1505 4006 alter
1548 3947 1621 4006 X.
1668 3967 1722 4006 n.
1774 3950 1937 4008 3867
1986 3944 2201 4035 (03613)
2255 3946 2466 4006 aetatis
2527 3945 2666 4006 Dio·

592 4180 632 4236 ¹)
667 4176 737 4231 ct.
775 4176 1021 4231 Belochii
1059 4177 1362 4245 Campania
1396 4195 1450 4246 p.
1488 4182 1570 4232 96.

587 4266 633 4328 ²)
670 4260 736 4315 cf.
779 4263 999 4316 Beloch.
1040 4263 1071 4315 l.
1110 4262 1144 4317 1.
1181 4278 1233 4331 p.
1273 4268 1386 4317 306.
