3166 4871
470 293 593 355 358

473 470 698 543 dicens,
745 470 905 531 hunc
951 471 1217 531 ordinem
1267 474 1445 533 alium
1495 492 1622 535 esse
1668 481 1850 553 atque
1881 477 2047 537 illum
2084 478 2337 554 Augusti
2372 477 2711 553 planissime

468 572 709 634 indicat.
1046 631 1052 638 .

650 676 882 751 Quibus
927 680 1211 755 expositis
1254 680 1507 741 Plinium
1556 683 1615 741 in
1647 682 2044 742 describenda
2074 683 2249 743 Italia
2276 683 2428 742 libro
2461 683 2716 759 Augusti

472 781 679 858 ipsius,
722 799 841 858 qno
873 782 1237 842 coloniarum
1271 783 1451 844 index
1492 785 1929 863 continebatur,
1973 803 2144 846 usum
2186 785 2370 846 fuisse
2402 788 2651 846 constat.
2672 782 2717 856 ¹)

1614 953 1668 1015 4.

480 1065 909 1146 Disqnisltio
956 1066 1041 1132 de
1088 1067 1324 1134 indice
1364 951 1699 1135 Pliniano
1745 1070 2208 1136 continuatur
2252 1070 2327 1137 et
2368 1070 2455 1135 ad
2503 1071 2713 1136 finem

1375 1171 1815 1254 perducitur.

643 1295 852 1355 Liceat
919 1295 1086 1356 nobis
1149 1298 1262 1355 iam
1320 1297 1437 1357 hoc
1504 1299 1634 1359 loco
1703 1299 1776 1358 de
1843 1298 2036 1359 iudice
2102 1300 2374 1359 Pliniano
2443 1298 2722 1359 universe

475 1397 869 1476 pronuntiare
927 1398 1299 1458 sententiam.
1387 1400 1759 1475 Argumenta
1803 1403 2060 1477 singula,
2103 1401 2319 1478 quibus
2363 1401 2606 1477 nitatur,
2661 1401 2720 1460 in

477 1501 673 1577 capite
722 1499 985 1559 secundo
1030 1502 1332 1578 invenieS,
1393 1503 1490 1562 ubi
1554 1504 1820 1563 coloniae
1883 1522 2086 1563 omnes
2132 1521 2283 1580 quas
2327 1502 2552 1563 Plinius
2597 1503 2725 1561 sive

476 1603 655 1663 habet
700 1603 826 1662 sive
873 1603 1083 1676 omisit,
1129 1605 1641 1665 enumerabuntur
1687 1624 1877 1683 eaque
1925 1606 2000 1665 de
2046 1607 2115 1665 iis
2160 1607 2528 1676 afferentur,
2568 1623 2726 1681 quae

476 1710 536 1765 et
582 1724 655 1765 ex
702 1723 904 1764 rerum
951 1707 1344 1784 scriptoribus
1391 1712 1450 1767 et
1494 1727 1567 1767 ex
1615 1708 1802 1767 titulis
1849 1710 2256 1768 innotuerunt.
2468 1782 2478 1792 ,

650 1809 742 1867 Ι)6
787 1809 1043 1884 Augusti
1107 1813 1301 1868 autem
1365 1810 1560 1871 indice
1625 1810 1772 1871 nihil
1833 1811 2107 1888 proferre
2152 1829 2260 1887 pro
2307 1814 2469 1871 certo
2515 1809 2729 1886 audeo,

480 1930 659 1988 quam
718 1911 880 1987 quod
942 1912 1055 1969 iam
1103 1930 1284 1988 supra
1331 1913 1507 1973 certis
1552 1915 1919 1989 argumentis
1963 1914 2228 1990 exposui,
2275 1932 2406 1973 eum
2453 1932 2488 1972 a
2532 1911 2727 1972 Plinio

480 2016 540 2074 in
588 2032 773 2091 opere
818 2032 926 2074 suo
974 2013 1302 2074 adhibitum
1350 2033 1501 2075 esse.

654 2116 925 2176 Pliniano
972 2119 1170 2177 autem
1217 2117 1410 2177 indice
1464 2118 1926 2179 continebantur
1970 2119 2242 2196 primum,
2288 2122 2354 2178 ut
2383 2117 2729 2188 videbimus,
2844 2142 2858 2148 ·

482 2219 751 2279 coloniae
814 2220 1139 2279 maritimae
1200 2223 1306 2280 aut
1371 2220 1583 2280 civium
1656 2222 2086 2297 Romanorum,
2149 2239 2298 2298 quas
2358 2222 2486 2280 iure
2546 2225 2729 2296 atque

483 2322 708 2382 honore
755 2321 1027 2383 coloniae
1073 2341 1376 2400 nunqnam
1424 2324 1735 2383 vacavisse
1780 2328 2016 2384 constat
2058 2324 2205 2384 hae:

738 2422 907 2485 Ostia
1297 2426 1567 2487 Castrum
1599 2427 1837 2487 Novum
1870 2427 1995 2487 Etr.

737 2527 982 2586 Antium
1296 2528 1620 2588 Graviscae
2061 2522 2421 2603 [Pisaurum]

737 2628 972 2689 Puteoli
1234 2670 1243 2677 ·
1298 2629 1482 2706 Pyrgi
2063 2631 2280 2689 Parma

741 2732 1085 2792 Minturnae
1298 2731 1623 2791 Tarentum
2067 2732 2298 2790 Mutina

659 2836 974 2895 Pisaurum
1022 2835 1161 2910 igne
1207 2834 1465 2895 deletum
1512 2835 1587 2896 ab
1633 2835 1897 2895 Antonio
1944 2834 2264 2894 deductum
2310 2837 2424 2893 est..

662 2937 888 2999 Deinde
969 2937 1430 2998 continebantur
1508 2938 1778 2998 coloniae
1840 2943 1976 3015 post
2030 2937 2280 3015 Augusti
2344 2940 2580 3012 tempus
2634 2934 2739 2994 de-

487 3043 703 3103 ductae
720 3059 735 3100 ε
1200 3042 1530 3101 Bovianum
2027 3041 2285 3101 Luceria

1203 3143 1474 3204 Teanum
1520 3143 1862 3205 Sidicinum.

662 3248 885 3307 Errore
930 3247 987 3305 in
1039 3245 1294 3305 indicem
1344 3250 1624 3323 receptae
1669 3248 1838 3306 sunt:

900 3348 1208 3407 Placentia
1621 3348 1904 3424 Aquileja
1949 3346 2082 3419 (col.
2113 3347 2234 3415 lat.)

661 3450 930 3511 Omissae
977 3454 1119 3510 sunt
1163 3449 1464 3511 coloniae:
1510 3451 1773 3510 Firmum
2047 3464 2052 3469 ’

896 3552 1159 3613 Nuceria
1620 3552 1957 3611 Abellinum
1981 3547 2030 3622 2)

899 3655 1107 3715 Abella
1618 3654 1924 3714 Florentia
1945 3649 1995 3727 2)

901 3758 1123 3818 Cumae
1623 3751 1924 3831 [Castrum
1973 3772 2190 3814 novum
2238 3751 2464 3821 Piceni]

668 3863 758 3921 De
806 3862 1019 3921 ceteris
1064 3859 1322 3936 Augusti
1372 3877 1488 3919 non
1536 3863 1644 3936 est,
1688 3857 1790 3917 sed
1828 3857 2026 3919 Sullae
2072 3855 2330 3916 colonia:
2376 3850 2693 3923 Hadria2).

498 3979 701 3987 ..ηρ-..-

670 4028 709 4090 1)
742 4024 847 4078 Hic
894 4022 1033 4077 liber
1067 4038 1199 4075 num
1237 4022 1382 4076 idem
1422 4021 1497 4075 sit
1532 4028 1702 4091 atque
1749 4019 2077 4074 breviarium
2114 4016 2332 4087 imperii
2367 4016 2438 4071 ab
2475 4012 2747 4083 Augusto

496 4111 722 4177 editum,
761 4108 1002 4164 discerni
1039 4107 1248 4177 nequit.
1321 4105 1393 4161 cf.
1429 4106 1720 4162 Detlefsen
1759 4106 1792 4160 l.
1830 4106 1864 4158 l.

666 4198 713 4261 2)
748 4193 1000 4263 Pompeii
1037 4192 1245 4247 Hadria
1281 4188 1608 4247 Abellinum
1646 4191 1931 4246 Florentia
1965 4191 2268 4244 Praeneste
2312 4202 2398 4242 me
2434 4184 2615 4240 iudice
2652 4200 2745 4239 co-

497 4280 678 4335 loniae
714 4278 899 4334 Sullae
935 4278 1178 4332 fuerunt.
