3166 4871
2451 315 2576 380 253

336 479 637 558 Sophocli,
697 482 977 544 Pindaro.
1077 482 1196 544 Sed
1252 502 1326 544 ex
1372 484 1505 562 ejus
1549 485 1833 562 operibus
1877 487 2024 546 satis
2071 487 2337 564 intellegi
2380 492 2579 567 potest

335 581 394 642 in
441 583 702 644 Homero
748 589 808 645 et
851 583 1147 663 Sophocle
1193 589 1436 647 multum
1482 606 1616 647 eum
1663 588 1988 649 collocasse
2033 588 2323 665 studium,
2368 590 2576 651 Archi-

337 684 494 745 lochi
536 689 734 746 autem
780 694 840 748 et
885 686 1130 748 Pindari
1178 689 1446 749 carmina
1490 689 1590 748 vix
1636 691 1893 750 novisse.

507 839 595 899 Ac
656 841 911 917 primum
990 840 1230 918 quidem
1300 861 1476 919 quam
1554 842 1876 919 diligenter
1949 843 2157 917 legerit
2229 849 2576 922 quantoque

337 959 537 1001 amore
582 944 932 1021 complexus
977 944 1056 1003 sit
1089 944 1426 1013 Homerum,
1472 962 1545 1003 ex
1591 944 1865 1005 omnibus
1910 945 2043 1022 ejus
2089 944 2254 1005 libris
2298 945 2577 1007 facillime

335 1050 534 1121 potest
589 1045 869 1121 intellegi.
975 1046 1332 1122 Saepissime
1391 1046 1543 1106 enim
1605 1063 1737 1105 eum
1800 1048 2066 1107 nominat
2129 1051 2188 1107 et
2232 1048 2437 1109 Iliadis
2482 1050 2575 1110 vel

337 1143 644 1222 Odysseae
703 1166 918 1208 versus
979 1148 1076 1206 vel
1123 1147 1390 1208 Graecos
1457 1149 1550 1209 vel
1612 1148 1672 1208 in
1724 1148 2001 1209 Lat-inum
2058 1168 2094 1208 a
2153 1168 2216 1209 se
2262 1151 2394 1229 ipso
2440 1171 2579 1213 con-

337 1267 545 1309 versos
608 1249 870 1327 profert3
944 1251 1217 1328 exempla
1275 1269 1309 1308 e
1370 1252 1702 1311 veterrimis
1759 1251 2129 1329 temporibus
2189 1254 2378 1329 petita
2431 1255 2482 1314 si
2525 1258 2578 1314 ei

337 1370 488 1428 opus
562 1357 729 1430 sunt,
813 1370 1101 1430 persae-pc
1171 1354 1409 1414 Homeri
1496 1354 1712 1414 heroes
1789 1360 2225 1420 commemorat.
2361 1358 2577 1434 Neque

339 1455 664 1516 mirumhoc
730 1458 848 1530 est3
925 1474 1059 1514 nam
1123 1473 1256 1515 eum
1316 1456 1483 1534 apud
1547 1462 1782 1517 veteres
1845 1457 2209 1533 singularem
2276 1459 2577 1536 quendam

335 1558 706 1617 auctoritatis
780 1559 976 1618 locum
1050 1557 1374 1618 obtinuisse
1442 1563 1626 1637 atque
1701 1560 1878 1620 etiam
1939 1561 2222 1621 Romanis
2276 1580 2394 1621 non
2458 1567 2579 1622 tam

338 1659 733 1728 Graecorum,
797 1678 973 1736 qnam
1021 1660 1277 1720 omnium
1324 1662 1590 1738 gentium
1638 1670 1870 1738 poetam
1918 1662 2107 1722 visum
2153 1680 2285 1723 esse
2329 1670 2581 1742 constat,

338 1780 695 1840 quamquam
741 1766 965 1839 postea,
1012 1781 1146 1822 cum
1182 1763 1477 1839 Vergilius
1523 1764 1863 1841 exstitisset,
1907 1768 2096 1840 erant,
2140 1766 2241 1841 qni
2284 1764 2443 1825 hunc
2474 1771 2582 1827 aut

338 1883 540 1942 parem
600 1866 858 1925 Homero
917 1871 1023 1924 aut
1081 1867 1253 1925 etiam
1317 1867 1600 1944 majorem
1658 1884 1787 1925 esse
1848 1865 2233 1926 affirmarent.
2344 1867 2582 1943 Ingenti

337 1973 535 2026 autem
580 1968 680 2026 illa
727 1967 964 2027 Homeri
1020 1966 1410 2028 admiratione
1457 1967 1678 2026 factum
1727 1972 1831 2037 est,
1892 1971 1958 2027 nt
1999 1967 2151 2045 Top.
2200 1972 2278 2028 55
2327 1969 2583 2030 affirmet

338 2068 506 2129 illum
565 2072 814 2148 propter
870 2069 1279 2129 excellentiam
1339 2086 1650 2128 commune
1711 2076 2018 2145 poetarum
2085 2088 2298 2130 nomen
2342 2070 2581 2132 efficere

339 2170 501 2249 apud
533 2172 796 2233 Graecos
818 2189 1006 2231 suum.
1048 2169 1204 2244 Quid
1234 2175 1428 2231 autem
1462 2172 1591 2249 ipse
1622 2170 1697 2231 de
1729 2172 1843 2231 hoc
1872 2173 2141 2244 senserit,
2173 2171 2230 2231 d.
2260 2173 2377 2233 div.
2410 2177 2466 2244 2,
2498 2176 2576 2235 97

341 2275 424 2334 ita
469 2276 528 2335 in
575 2273 831 2334 medium
866 2274 1140 2351 protulit:
1191 2276 1308 2347 „At
1346 2280 1508 2334 certe
1539 2267 1746 2334 similis
1776 2292 1949 2335 nemo
1986 2274 2283 2335 Homeri⁴‘.
2358 2273 2580 2336 Omitto

340 2377 501 2438 locos
559 2377 650 2437 bis
695 2377 820 2455 jam
881 2375 1116 2446 allatos,
1188 2377 1292 2437 ubi
1351 2376 1506 2437 inter
1576 2376 1945 2455 singulorum
2021 2378 2218 2455 poesis
2291 2396 2578 2455 generum

342 2482 643 2559 principes
674 2481 834 2560 hunc
879 2481 1070 2558 primo
1116 2481 1248 2541 loco
1280 2481 1561 2541 nominat.
1632 2481 1902 2542 Dubitari
1934 2500 2052 2541 non
2093 2485 2308 2559 potest,
2351 2482 2586 2559 opinor,

341 2586 483 2661 quin
543 2587 723 2661 poeta
781 2584 1041 2644 omnium
1102 2601 1364 2644 summus
1425 2584 1603 2644 etiam
1680 2602 1716 2642 a
1791 2583 2078 2644 Cicerone
2147 2584 2439 2644 Homerus
2508 2584 2583 2644 sit

341 2688 727 2748 existimatus.
814 2687 1040 2746 Tamen
1087 2686 1187 2746 vix
1227 2687 1618 2747 inveniuntur
1661 2687 1790 2762 loci,
1834 2686 1935 2746 ubi
1968 2687 2320 2763 accuratius,
2365 2685 2583 2763 quibus

344 2789 594 2849 maxime
654 2789 713 2848 in
779 2788 958 2848 rebus
1019 2789 1364 2865 magnitudo
1424 2794 1485 2848 et
1545 2787 1929 2865 pulchritudo
1985 2787 2140 2847 illius
2200 2788 2312 2848 sibi
2353 2788 2585 2863 positae

343 2909 473 2950 esse
501 2890 835 2959 videantur,
881 2894 1159 2966 exponat.
1246 2889 1486 2950 Minime
1534 2888 1691 2948 enim
1728 2886 1946 2964 judicii
1993 2887 2068 2948 de
2112 2893 2293 2965 poeta
2324 2890 2583 2950 Homero

344 2992 476 3051 vice
507 2989 676 3067 fungi
720 2994 992 3067 possunt,
1034 3009 1189 3065 quae
1218 3009 1377 3049 anno
1410 3009 1461 3049 a.
1494 2989 1630 3049 Chr.
1665 3008 1719 3047 n.
1752 2988 1928 3047 XLV.
1959 2985 2062 3059 (ad
2092 2988 2228 3048 fam.
2264 2994 2359 3065 13,
2393 2994 2488 3067 15,
2519 2987 2584 3060 2)

343 3093 504 3153 Julio
550 3091 788 3152 Caesari
834 3090 1070 3151 scribit:
1140 3092 1384 3166 „ltaque
1414 3091 1489 3150 ab
1521 3090 1768 3150 Homeri
1799 3090 2308 3167 magniloquentia
2338 3093 2584 3152 consero

346 3214 437 3254 me
483 3194 557 3254 ad
604 3212 747 3254 vera
778 3198 1100 3272 praecepta
1137 3177 1565 3272 Εὗριπίδου“,
1615 3211 1751 3252 nam
1783 3210 1858 3252 ex
1889 3194 2319 3254 sententiarum
2351 3212 2584 3254 conexu

343 3300 723 3376 perspicuum
779 3303 870 3356 est
930 3316 1047 3357 non
1110 3303 1229 3356 tam
1274 3295 1350 3355 ad
1394 3299 1581 3355 artem
1630 3295 1960 3373 poeticam,
2021 3313 2200 3372 qnam
2245 3297 2323 3356 ad
2356 3296 2586 3375 justam

343 3401 560 3478 agendi
605 3401 894 3460 rationem
943 3400 1091 3459 haec
1139 3398 1320 3459 verba
1363 3416 1492 3458 esse
1538 3397 1873 3457 referenda.
1966 3398 2094 3458 Hoc
2137 3398 2291 3458 enim
2325 3399 2423 3457 illo
2453 3398 2584 3459 loco

346 3503 555 3563 Cicero
616 3503 767 3580 agit,
827 3508 891 3562 ut
949 3502 1161 3562 doceat
1219 3520 1283 3561 se
1343 3501 1419 3560 ad
1467 3501 1740 3562 Caesaris
1796 3505 1998 3577 partes
2051 3500 2586 3578 transgredientem

347 3605 492 3664 nihil
539 3614 749 3665 contra
793 3605 1027 3665 virtutis
1070 3606 1232 3681 leges
1264 3603 1495 3664 facere:
1542 3601 1802 3663 affirmat
1829 3603 2011 3680 igitur
2042 3603 2587 3682 magniloquentius

347 3707 640 3767 Achillem
689 3706 847 3783 apud
897 3708 1216 3767 Homerum
1263 3704 1353 3778 (11.
1399 3711 1496 3779 22,
1544 3708 1667 3767 304
1714 3711 1773 3766 et
1819 3703 1968 3779 305)
2013 3711 2252 3783 optare:

553 3866 662 3956 Μὴ
704 3863 835 3955 μὰν
880 3860 1203 3935 ἀσπουδεὶ
1247 3893 1319 3953 γε
1364 3870 1478 3935 καὶ
1524 3860 1805 3947 ἀκλειῶς
1850 3859 2255 3956 ἀπολοίμην,

555 3965 749 4040 ,Ἀλλὰ
787 3974 950 4058 μέγα
997 3968 1186 4058 ῥέξας
1229 3996 1295 4037 τι
1337 3973 1448 4037 καὶ
1495 3971 1909 4057 ἐσσομένοισι
1952 3972 2315 4037 πυθέσθαι.

353 4171 519 4230 Unus
593 4187 736 4228 vero
815 4170 1008 4227 exstat
1088 4166 1287 4242 locus,
1359 4186 1480 4244 quo
1539 4165 1867 4226 rectissime
1932 4171 2114 4242 atque
2173 4164 2395 4241 optime
2454 4183 2589 4225 eum

349 4271 578 4349 laudat,
629 4271 792 4347 quod
845 4272 926 4330 ita
976 4269 1274 4329 describat
1322 4270 1541 4340 omnia,
1597 4274 1661 4328 ut
1713 4269 1884 4344 quasi
1935 4268 2126 4327 oculis
2176 4267 2321 4343 ipsis
2373 4266 2588 4343 subjici

2126 4382 2181 4430 Π
