3166 4871
1057 273 1142 327 De
1177 270 1383 324 nomin.
1418 269 1476 322 in
1511 284 1677 332 -αιος,
1745 265 1778 334 ξ
1814 268 1895 319 82.
2480 262 2592 323 25¹

354 441 607 534 ἄρχων,
676 473 831 532 quae
876 451 1174 514 Eustathii
1230 448 1312 525 (p.
1361 442 1550 525 1453,
1600 443 1702 517 11)
1769 442 2089 521 explicatio
2151 442 2273 500 est:
2337 438 2446 498 sed
2510 437 2603 497 his

352 558 812 619 auctoritatibus
874 574 1021 616 eave
1088 557 1149 614 te
1213 551 1414 612 induci
1484 546 1748 627 patiaris.
1851 546 2019 607 Bidei
2090 547 2243 605 teste
2304 544 2604 605 Pausania

354 661 531 721 ludos
575 660 937 738 epheborum
983 659 1229 718 curant:
1289 653 1536 732 ephebis
1594 653 1749 712 inter
1794 649 1970 711 ludos
2014 648 2267 708 maxime
2311 645 2599 724 praefecti

353 767 523 824 sunt:
569 762 848 823 ludorum
894 764 957 821 et
999 760 1369 837 epheborum
1416 758 1556 816 sunt
1598 757 1781 814 testes
1813 756 1874 813 et
1905 751 2177 830 Judiees:
2222 753 2362 811 sunt
2406 743 2601 828 ἰ’όυοι,
2650 835 2653 839 .

351 871 415 926 et
456 868 737 943 quoniam
783 865 1032 925 verbum
1081 856 1239 921 εἴδω
1285 861 1583 939 digamma
1628 858 1835 933 habet,
1879 855 2163 917 dicuntur
2206 848 2459 926 Ηδυοι,
2503 842 2598 926 βί-

351 961 567 1028 ὀυοι“.
654 966 902 1029 Boeokh
947 965 1024 1028 01
1066 964 1114 1044 1,
1156 984 1214 1043 p.
1260 960 1402 1022 609.
1490 962 1674 1023 Cuius
1731 960 2028 1021 sententia
2078 962 2328 1038 accepta
2386 964 2479 1020 est
2521 959 2599 1020 ab

349 1072 620 1131 Ahrente
664 1071 810 1130 Dor.
856 1088 914 1146 p.
946 1065 1022 1125 47
1071 1072 1132 1128 et
1177 1067 1382 1129 Curtio
1427 1067 1522 1125 Et.
1566 1083 1624 1125 n.
1668 1059 1793 1121 282
1838 1067 1899 1124 et
1941 1082 1998 1141 p.
2045 1058 2188 1139 552,
2231 1062 2335 1139 qui
2381 1066 2441 1122 et
2480 1063 2597 1140 ipsi

343 1167 571 1247 βίδυοι
617 1173 714 1232 vel
757 1166 971 1245 βίδεοι
1012 1190 1122 1248 pro
1166 1169 1429 1248 genuina
1472 1167 1664 1228 forma
1706 1166 1946 1226 habent.
2034 1167 2112 1226 Et
2156 1168 2389 1244 pugnat
2431 1159 2598 1238 βιόι-

290 1306 296 1309 -
348 1281 488 1334 αῑοι
547 1294 682 1335 eum
741 1275 902 1335 omni
962 1274 1138 1334 huius
1201 1273 1518 1332 verborum
1581 1271 1820 1347 generis
1879 1268 2178 1346 analogia.
2266 1267 2458 1342 Quam
2518 1268 2595 1329 ob

343 1398 474 1439 rem
522 1379 677 1438 haue
720 1377 972 1437 formam
1017 1397 1054 1437 a
1096 1376 1293 1436 scriba
1351 1375 1553 1452 aliquo
1609 1375 1669 1439 in
1714 1374 2048 1433 Pausaniae
2093 1375 2323 1433 textum
2367 1370 2592 1433 illatam

387 1481 706 1541 utabimus.

343 1501 386 1560 p
518 1587 1430 1679 κρουνοχυτρολήραιος.
1479 1601 1583 1659 Ar.
1602 1597 1712 1676 Eq.
1734 1594 1814 1656 89
1837 1585 2592 1676 κρουνοχυτρολήραιον

340 1760 423 1844 εἷ,
469 1773 555 1831 sie
601 1770 791 1848 codd„
832 1772 893 1830 in
927 1789 1047 1830 uno
1075 1771 1233 1830 Flor.
1268 1768 1354 1830 Γ.
1400 1710 1688 1849 bivang.
1781 1770 1932 1840 „Ein
1980 1747 2134 1846 ganz
2180 1770 2593 1847 unmogliehes

339 1878 514 1934 wort.
602 1875 740 1933 Man
787 1873 1016 1934 erklart
1060 1892 1153 1934 es:
1203 1866 1926 1951 'Wasserkrugphilister,
1988 1874 2085 1934 ein
2132 1875 2407 1951 mensch,
2467 1873 2593 1951 der,

337 1977 476 2036 weil
521 1996 589 2036 er
632 1996 748 2036 nur
777 1995 998 2038 wasser
1037 1975 1246 2054 trinkt‚
1279 1976 1456 2055 Jeder
1487 1976 1753 2036 hoheren
1784 1977 2210 2056 begeisterung
2242 1984 2589 2054 unzugang·

201 2081 216 2089 ’
336 2079 460 2139 lioh
505 2080 620 2140 ist“
676 2059 870 2139 Koek.
918 2082 1084 2150 „Das
1129 2084 1281 2140 wort
1322 2067 2075 2158 κρουνοχυτρολήραιον
2121 2080 2290 2140 leitet
2348 2099 2485 2140 man
2530 2100 2588 2139 v.

336 2172 633 2262 κρουνός
677 2182 983 2260 brunnen,
1038 2171 1254 2262 χύτρα
1298 2182 1437 2260 topf
1475 2182 1598 2242 und
1642 2178 1842 2261 λῆρος
1885 2182 2226 2259 gesehwatz
2273 2182 2374 2262 ab,
2432 2182 2588 2243 doeh

335 2286 420 2346 ist
462 2285 636 2345 dabei
690 2286 787 2347 die
830 2286 1076 2363 endung
1120 2301 1311 2344 -atov
1354 2285 1749 2345 wanderbar“
1795 2285 1968 2346 Ribb.
2038 2284 2589 2357 „Wasserkrukew

337 2388 700 2459 hasenfuss“
749 2391 967 2468 Droys.
1053 2377 1832 2469 Κρουνοχυτρολήραιον.
1882 2374 2053 2449 Αντὶ
2090 2383 2236 2449 τοῦ.
2283 2378 2588 2469 φλύαρος

335 2480 413 2550 εἷ.
442 2481 735 2571 κρουνὸς
758 2482 883 2571 γὰρ
905 2482 985 2552 τὰ
1005 2482 1221 2572 χύδην
1249 2487 1362 2550 καὶ
1394 2477 1688 2571 ἀκρίτως
1708 2487 1819 2551 καὶ
1851 2476 2126 2571 ἀθρόως
2147 2483 2321 2572 ῥέον.
2374 2490 2588 2572 λῆρον

334 2589 408 2653 δὲ
468 2584 549 2653 τὸ
606 2584 908 2672 μάταιον.
969 2589 1347 2675 συνέθηκεν
1401 2574 1527 2654 οὖν
1583 2580 1720 2654 ἀπὸ
1771 2587 1918 2655 τοῦ
1955 2593 2257 2673 κρουνοῦ
2300 2590 2415 2655 καὶ
2457 2593 2587 2655 τοῦ

329 2696 570 2776 ληρεῖν
630 2692 743 2757 καὶ
803 2695 922 2776 τῆς
976 2688 1250 2778 χύτρας,
1315 2684 1738 2778 α’ναισθήτου
1799 2684 2031 2780 οὔσης,
2098 2692 2210 2758 ἳνα
2271 2688 2351 2758 τό
2416 2683 2587 2759 ὅλον

331 2789 607 2879 δηλώσῃ
637 2790 762 2860 τὸν
791 2786 1209 2881 ἀναίσθητον
1236 2795 1351 2860 καὶ
1382 2785 1678 2882 ἀνόητον
1708 2796 1821 2861 καὶ
1849 2791 2358 2882 περιττολόγον.
2391 2805 2586 2865 Schol.

331 2905 556 2963 Forma
604 2905 845 2982 quidem
875 2907 1043 2965 vocis
1088 2906 1389 2966 abnormis
1419 2910 1525 2984 est,
1570 2923 1751 2983 quum
1792 2907 2120 2983 composita
2163 2907 2222 2966 in
2255 2923 2401 2976 αιος
2430 2907 2585 2967 desi·

333 3025 487 3066 nere
533 3027 654 3067 non
698 3009 933 3069 soleant
975 3009 1084 3068 nisi
1135 3027 1389 3086 quorum
1443 3028 1583 3085 pars
1627 3010 1923 3087 posterior
1968 3009 2240 3070 derivata
2280 3011 2359 3071 sit
2400 3015 2505 3070 aut
2547 3031 2585 3071 a

337 3110 580 3169 nomine
625 3111 786 3186 quod
830 3112 1023 3188 ipsum
1059 3113 1188 3189 jam
1250 3112 1309 3171 in
1357 3127 1465 3170 αιο
1510 3112 1609 3172 vel
1664 3128 1781 3170 αια
1841 3112 2077 3173 desinat
2135 3116 2240 3173 aut
2297 3132 2335 3172 a
2394 3115 2583 3176 verbo

333 3213 633 3289 barytono
680 3218 785 3274 aut
829 3214 1056 3291 primae
1102 3214 1565 3292 conjugationis.
1651 3215 1963 3276 Sententia
2003 3219 2202 3276 autem
2258 3220 2351 3277 est
2400 3219 2581 3295 aptis-

325 3316 512 3375 sima:
572 3314 784 3376 Niciae
844 3314 1139 3377 dubitanti
1199 3336 1339 3378 num
1402 3318 1538 3395 quis
1599 3318 1801 3379 ebrius
1860 3319 2020 3381 bona
2064 3309 2316 3381 consilia
2360 3338 2582 3398 capere

327 3417 524 3494 possit
581 3414 755 3491 (πῶς
808 3404 868 3478 d'
922 3405 1007 3477 ἂν
1058 3408 1338 3496 μεθύων
1387 3409 1685 3501 χρηστόν
1741 3438 1805 3480 τι
1871 3406 2293 3494 βουλεύσαιτ’
2346 3407 2516 3503 ἀνήρ
2532 3421 2581 3496 ;)

329 3519 767 3581 Demosthenes
809 3523 1168 3599 respondet:
1211 3527 1276 3583 tu
1322 3524 1558 3601 quidem
1608 3525 1856 3601 nugaris
1899 3524 2126 3585 etiamsi
2173 3543 2389 3586 urceos
2420 3546 2579 3605 aqua

327 3624 665 3700 completos
708 3625 999 3685 hauseris
1072 3625 1263 3700 Quam
1310 3627 1386 3687 ob
1430 3646 1554 3687 rem
1600 3627 1751 3687 nihil
1780 3628 2146 3689 mutandum.
2219 3629 2577 3707 Analogiam
2696 3644 2718 3654 ‘

326 3727 654 3787 multorum
714 3745 871 3804 quae
931 3747 964 3789 e
1017 3729 1219 3790 verbis
1281 3730 1587 3806 barytonis
1648 3734 1708 3792 et
1764 3732 1963 3791 verbis
2018 3732 2080 3791 in
2126 3748 2229 3791 αω
2272 3733 2580 3795 fluxerunt

328 3821 638 3889 nominutn
682 3830 742 3889 in
791 3847 936 3901 αιος
976 3835 1158 3909 poeta
1200 3837 1446 3894 secutus
1490 3851 1625 3893 esse
1669 3812 1924 3894 'videtum

496 3946 800 4020 Λυαῖος
853 3970 889 4010 a
932 3940 1074 4009 λύω
1120 3953 1468 4033 repetitum,
1523 3957 1586 4013 et
1630 3956 1930 4015 Bacchum
1988 3957 2073 4015 sio
2117 3959 2396 4017 vocatum
2443 3975 2575 4017 esse

324 4051 454 4111 sere
499 4053 884 4113 consentiunt
927 4054 1040 4114 viri
1072 4054 1250 4132 docti,
1293 4055 1456 4132 quod
1487 4074 1663 4117 curas
1694 4058 1973 4137 solveret,
2015 4062 2085 4119 ut
2115 4059 2294 4119 etiam
2324 4049 2576 4130 Λύσιος

325 4159 386 4213 et
407 4140 819 4231 Ἐλευθέριος
841 4157 1189 4218 vocabatur.
1239 4158 1588 4237 Eademque
1611 4161 1786 4220 etiam
1812 4166 2081 4222 veterum
2107 4162 2402 4223 sententia
2426 4166 2573 4221 erat.

327 4258 440 4316 EM
495 4254 641 4335 193,
693 4255 799 4315 17:
847 4247 1016 4333 λύω,
1063 4249 1333 4336 Λύαιος,
1379 4247 1596 4340 ὄνομα
1638 4253 1895 4341 κύριον.
1987 4263 2130 4343 571,
2183 4261 2254 4321 17
2300 4261 2574 4338 Λυαῖος,
