3166 4871
555 311 567 323 ⁸
596 287 636 313 ,
1033 250 1117 306 De
1152 250 1354 305 nomin.
1389 252 1448 305 i'n
1484 269 1651 316 -.αιος
1719 249 1869 321 §Ga
2463 258 2580 317 161

343 423 418 489 ἐκ
447 418 748 509 σησάμης
776 422 1357 509 κατεσκευασμένη
1387 426 1577 506 μᾶζα.
1650 431 1938 508 Hesych.:
1971 419 2264 509 σησάμη·
2296 425 2587 509 σησαμίς,

343 526 456 590 καὶ
511 519 823 601 πλακοῦς
879 524 956 589 ἐκ
1010 520 1321 611 σησάμης.
1417 516 1706 609 Hippocr.
1767 550 1836 590 π.
1892 528 2035 589 τῶν
2093 522 2285 602 ἔντος
2337 529 2587 591 παθων

346 654 394 694 6.
424 630 523 713 42,
567 653 627 712 p.
658 631 803 712 555,
834 630 905 693 7.
949 623 1279 711 φαγόντες
1320 631 1754 705 πλακοῦντος
1798 628 1911 693 καὶ
1957 623 2249 714 σησάμης
2290 628 2403 693 καὶ
2446 650 2587 692 των

346 724 571 795 ἄλλων
599 729 1162 814 μελιττωθέντων
1194 719 1565 816 απλήστως.
1645 735 1820 810 Quod
1851 736 2102 797 Foesius
2132 739 2589 815 interpretatur:

349 857 422 899 ex
466 838 831 915 inexplebili¹
861 839 1272 915 placentarum
1319 856 1396 898 ex
1440 856 1670 898 sesamo
1716 839 2090 916 aliorumque
2138 857 2215 898 ex
2243 839 2419 899 melle
2461 839 2586 898 dul-

350 942 669 1001 ciariorum
715 958 838 1001 esu.
925 941 1149 1002 Littre:
1195 942 1422 1018 l’usage
1467 941 1790 1002 immodere
1836 942 1910 1002 de
1953 944 2210 1017 gateaux
2254 961 2330 1002 au
2360 943 2589 1002 sesame

354 1047 414 1103 et
457 1042 534 1102 de
579 1042 897 1102 friandises
939 1061 1018 1102 au
1064 1044 1216 1102 miei.
1302 1044 1575 1119 Uterque
1619 1044 1801 1119 igitur
1845 1062 1916 1104 ea
1960 1044 2147 1105 verba
2191 1043 2365 1121 facit,
2420 1045 2589 1121 quasi

349 1146 632 1206 traditum
678 1149 834 1204 esset
875 1141 1306 1214 πλακοῦντος
1350 1136 1424 1203 ἐκ
1471 1133 1765 1224 σησάμης
1794 1146 1890 1205 vel
1934 1145 2084 1205 nihil
2127 1146 2239 1207 nisi
2286 1143 2619 1224 σησαμῆς.,

354 1250 638 1308 Fortasse
698 1247 1019 1325 legendum
1076 1243 1512 1315 πλακοῦντας
1571 1241 1684 1306 καὶ
1747 1235 2039 1328 σησάμης
2094 1243 2208 1306 καὶ
2268 1246 2434 1320 κτλ,
2479 1249 2514 1307 i.
2545 1267 2594 1307 e.

354 1351 662 1428 placentas
720 1368 754 1409 6
808 1366 1039 1409 sesamo
1094 1350 1301 1409 aliisve
1346 1350 1528 1410 rebus
1576 1350 1750 1410 melle
1797 1350 2051 1409 conditis
2080 1348 2157 1424 (e.
2189 1369 2237 1409 c.
2265 1348 2627 1428 papavere)’

355 1454 560 1513 factas.
647 1453 856 1529 Itaque
904 1458 1265 1531 σησαμαῖος
1324 1471 1441 1511 non
1503 1471 1540 1512 a
1587 1441 1889 1529 σήσαμον
1932 1454 2249 1529 repetitum
2291 1442 2428 1529 est,
2487 1453 2593 1512 sed

354 1574 390 1616 a
419 1544 704 1633 σησάμη,
746 1555 845 1613 vel
875 1552 920 1626 si
957 1550 1232 1633 σησαμῆ,
1277 1555 1436 1613 sicut
1465 1574 1500 1612 a
1525 1548 1862 1634 σησαμοῦς
1906 1554 2241 1614 derivatum
2275 1559 2366 1615 est
2398 1567 2595 1634 σησα-

353 1654 640 1735 μοῦντια
667 1645 944 1715 πόπανα
989 1655 1152 1732 apud
1194 1656 1381 1716 schol.
1425 1657 1527 1715 Ar.
1572 1657 1710 1717 Pac.
1758 1652 1898 1715 869.

522 1763 962 1836 σμυρναῖος
1005 1758 1141 1817 Arr.
1183 1757 1366 1817 Anth.

524 1854 894 1939 σπειραία
953 1859 1185 1938 Thphr.
1242 1861 1482 1937 plantae
1543 1879 1787 1939 nomen,
1847 1861 2009 1938 quod
2065 1881 2102 1920 a
2162 1856 2399 1940 σπεῖρα
2445 1863 2597 1922 deri-

355 1970 558 2024 vatum
620 1980 751 2024 esse
810 1963 1120 2023 consentio
1182 1980 1314 2023 cum
1360 1963 1508 2024 Lob.
1551 1965 1740 2040 paral.
1783 1983 1842 2041 p.
1873 1958 2015 2040 318,
2074 1964 2518 2024 denominatum
2565 1983 2598 2023 a

360 2066 599 2144 frugum
644 2065 840 2127 forms
884 2070 1173 2127 contorta.

526 2162 973 2239 σπουδαῖος
1015 2167 1157 2227 inde
1202 2167 1278 2227 ab
1324 2168 1466 2227 Hdt,
1504 2167 1677 2227 Pind.
1722 2168 1902 2245 Soph.
1947 2167 2209 2229 Difficile
2254 2173 2344 2229 est
2388 2167 2600 2245 dijudi-

359 2289 514 2349 care,
558 2274 759 2330 utrum
804 2290 844 2331 s
887 2259 1158 2329 σπεύδω
1201 2288 1276 2329 sn
1326 2290 1361 2330 a
1394 2259 1657 2348 σπουδή
1690 2289 1766 2329 an
1796 2288 1833 2328 a
1864 2260 2224 2345 σπουδάζω
2257 2270 2603 2348 descendat,

360 2382 426 2433 ut
478 2390 638 2451 qnae
690 2372 1130 2451 significatione
1190 2372 1334 2432 nihil
1392 2389 1586 2451 paene
1643 2372 1938 2432 differant.
2025 2372 2143 2433 Sed
2201 2373 2277 2433 de
2331 2362 2601 2432 σπεύδω

361 2481 610 2555 propter
639 2477 912 2560 vocalem
956 2475 1369 2554 amplificatam
1405 2495 1524 2536 non
1556 2475 1794 2536 videtur
1824 2477 2070 2552 cogitari
2102 2493 2294 2555 posse,
2340 2466 2600 2555 σπουδή

360 2583 559 2639 autem
604 2596 725 2638 non
772 2578 1047 2638 omnibus
1093 2578 1345 2638 derivati
1392 2571 1762 2648 σπουδαῖος
1794 2577 2326 2655 significationibus
2357 2598 2603 2656 respou-

362 2682 478 2742 det.
575 2681 728 2740 Nam
789 2674 1159 2750 σπουδαῖος
1215 2698 1336 2740 non
1393 2680 1588 2740 solum
1646 2680 1953 2757 significat·
1996 2681 2158 2756 quod
2220 2683 2605 2744 contentione

362 2784 610 2863 dignum
655 2786 765 2860 est,
805 2801 930 2843 rem
973 2801 1219 2860 gravem
1266 2790 1328 2844 et
1369 2800 1661 2859 magnam,
1707 2783 1812 2843 sed
1846 2784 2022 2843 etiam
2055 2802 2187 2844 eum
2225 2785 2331 2860 qui
2359 2781 2604 2844 strenue

363 2891 422 2948 et
459 2887 617 2947 serie
662 2885 990 2964 contendit,
1033 2888 1096 2946 et
1136 2885 1432 2962 quidquid
1478 2903 1615 2945 cum
1660 2885 1857 2946 studio
1902 2886 2229 2964 perficitur,
2271 2890 2340 2946 ut
2381 2876 2606 2945 πάντα

365 2979 571 3067 λόγον
614 2981 902 3065 θέμενος
946 2981 1324 3047 σπουδαῖον
1379 2987 1551 3048 Pind.
1598 2987 1773 3066 Pyth.
1817 2985 1886 3065 4,
1930 2984 2080 3046 235:
2134 2989 2338 3064 itaque
2391 3005 2606 3048 nomen

364 3096 424 3151 et
451 3091 690 3167 agentis
720 3095 788 3150 et
809 3091 898 3150 rei
927 3095 1096 3150 actae
1127 3098 1235 3168 est,
1276 3091 1438 3166 quod
1486 3109 1563 3150 ex
1609 3090 1910 3149 abstracto
1957 3080 2220 3168 σπουδή
2265 3092 2365 3148 vix
2412 3090 2608 3168 potuit

365 3193 642 3254 derivari.
726 3191 844 3254 Sed
890 3181 1254 3266 σπουδάζω
1300 3211 1419 3252 nen
1465 3191 1635 3269 prius
1664 3193 1983 3270 reperitur,
2027 3210 2204 3269 quam
2236 3192 2396 3268 apud
2427 3192 2609 3270 Soph,

366 3295 508 3355 Eur.
551 3294 654 3355 Ar.
700 3299 762 3355 et
804 3297 1112 3373 prosaicos
1154 3296 1372 3354 atticos
1414 3293 1774 3371 Thucydide
1817 3296 2202 3371 posteriores.

536 3396 910 3475 σχολαῖος
963 3397 1190 3475 lentus,
1250 3396 1488 3474 tardus,
1533 3397 1764 3475 segnis,
1806 3396 1949 3457 inde
1994 3396 2069 3456 ab
2113 3396 2254 3457 Hdt.
2300 3401 2361 3457 et
2402 3396 2610 3474 Thuc„

368 3499 674 3560 luculento
719 3504 812 3560 est
850 3500 1143 3577 exemplo,
1186 3517 1307 3575 qus
1335 3498 1804 3577 propinquitate,
1847 3502 1914 3558 ut
1943 3500 2042 3559 vix
2066 3483 2333 3560 discerni
2364 3501 2613 3577 possint,

372 3602 524 3662 inter
582 3619 648 3662 se
708 3603 830 3662 sint
887 3602 1208 3679 conjuncta
1251 3600 1547 3661 vocabula
1601 3619 1756 3678 quae
1810 3621 1848 3660 a
1889 3602 2075 3662 subet.
2118 3603 2179 3661 in
2225 3618 2267 3660 α
2311 3602 2614 3681 pullulant

373 3710 432 3764 et
472 3723 544 3764 ea
587 3722 747 3781 quse
791 3704 868 3764 ab
913 3704 1218 3783 adverbiis
1259 3705 1319 3763 in
1367 3721 1408 3762 α
1451 3704 1551 3764 vel
1595 3722 1632 3762 a
1676 3704 1876 3764 verbis
1918 3704 1979 3763 in
2035 3722 2177 3786 am,
2211 3705 2377 3780 αςω,
2425 3714 2611 3762 ασκω

377 3811 484 3866 etc.
516 3805 924 3867 descendunt.
1010 3808 1162 3866 Nam
1209 3803 1522 3884 σχολαῖος
1564 3812 1656 3865 est
1698 3791 1737 3863 ὁ
1769 3803 1975 3883 σχολῇ
2010 3803 2235 3865 ποιῶν
2277 3823 2361 3884 τι,
2406 3802 2614 3884 σχολῇ

376 3915 566 3970 autem
614 3913 676 3969 et
718 3908 960 3968 dativus
1005 3925 1180 3969 casus
1227 3909 1591 3969 substantivi
1634 3925 1767 3968 esse
1810 3913 1872 3968 et
1913 3925 2025 3985 pro
2071 3908 2361 3969 adverbio
2406 3908 2609 3967 haberi

377 4017 596 4088 potest:
640 4011 798 4071 idem
842 4010 1139 4087 significat
1181 3998 1220 4070 ὁ
1266 4000 1631 4088 σχολάζων.
1719 4011 1797 4070 Et
1838 4029 2022 4088 quum
2051 4011 2113 4071 in
2147 4010 2418 4070 omnibus
2450 4010 2614 4068 hisce

380 4112 576 4175 formis
619 4114 766 4174 insit
808 4114 991 4191 stirps
1035 4111 1271 4191 σχολα,
1329 4132 1405 4173 ex
1458 4132 1722 4189 quonam
1779 4111 2090 4191 σχολαῖος
2145 4113 2480 4172 derivatum
2524 4110 2617 4187 sit,

377 4216 476 4275 vix
521 4234 628 4293 pro
675 4221 844 4275 certo
888 4217 1226 4309 quisquam!
1249 4215 1655 4276 affirmaverit.

571 4325 584 4342 ¹
2141 4327 2199 4376 n
