3166 4871
552 318 628 379 16

549 498 732 568 atque
791 508 1100 565 perpauca
1146 490 1430 567 inveniet,
1476 508 1633 567 quae
1678 490 1753 550 ab
1797 490 1912 549 hac
1942 491 2152 565 regula
2181 490 2485 550 recedant.
2573 489 2786 566 Itaque

546 578 689 668 quid
739 592 812 651 de
858 592 950 651 his
997 591 1379 652 indicandum
1425 592 1503 652 sit
1547 611 1706 652 nunc
1750 610 2041 669 quaerere
2086 594 2224 653 mihi
2269 594 2575 670 proposui.

714 697 850 756 Duo
896 695 1158 773 oracula,
1202 697 1259 754 in
1306 696 1522 772 quibus
1567 714 1640 753 ex
1686 699 1862 772 parte
1906 695 2115 756 dorica
2159 695 2449 756 dialectus
2495 697 2787 770 usurpata

544 804 652 875 est,
695 802 937 858 exstant
978 797 1141 876 apud
1186 797 1557 857 Herodotum
1608 798 1688 856 lv
1740 796 1885 856 157:

777 911 844 976 αἱ
887 908 970 975 n*-
1016 910 1171 994 ἐμεῦ
1216 908 1471 996 Λιβύην
1515 907 1953 996 μηλοτρόφον
1997 905 2184 987 οἶδας
2230 904 2525 994 ἄμεινον,

773 1010 859 1100 μὴ
908 1010 1141 1079 ἐλθών
1186 1009 1536 1089 ἐλθόντος,
1583 1004 1753 1098 ἄγαν
1798 1006 2040 1099 ἄγαμαι
2092 1014 2339 1099 σοφίην
2385 1032 2520 1091 σευ,

543 1129 603 1184 et
646 1126 728 1183 lv
780 1120 926 1181 159:

764 1211 835 1287 3-
882 1219 957 1284 δέ
997 1242 1116 1284 κεν
1161 1218 1226 1295 ἐς
1270 1213 1530 1305 Λιβύην
1575 1215 2008 1304 πολυήρατον
2053 1210 2340 1303 ὕστερον
2387 1217 2579 1301 ἔλθῃ,

764 1325 880 1406 γᾶς
920 1312 1430 1415 ἀναδαιομένας,
1473 1317 1639 1414 μετα
1684 1320 1757 1385 οἵ
1792 1317 1975 1386 ποκά
2020 1345 2183 1405 φαμι
2231 1317 2562 1406 μελήσειν.

542 1448 854 1524 copiosius
899 1447 973 1507 de
1021 1448 1113 1507 his
1160 1449 1420 1507 oraculis
1466 1448 1774 1524 disputare
1821 1468 1939 1507 non
1973 1449 2144 1525 libet3
2190 1467 2325 1507 nam
2358 1446 2679 1507 subditicia
2710 1466 2782 1505 ea

542 1570 674 1609 esse
737 1555 797 1609 et
855 1550 1016 1626 apud
1065 1549 1405 1625 Cyrenaeos
1450 1556 1582 1610 orta
1627 1552 1740 1611 iam
1786 1552 1847 1611 O.
1894 1550 2102 1612 Odofr.
2150 1550 2440 1610 Mulier-us
2494 1550 2555 1608 in
2610 1549 2784 1626 libro,

541 1655 643 1730 qui
691 1653 1101 1712 Orchomenos
1148 1652 1491 1711 inscribitur
1539 1643 1624 1731 [p.
1672 1649 1844 1729 338],
1900 1658 1959 1711 ct
2007 1653 2368 1712 Benedictus
2415 1643 2501 1731 [in
2549 1650 2782 1710 dissert.

542 1758 731 1815 Bonn.
774 1752 917 1811 1871
973 1755 1093 1831 „de
1140 1755 1402 1813 oraculis
1446 1754 1609 1830 apud
1645 1754 2013 1813 Herodotum
2049 1745 2566 1814 commemoratis“
2611 1772 2666 1829 p.
2699 1749 2778 1808 33

541 1849 638 1938 sq]
704 1857 1115 1917 ostenderunt.
1214 1858 1340 1933 Ego
1402 1876 1546 1916 vcro
1609 1857 1975 1934 persuadere
2041 1858 2178 1917 mihi
2240 1876 2356 1916 uon
2419 1874 2660 1934 possum
2721 1856 2776 1913 in

542 1961 746 2019 eodem
795 1960 1039 2018 eraculo
1086 1964 1144 2018 et
1190 1960 1386 2019 ionica
1431 1964 1489 2018 et
1535 1959 1744 2018 dorica
1774 1959 2049 2019 dialectis
2078 1961 2413 2036 promiscue
2446 1977 2616 2018 usum
2650 1975 2779 2016 esse

542 2063 942 2137 Herodotum,
986 2062 1090 2121 sed
1140 2066 1460 2139 utrumque
1508 2063 1816 2121 oraculum
1864 2065 2020 2122 omni
2068 2082 2140 2122 ex
2187 2068 2360 2139 parte
2406 2061 2613 2121 dorica
2657 2060 2775 2118 dia-

538 2167 693 2224 lecto
756 2165 892 2224 mihi
955 2166 1194 2223 videtur
1247 2167 1635 2242 compositum
1684 2165 1894 2241 fuisse,
1954 2166 2178 2243 quippe
2224 2164 2386 2242 quod
2431 2162 2778 2224 Herodotus

540 2270 614 2327 ab
674 2269 820 2344 ipsis
864 2268 1212 2343 Cyrenaeis,
1275 2267 1480 2326 dorica
1524 2272 1724 2345 geute,
1782 2270 2127 2345 accepisset.
2215 2268 2406 2326 Favet
2447 2285 2594 2325 sane
2639 2265 2778 2324 huic

539 2371 868 2430 sententiae
914 2390 1033 2429 non
1080 2371 1316 2430 minime
1364 2370 1510 2428 illud
1560 2370 1720 2449 quod
1770 2373 1944 2430 ctiam
1988 2391 2148 2430 nunc
2195 2370 2355 2449 apud
2389 2369 2776 2429 Plutarchum

542 2474 645 2545 {de
692 2474 866 2549 Pyth.
902 2492 991 2531 or.
1023 2469 1100 2530 27
1150 2492 1206 2549 p.
1253 2463 1404 2553 408]
1452 2474 1705 2549 vestigia
1749 2480 1990 2534 exstant
2037 2479 2356 2551 utrumque
2403 2472 2608 2532 dorica
2655 2471 2775 2530 dia-

540 2578 695 2635 lecto
741 2576 1131 2651 compositum
1175 2574 1385 2635 fuisse:
1433 2576 1685 2650 legimus
1729 2577 1885 2636 enim
1927 2578 2087 2653 apud
2121 2578 2281 2636 hunc
2313 2577 2486 2635 etiam
2519 2562 2774 2647 Λιβύαν

538 2698 646 2754 pro
696 2667 952 2756 Λιβύην
998 2683 1056 2736 et
1098 2666 1538 2754 μαλοτρόφον
1585 2697 1694 2754 pro
1738 2670 2188 2758 μηλοτρόφον.
2281 2679 2582 2738 Facillime
2629 2695 2774 2735 vero

539 2781 803 2840 doricam
850 2779 1167 2839 dialectum
1214 2780 1270 2839 in
1319 2783 1572 2855 utroque
1614 2782 1848 2841 restitui
1884 2799 2058 2858 posse
2092 2783 2190 2839 vix
2222 2799 2372 2857 opus
2403 2780 2493 2839 est
2525 2779 2774 2854 addere3

540 2888 599 2943 et
643 2884 744 2959 qui
793 2883 1016 2942 factum
1072 2884 1147 2942 sit
1192 2888 1257 2942 ut
1299 2902 1410 2960 pro
1458 2884 1754 2942 inusitatis
1800 2882 2007 2943 formis
2053 2884 2202 2942 aliae
2249 2884 2305 2943 in
2351 2889 2580 2943 textum
2629 2882 2773 2940 reci-

538 2988 840 3061 perentur,
887 3003 1058 3044 nenio
1105 2990 1197 3044 est
1240 2986 1385 3060 quin
1433 2985 1759 3060 intellegat.
1781 2983 1823 3055 ι)

707 3088 871 3147 Idem
932 3087 1071 3146 mihi
1124 3088 1184 3146 in
1231 3087 1345 3146 hoc
1390 3087 1696 3147 oraculum
1745 3087 1963 3147 cadere
2010 3087 2274 3164 videtur,
2332 3087 2495 3162 quod
2540 3086 2775 3145 duobus

536 3190 649 3248 illis
694 3190 852 3266 apud
902 3190 1273 3249 Herodotum
1318 3188 1621 3249 antecedit
1667 3180 1776 3269 [IV
1831 3179 2005 3269 155J:

621 3276 826 3349 Βάττ’
873 3285 979 3349 ἐπὶ
1028 3280 1270 3368 φωνὴν
1314 3270 1521 3370 ἦλθες
1571 3304 1583 3316 ·
1631 3278 1798 3366 ἄναξ
1844 3284 1920 3348 δέ
1964 3301 2032 3348 σε
2083 3288 2330 3363 Φοῖβος
2359 3275 2703 3350 Ἀπόλλων

623 3385 687 3458 ἐς
732 3384 990 3472 Λιβύην
1031 3394 1275 3470 πέμπει
1322 3382 1762 3473 μηλοτρόφον
1807 3386 2172 3472 οἰκιστῆρα.

712 3611 752 3674 ¹)
788 3605 1005 3662 Dixerit
1040 3605 1278 3661 fortasse
1312 3606 1590 3677 quispiam
1628 3623 1829 3662 versus
1865 3608 2025 3662 initio
2062 3607 2224 3677 epica
2258 3608 2500 3663 dialecto
2535 3607 2774 3677 scriptos

536 3691 737 3759 fuisse,
782 3692 986 3746 deinde
1022 3709 1055 3746 a
1093 3693 1399 3763 Cyrenaeis
1433 3693 1493 3746 in
1530 3692 1776 3746 doricam
1813 3700 2070 3748 mutatos.
2106 3695 2174 3747 cf.
2200 3693 2481 3761 Bergkius
2516 3693 2574 3747 in
2610 3695 2775 3747 litter.

534 3792 616 3842 gr.
651 3776 777 3844 hist.
816 3794 869 3846 p.
908 3782 1035 3831 335:
1079 3819 1131 3838 „.
1159 3818 1172 3831 .
1199 3818 1211 3831 .
1249 3777 1340 3832 die
1389 3778 1623 3847 sprache
1673 3778 1856 3832 dieser
1900 3778 2091 3833 crakel
2143 3779 2248 3847 ist,
2295 3778 2612 3847 alig-eschen
2663 3793 2772 3830 von

534 3862 822 3916 einzelnen
856 3862 1310 3931 abweichungen‚
1352 3862 1442 3917 die
1478 3863 1578 3917 der
1615 3862 1882 3931 epischen
1917 3865 2137 3932 po’e'sie3
2171 3864 2315 3920 doch
2355 3860 2531 3918 findet
2566 3862 2680 3917 sich
2717 3864 2772 3915 in

535 3946 801 4002 manchon
846 3948 1123 4018 spriichen
1171 3948 1271 4002 der
1317 3947 1573 4002 dorische
1623 3948 1861 4016 dialekt3
1908 3948 2211 4017 miiglicher
2247 3949 2415 4003 weisc
2465 3949 2645 4002 haben
2681 3947 2772 4002 die

535 4033 859 4101 cmpfdnger
905 4034 1040 4088 oder
1085 4035 1306 4101 spiitere
1351 4032 1833 4088 berichterstatter
1875 4034 1966 4089 die
2011 4035 2152 4088 form
2196 4034 2588 4102 abgeiin‹lert.“
2661 4032 2772 4087 Sed

536 4117 639 4171 hoc
676 4118 791 4171 veri
828 4118 1006 4173 simile
1044 4135 1154 4172 non
1192 4119 1439 4173 videtur:
1487 4135 1612 4172 nam
1649 4119 1888 4173 carmina
1923 4119 2214 4174 Homerica
2246 4119 2508 4172 omnibus
2545 4118 2773 4173 Graecis

534 4203 819 4257 notissima
863 4210 1022 4257 erant
1068 4204 1145 4257 ita
1192 4211 1255 4257 ut
1300 4221 1444 4272 opus
1489 4220 1602 4256 nou
1649 4213 1800 4257 essct
1837 4204 2049 4272 epicam
2097 4205 2393 4258 dialectum
2433 4205 2491 4257 in
2526 4204 2768 4258 doricam

533 4293 765 4342 mutare.
