3166 4871
547 270 665 332 162

541 448 785 519 pretam,
831 443 1234 521 Apollonium.
1321 445 1581 504 Fabulae
1624 445 1811 516 locus,
1856 465 1977 522 quo
2028 447 2440 523 unusquisque
2469 443 2780 520 Sophoclis

537 544 839 604 familiaris
887 545 1134 621 intelligi
1182 549 1396 623 potest,
1442 566 1562 606 non
1610 547 1689 606 ita
1734 552 1824 607 est
1869 553 2266 625 comparatus,
2314 551 2380 605 ut
2423 546 2563 607 inde
2607 546 2775 624 quid·

537 665 713 724 quam
748 647 901 706 effici
935 647 1138 724 possit.
1223 649 1469 720 Quanta
1498 648 1647 710 fides
1678 650 1999 727 Apollonio
2032 649 2353 710 tribuenda
2381 650 2457 710 sit
2486 651 2774 709 incertum

535 757 642 819 est,
686 752 824 827 quia
855 751 1129 827 quisnam
1162 750 1342 810 fuerit
1373 751 1731 826 Apollonius
1763 752 1919 812 haud
1953 754 2095 812 satis
2127 756 2377 813 constat.
2450 752 2777 812 Scholiasta

537 851 612 912 de
673 852 1001 913 Clidemide
1069 853 1214 912 nihil
1266 860 1635 931 compertum
1688 856 1867 914 habet
1919 852 2149 922 (τοῦτο
2204 846 2273 913 δὲ
2324 843 2566 927 πόθεν,
2632 847 2775 912 σκέ-

537 952 802 1031 ψασθε).
892 955 1059 1029 Quae
1105 974 1238 1016 cum
1300 958 1383 1016 ita
1442 957 1563 1017 sint
1635 958 1909 1034 equidem
1970 957 2230 1017 fueritne
2276 956 2629 1016 Clidemides
2673 957 2773 1017 So-

534 1058 765 1135 phoclis
811 1058 1256 1134 tragoediarum
1302 1068 1470 1119 actor
1515 1079 1634 1121 nou
1683 1061 1878 1120 audeo
1923 1078 2033 1137 pro
2079 1064 2242 1119 certo
2287 1057 2605 1118 affirmare.

703 1160 1051 1238 Tlepolemo
1097 1161 1172 1222 ab
1218 1163 1628 1239 Aristophane
1676 1163 1816 1222 nub.
1850 1167 2012 1224 1266
2061 1166 2384 1222 memorato
2418 1160 2773 1237 Sophoclem

534 1283 653 1325 non
716 1281 888 1323 nsum
948 1282 1079 1325 esse
1135 1264 1421 1325 histrione
1488 1284 1623 1325 mox
1683 1266 2013 1342 apparebit.
2068 1295 2155 1303 —-
2213 1264 2280 1324 In
2336 1269 2475 1323 nub.
2521 1283 2575 1323 v.
2610 1247 2771 1324 1259

533 1367 825 1443 Amyuias
860 1367 1108 1443 juvenis
1167 1369 1433 1429 urbanus
1492 1374 1555 1428 et
1598 1369 1867 1429 eruditus
1924 1368 2266 1428 exclamans
2309 1356 2428 1443 „205
2467 1360 2583 1444 μοί
2626 1361 2773 1444 μοι“

532 1469 591 1527 in
637 1487 874 1529 scenam
921 1469 1122 1545 prodit
1168 1477 1228 1530 et
1272 1488 1402 1529 cum
1451 1470 1795 1547 Strepsiade
1842 1470 2100 1547 colloqui
2148 1470 2399 1539 orditur,
2452 1470 2547 1529 eui
2594 1471 2772 1528 inter·

533 1572 799 1649 roganti:
860 1566 1008 1647 „Ttg
1068 1554 1300 1631 οὑτοσί
1360 1558 1514 1632 ποτ’
1560 1558 1706 1632 ἔσθ’
1752 1560 1789 1630 ὁ
1838 1569 2123 1652 θρηνῶν
2138 1591 2159 1642 ;
2227 1560 2373 1631 οὔτι
2435 1588 2574 1630 που
2630 1566 2774 1630 Τῶν

533 1667 880 1751 Καρκίνου
948 1690 1048 1744 τις
1121 1664 1462 1752 δαιμόνων
1520 1666 1966 1752 ἑφθέγξατο“;
2038 1660 2242 1752 ,,ἄνὴρ
2304 1668 2774 1751 κακοδαίμων“

531 1776 884 1855 respondet,
944 1776 1105 1854 quod
1150 1776 1404 1837 subinde
1465 1797 1520 1836 v.
1558 1781 1719 1838 1264
1766 1776 2038 1837 versibus
2100 1778 2338 1836 duobus
2396 1796 2430 1836 e
2493 1777 2775 1837 Xenoclis

531 1883 746 1955 poetae
792 1879 1002 1955 tragici
1048 1877 1250 1938 fabula
1294 1864 1729 1956 ,,Λικύμνιος“
1776 1880 1975 1939 allatis
2020 1878 2329 1940 confirmat
2388 1879 2596 1947 (schol.
2642 1879 2772 1939 cod.

531 1982 675 2041 Rav.
732 1967 824 2058 „0³2
881 1975 1119 2061 σκληρὲ
1179 1976 1452 2060 δαῖμον·
1513 1978 1725 2041 ταῦτα
1790 1975 2206 2053 Ξενοκλέους
2265 1975 2448 2040 ἐστὶν
2512 1974 2586 2040 ἐκ
2644 1977 2773 2040 τοῦ

530 2078 960 2160 Λικυμνίου);
991 2071 1078 2160 „cf
1116 2078 1356 2163 σκληρὲ
1390 2080 1652 2162 δαῖμον,
1686 2071 1742 2142 ὦ
1772 2074 1962 2162 τύχαι
1994 2070 2775 2162 θραυσάντυγεςἽππων

529 2179 727 2264 ἐμῶν,
773 2165 829 2244 ὦ
875 2176 1146 2258 Παλλὰς
1189 2173 1278 2257 ὥς
1336 2171 1402 2265 μ’
1449 2172 1858 2257 ἅπώλεσας.“
1948 2187 2081 2260 Quo
2141 2188 2343 2248 audito
2400 2186 2773 2264 Strepsiades

530 2308 584 2347 v.
620 2293 781 2351 1266
812 2289 1172 2366 interrogat:
1215 2283 1316 2366 „tl
1349 2283 1458 2348 δαί
1490 2305 1560 2349 σε
1604 2279 2029 2369 Τληπόλεμός
2072 2275 2227 2349 ποτ’
2273 2282 2613 2368 εἴργασται
2657 2306 2771 2347 κα-

530 2380 717 2467 κόν“;
777 2392 850 2452 In
896 2410 1110 2468 magno
1155 2392 1516 2454 scholiorum
1579 2393 1717 2454 huic
1764 2394 1967 2454 versui
2025 2394 2464 2471 adscriptorum
2522 2410 2770 2452 numero

529 2493 587 2553 in
645 2493 829 2554 schol.
881 2496 1029 2554 Vict.
1077 2495 1223 2554 haec
1266 2495 1581 2572 leguntur:
1620 2481 1854 2571 ’,,ἄλλοι
1900 2488 1973 2553 δὲ
2017 2481 2339 2575 τραγικὸν
2394 2482 2772 2573 ὑποκριτὴν

529 2584 697 2654 εἶναι
734 2586 857 2655 τὸν
895 2586 1342 2676 Τληπόλεμον,
1374 2595 1664 2675 συνεχῶς
1693 2584 2235 2675 ὑποκρινόμενον
2258 2589 2655 2674 Σοφοκλεῑ.“
2690 2632 2766 2639 —

699 2699 875 2772 Quod
932 2700 1202 2759 scholion
1269 2705 1559 2777 quantum
1620 2700 1849 2778 valeat,
1899 2700 2028 2778 jam
2086 2700 2227 2760 inde
2288 2701 2518 2777 elucet,
2589 2698 2768 2778 quod,

528 2821 712 2880 quum
791 2802 1064 2863 versibus
1123 2802 1621 2863 antecedentibus
1681 2822 1876 2880 neque
1950 2802 2025 2863 de
2084 2803 2377 2879 Sophocle
2438 2821 2636 2881 neque
2695 2803 2769 2863 de

526 2904 915 2966 histrionibus
987 2905 1119 2982 ejus
1192 2909 1436 2983 agatur,
1521 2924 1641 2965 non
1725 2905 2104 2981 intelligitur,
2195 2924 2390 2983 neque
2471 2923 2769 2983 quaenam

525 3008 678 3067 ratio
753 3008 1160 3068 intercesserit
1216 3007 1530 3085 Sophoclis
1607 3007 1941 3069 fabularum
2006 3010 2191 3069 actori
2247 3027 2379 3068 cum
2439 3012 2545 3067 aut
2587 3008 2767 3083 Amy·

527 3112 640 3181 nia,
699 3114 805 3185 aut
852 3110 1115 3171 Xenocle
1166 3115 1365 3187 poeta,
1426 3120 1532 3170 aut
1602 3110 1810 3171 fabula
1862 3112 1994 3188 ejus
2042 3100 2493 3188 ,,Λικύμνιος“,
2554 3128 2770 3186 neque,

527 3217 593 3272 ut
643 3212 956 3288 Sophoclis
1016 3213 1223 3273 histrio
1281 3213 1489 3273 illusus
1546 3215 1638 3284 sit,
1712 3232 1971 3290 quanam
2024 3214 2255 3273 ratione
2311 3212 2615 3274 illudatur.
2683 3243 2765 3251 —

525 3314 925 3392 Strepsiadem
971 3316 1171 3375 verbis
1226 3310 1325 3391 „ti
1376 3309 1485 3373 δαὶ
1531 3328 1603 3373 σε
1656 3313 1855 3395 Τληπ.
1889 3331 1949 3373 κ.
1981 3333 2038 3373 τ.
2075 3312 2185 3394 λ.“,
2244 3334 2426 3392 quum
2472 3316 2764 3391 Amyniae

525 3416 713 3476 verba
754 3395 846 3494 „05
891 3410 1137 3496 σκληρὲ
1181 3411 1353 3496 δαῖμ.
1388 3434 1446 3475 κ.
1479 3435 1537 3476 τ.
1572 3410 1675 3474 λ.“
1720 3436 1752 3477 e
1785 3417 1985 3478 fabula
2029 3417 2261 3495 tragica
2290 3417 2606 3496 desumpta
2634 3435 2765 3500 esse

525 3524 791 3597 constet,
845 3520 1095 3579 eandem
1141 3519 1402 3579 fabulam
1455 3521 1788 3597 respicere,
1851 3519 2335 3580 verisimillimum
2383 3528 2474 3580 est
2532 3525 2593 3581 et
2635 3519 2764 3579 cod.

523 3623 664 3681 Rav.
727 3628 787 3680 et
841 3621 985 3680 Ven.
1042 3621 1282 3680 scholiis
1344 3620 1730 3681 confirmatur
1776 3617 2061 3700 (,,Ταῦτα
2120 3616 2534 3693 Ξενοκλέους
2586 3616 2766 3681 ἐστὶν

523 3715 598 3781 ἐκ
640 3719 768 3781 τοῦ
813 3717 1212 3800 Λικυμνίου’
1261 3717 1518 3800 λέγεται
1564 3718 1637 3781 δὲ
1681 3707 1797 3781 ὑπ’
1829 3708 2186 3804 Ἀλκμήνης
2236 3714 2609 3802 Λικύμνιον
2661 3741 2763 3783 τε·

521 3818 849 3903 θνηκέναι
879 3811 1014 3882 ὑπὸ
1053 3819 1515 3904 Τληπολέμου·
1550 3811 1654 3883 διὸ
1685 3820 1800 3884 καὶ
1833 3817 2160 3905 ἐπιφέρει·
2203 3821 2270 3886 Τι’
2303 3821 2411 3886 δαί
2456 3839 2525 3887 σε
2565 3826 2759 3906 Τληπ.

520 3946 580 3987 κ.
625 3945 684 3986 τ.
730 3919 867 3997 w).
959 3929 1046 3987 Ex
1105 3928 1278 3988 Hom.
1321 3929 1387 3987 ll.
1433 3933 1470 3989 2
1533 3947 1629 3987 vV.
1664 3933 2033 3990 653—670
2092 3936 2286 4005 patet,
2346 3931 2761 4006 Tlepolemum

522 4030 700 4091 filium
733 4030 1013 4090 Herculis
1059 4031 1116 4089 h.
1148 4030 1185 4089 l.
1230 4029 1566 4106 significari,
1614 4031 1719 4107 qui
1748 4031 2122 4107 Licymnium
2157 4033 2477 4092 Alcmenae
2515 4032 2759 4092 fratrem

521 4133 890 4193 interfecisse
925 4132 1211 4201 traditum
1258 4127 1631 4210 Λικυμνίου
1662 4132 1901 4193 fabulae
1946 4133 2093 4203 loco,
2140 4134 2298 4194 unde
2330 4134 2762 4211 Aristophanes

526 4236 633 4296 hos
690 4254 900 4295 versus
960 4235 1318 4311 desumpsit,
1394 4235 1782 4313 Tlepolemus
1842 4237 2257 4296 exclamitasse
2318 4235 2551 4296 videtur
2616 4237 2762 4295 haec
