3166 4871
1008 287 1093 341 Dc
1128 287 1332 340 nomin.
1368 288 1427 342 in
1462 306 1627 352 -αιος,
1696 288 1728 358 ξ
1766 293 1848 341 40.
2468 295 2585 355 123

332 464 582 544 κλησιν
661 451 1166 545 Εὐρυστέρνου,
1240 467 1338 526 ubi
1406 466 1811 528 Schneiderus
1886 468 2134 544 corrigit
2194 458 2284 530 ,τὸ
2364 468 2591 541 Γαῖον,

332 570 705 629 assentiente
749 569 988 631 Siebeli.

507 659 736 749 γάϊος
782 673 1129 732 Eustathius
1176 673 1430 733 Italiotis
1490 677 1551 732 et
1595 673 1940 732 Tarentinis
2001 672 2202 733 scribit
2256 675 2592 750 significare

329 768 640 850 μίσθιοςε
687 786 1120 852 nonnunquam
1162 794 1294 836 esse
1329 783 1388 835 et
1415 765 1632 853 παχύς
1676 770 1789 834 καὶ
1835 761 2265 856 ἀναίσθητος.
2347 776 2590 837 Γαῖον

334 878 523 936 Italo's
555 883 617 937 ct
645 877 1010 938 Tarentinos
1042 878 1243 938 dice-rc
1288 868 1412 937 τὸν
1453 867 1707 955 μισθόν
1753 879 2025 939 scribunt
2086 879 2196 939 EM
2243 884 2303 940 et
2346 899 2590 958 gramm.

331 980 396 1039 in
443 961 636 1039 Bekit.
681 999 774 1040 an.
818 981 862 1058 Ι,
893 977 1038 1057 229,
1088 979 1181 1040 10.
1269 981 1444 1055 Quod
1491 1000 1709 1041 vereor
1769 986 1835 1041 ut
1893 1002 1929 1041 a
1980 978 2062 1060 γῆ
2124 982 2453 1042 derivatum
2501 984 2592 1044 sit.

333 1081 452 1142 Sed
517 1084 649 1142 sine
711 1082 892 1144 dubio
956 1103 993 1142 a
1054 1079 1136 1162 γῆ
1197 1084 1458 1160 pullulat
1516 1073 1701 1162 γάϊος
1763 1103 1856 1161 ap.
1922 1084 2140 1144 Aesch.
2199 1085 2406 1162 Suppl.
2468 1081 2590 1143 826

319 1169 468 1242 “Ode
502 1173 793 1262 μάρπτις
824 1174 1014 1256 νάϊος
1044 1174 1259 1263 γάϊος,
1302 1186 1463 1263 quod
1496 1186 1741 1246 verbum
1774 1205 1848 1247 ex
1878 1188 2180 1264 Hesychio
2214 1189 2593 1247 Hermannus

336 1286 593 1346 feliciter
651 1287 912 1347 restituit
973 1290 1148 1347 etiam
1210 1288 1372 1366 Sept.
1421 1286 1541 1346 736
1605 1282 1762 1367 γαΐα
1822 1279 2035 1366 κόνις;
2102 1294 2162 1350 ct
2212 1290 2419 1367 Suppl.
2472 1287 2590 1346 156

337 1380 464 1447 τὸν
494 1379 690 1467 γάϊον
733 1409 844 1468 pro
877 1409 947 1449 eo
980 1392 1142 1467 quod
1175 1391 1234 1450 in
1268 1392 1398 1450 cod.
1430 1395 1521 1451 est
1549 1380 1871 1450 τόνταιον
1901 1393 2161 1468 conjecit
2192 1393 2593 1469 Wellauerns,

336 1511 498 1568 quae
532 1492 894 1568 conjectura,
943 1513 980 1554 a
1012 1493 1324 1553 Diudorfio
1371 1494 1431 1552 in
1479 1493 1629 1553 thes·
1662 1495 2026 1574 vituperata,
2074 1495 2313 1571 egregie
2357 1494 2592 1554 firmata

283 1583 294 1590 ”
341 1601 439 1654 est
482 1594 557 1653 ab
604 1596 697 1654 Et..
728 1594 908 1671 Gud„
954 1614 1008 1672 p.
1030 1591 1297 1671 227,4·2;
1343 1595 1416 1655 cf.
1449 1597 1651 1656 Herm.
1682 1597 1738 1655 in
1788 1596 1879 1656 ed.
1909 1596 2028 1656 fab.
2060 1597 2332 1675 Aesch.1‚
2363 1617 2418 1675 p.
2450 1594 2592 1657 332.

337 1696 610 1756 Eandem
657 1716 865 1756 vocem
912 1717 987 1757 ex
1032 1697 1311 1758 Ahrensii
1357 1699 1705 1775 conjectura
1749 1700 1922 1757 etiam
1963 1700 2276 1776 usurpavit
2306 1700 2589 1775 Epichar-

337 1818 474 1859 mus
520 1799 594 1858 fr.
640 1796 720 1855 23
765 1789 946 1877 γάϊαι
990 1788 1238 1877 κόγχοι.
1324 1801 1491 1859 Haec
1536 1806 1628 1859 cst
1672 1800 1922 1861 dorica
1968 1801 2176 1879 forma,
2221 1802 2474 1861 ionicam

513 1891 738 1981 γήιος
782 1903 1003 1962 diserte
1050 1904 1324 1980 agnoscit
1369 1902 1668 1962 Arcadius
1716 1921 1772 1979 p.
1821 1901 1919 1981 40,
1964 1898 2063 1963 24.
2152 1906 2455 1980 Usurpata
2501 1909 2593 1964 est

337 2025 376 2064 a
419 2006 674 2065 Theone
720 2007 777 2064 in
840 2006 1099 2081 append.
1165 2006 1347 2065 Anth.
1395 2006 1517 2064 Pal.
1579 2003 1692 2064 39:
1767 1995 2096 2083 Αἰθέριόν
2156 2023 2227 2063 τε
2275 1995 2591 2085 φρόνημα

337 2103 600 2184 φέρειν,
659 2091 741 2166 οὗ
783 2097 978 2186 γήιον
1025 2099 1261 2186 ἔμπης,
1322 2107 1419 2167 ubi
1465 2106 1806 2168 Brunckius
1865 2097 2100 2186 γήινον
2154 2108 2340 2168 edidit
2394 2110 2592 2186 tacite,

337 2229 414 2270 ex
476 2209 608 2271 cod,
669 2215 734 2270 ut
794 2211 1208 2286 suspicabatur
1253 2210 1484 2270 lacobs.
1573 2210 1899 2269 Firmatum
1959 2215 2050 2269 est
2104 2209 2459 2269 vocabulum
2506 2210 2589 2269 in-

336 2313 674 2390 scriptione
718 2313 961 2389 Thcsp„
1006 2313 1170 2374 Curt.
1217 2312 1428 2372 Rhein.
1473 2314 1622 2371 Mne.
1676 2307 1854 2390 1843,
1900 2331 1957 2371 n.
1990 2309 2046 2371 6.

513 2404 836 2495 Γαιήιος
899 2414 1098 2475 Gaeae
1157 2416 1316 2476 filius
1373 2415 1544 2476 Hom.
1592 2412 1705 2476 Od.
1749 2432 1788 2494 η
1837 2410 1958 2473 324
2023 2403 2261 2475 Τιτυὸν
2308 2404 2590 2494 Γαιήιον

339 2509 512 2578 υἱόν.
559 2520 879 2598 terrestris,
925 2523 1202 2578 terrenus
1247 2519 1444 2579 Nonn.
1489 2519 1696 2578 Ioann.
1728 2516 1785 2595 3,
1837 2516 1972 2577 154.
2018 2518 2222 2594 Epigr.
2258 2518 2435 2578 Anth.
2468 2519 2591 2579 Pal.

343 2620 442 2700 14,
487 2617 585 2679 29.
630 2620 835 2698 Steph.
881 2623 1021 2697 Byz.

511 2723 608 2783 Ad
633 2722 1475 2802 terrestrembigniflcandum,
1503 2723 1687 2784 Attici
1713 2726 1962 2784 utuntur
1978 2723 2270 2783 vocabulo
2300 2713 2590 2802 γήινος.

512 2827 764 2899 Restant
806 2816 1042 2906 γῄτης
1087 2826 1348 2903 agricola
1392 2826 1607 2903 Soph.,
1665 2820 1962 2904 γείτων
2022 2825 2272 2902 vicium,
2331 2827 2469 2887 inde
2516 2827 2589 2887 ab

339 2931 514 2989 Hom.
569 2928 848 2989 usitatum
913 2928 1014 3000 (cf.
1074 2927 1291 2998 λιϊτος
1339 2923 1764 3007 λειτουργία),
1827 2916 2116 3006 γήδιον
2174 2929 2410 3005 agellus
2453 2929 2592 3009 Att„

337 3021 594 3110 γαιςόν
639 3033 809 3092 collis
854 3038 1108 3109 terrena,
1153 3032 1269 3105 tajo.
1302 3032 1538 3091 Ileracl.
1575 3030 1627 3108 1,
1660 3026 1739 3088 88
1781 3028 1975 3108 (13⁰),
2021 3020 2241 3109 γαεών
2273 3033 2360 3090 tit.
2391 3032 2592 3091 Alaea.

338 3132 528 3214 5594,
571 3136 649 3209 11,
694 3132 791 3195 83.
837 3131 934 3194 86.
980 3166 1062 3175 —-
1111 3134 1443 3194 Adverbia:
1490 3130 1748 3212 γῆθεν
1792 3138 1946 3209 trag.
1991 3121 2320 3209 γειόθεν
2365 3133 2591 3194 Gallim.

341 3238 616 3315 Apollon.
661 3268 740 3277 --
791 3239 1063 3314 Denique
1121 3238 1308 3297 verba
1367 3225 1572 3315 γεόω
1634 3239 1694 3294 et
1751 3224 2000 3313 γαιόω
2057 3252 2189 3293 cum
2248 3236 2590 3311 compositis

340 3328 710 3416 ιὲπογεόω
758 3345 819 3398 ct
863 3323 1306 3421 ιῖπογαιόῳ,
1351 3358 1507 3416 quae
1537 3356 1720 3415 quum
1755 3338 1962 3405 omnia,
1979 3338 2326 3397 recentioris
2359 3342 2590 3398 tantum

335 3444 627 3519 temporis
671 3445 1004 3502 commenta
1047 3460 1180 3502 esse
1225 3442 1542 3500 videantur
1603 3440 1747 3514 (non
1794 3441 1958 3516 prius
2003 3440 2159 3499 enim
2203 3441 2590 3500 inveniuntur

337 3564 520 3623 quam
581 3545 743 3621 apud
806 3546 1150 3623 Philonem,
1221 3545 1580 3621 Diodorum,
1640 3540 1988 3620 calenum),
2070 3561 2280 3620 parum
2340 3543 2591 3603 interest

337 3656 478 3708 utra
520 3648 716 3707 forma
759 3648 835 3708 sit
876 3647 1179 3725 antiquior
1222 3652 1328 3709 aut
1374 3648 1595 3706 melior.

512 3752 645 3811 Jam
694 3769 768 3810 ea
813 3752 1144 3826 composita
1188 3767 1344 3825 qnae
1389 3769 1424 3808 a
1468 3766 1548 3827 γη
1593 3765 1742 3826 ymo
1789 3766 1928 3826 γειο
1988 3752 2100 3809 cet.
2145 3749 2444 3824 incipiunt
2487 3747 2588 3807 ad-

329 3855 614 3931 jungam,
673 3872 793 3930 quo
850 3852 1083 3912 facilius
1130 3853 1603 3929 perspiciantur,
1665 3852 1723 3910 in
1787 3851 2053 3910 tabulam
2102 3850 2409 3928 disposita.
2500 3851 2589 3909 De

339 3957 580 4016 Doricis
627 3974 784 4032 quae
830 3975 866 4014 a
909 3972 991 4032 γα
1039 3955 1350 4031 incipiunt,
1396 3955 1686 4013 incertum
1734 3958 1825 4013 est
1869 3960 2065 4013 utrum
2097 3970 2181 4031 γα
2226 3971 2335 4029 pro
2365 3956 2469 4011 att.
2501 3968 2583 4030 γη

338 4078 414 4118 an
462 4076 574 4135 pro
618 4074 752 4134 γεω
797 4057 950 4131 (dor.
978 4055 1129 4134 γαο)
1173 4058 1277 4117 sit:
1325 4056 1399 4116 cf.
1431 4056 1574 4116 Ahr.
1609 4057 1752 4116 Dor.
1786 4075 1844 4133 p.
1882 4052 2017 4115 199.
