3166 4871
580 299 701 361 428

579 475 846 534 turiones
895 475 1150 550 legionis
1197 476 1390 533 iocum
1440 475 1777 550 obtinebat3
1826 475 1920 532 hic
1966 493 2209 551 quoque
2240 475 2591 534 adolescens
2624 475 2821 535 XVIII

578 596 768 636 annos
816 583 992 637 natus
1038 577 1308 638 ordinem
1356 584 1703 653 acceperat,
1760 597 1955 653 neque
2001 582 2198 636 tamen
2249 580 2404 637 intra
2449 578 2816 653 undeviginti

578 699 767 739 annos
814 681 1066 756 amplius
1099 698 1453 758 progressus
1485 684 1630 752 erat,
1678 699 1855 756 quam
1890 680 1990 756 qui
2039 699 2111 738 ex
2161 680 2340 739 milite
2372 681 2651 757 gregario
2685 699 2818 740 cen-

577 784 733 843 turio
780 782 976 842 factus
1023 787 1180 851 erat;
1228 801 1423 859 neque
1470 784 1664 841 minus
1704 783 2013 842 Juvenalis
2060 783 2244 841 verba
2290 782 2396 857 (5),
2442 802 2822 859 quamquam,

580 904 712 944 cnm
779 886 972 946 ironia
1031 885 1288 962 quadam
1350 885 1507 944 dicta
1553 887 1705 960 sint,
1769 904 1884 944 non
1935 886 2110 959 plane
2159 904 2300 944 vera
2345 893 2485 944 sunt
2530 886 2820 956 habenda,

578 988 735 1047 hanc
779 1006 903 1047 rem
947 987 1303 1046 laboriosam
1352 1006 1420 1045 ac
1467 986 1759 1046 diutinam
1810 987 1995 1045 fuisse
2041 986 2384 1045 ostendunt-

749 1090 919 1162 Quae
965 1107 1096 1148 cum
1142 1091 1224 1147 ita
1269 1091 1403 1165 sint,
1447 1090 1507 1146 in
1555 1089 1685 1164 ipso
1733 1089 2151 1148 centurionatu
2189 1089 2450 1163 juvenes
2497 1089 2819 1147 nobiliores

577 1193 878 1252 veteribus
924 1191 1207 1250 militibus
1251 1209 1371 1250 non
1421 1190 1723 1266 praelatos
1769 1209 1901 1249 esse
1948 1196 2108 1266 puto.

748 1295 878 1353 Jam
939 1311 1083 1352 vero
1144 1299 1211 1352 ut
1269 1292 1346 1352 ad
1405 1293 1654 1351 alteram
1717 1292 1875 1351 illam
1944 1295 2387 1369 quaestionem,
2448 1311 2627 1368 quam
2687 1310 2820 1369 pro-

576 1396 902 1473 posuimus,
948 1397 1272 1471 veniamus,
1310 1394 1393 1454 de
1424 1396 1913 1471 provectione
1958 1414 2190 1472 supra
2235 1396 2819 1454 centurionatum

577 1516 773 1575 neque
840 1497 901 1555 in
966 1498 1327 1573 scriptorum
1390 1497 1536 1556 locis
1605 1515 1803 1573 neque
1870 1497 1928 1556 in
1997 1497 2182 1555 titulis
2242 1503 2450 1573 aperte
2496 1496 2817 1572 quidquam

579 1601 798 1659 dictum
844 1604 993 1675 est,
1029 1605 1271 1675 praeter
1332 1599 1606 1657 Helvium
1656 1599 2046 1668 Pertinacem,
2107 1600 2206 1675 qui
2262 1599 2337 1657 ad
2381 1599 2816 1674 praefecturam

579 1703 871 1762 evehitur.
928 1698 1019 1773 (9)
1107 1701 1333 1760 Tamen
1395 1700 1790 1776 conjectando
1854 1700 1930 1758 ad
2005 1702 2181 1776 hujus
2256 1702 2336 1759 rei
2418 1700 2815 1776 cognitionem

577 1806 846 1881 proxime
871 1805 1194 1864 accessisse
1222 1804 1357 1861 mihi
1382 1803 1593 1862 videor
1614 1809 1674 1861 et
1708 1811 1771 1861 ut
1799 1803 1878 1880 id,
1910 1804 2069 1879 quod
2105 1807 2288 1878 caput
2320 1809 2411 1862 est
2434 1804 2821 1880 quaestionis,

576 1908 770 1968 statim
820 1907 878 1965 in
925 1905 1118 1964 medio
1166 1923 1414 1981 ponam:
1492 1906 1749 1963 Eorum
1796 1906 2339 1980 centurionum,
2413 1906 2539 1981 qni
2598 1923 2818 1981 supra

578 2008 1099 2087 primipilatum
1146 2007 1676 2084 ascenderent,
1734 2007 1957 2066 multo
2006 2008 2230 2083 major
2274 2025 2442 2083 pars
2488 2007 2813 2084 equestri

578 2114 738 2172 loco
782 2111 929 2171 nati
978 2109 1322 2169 videntur
1378 2109 1630 2170 fnisse.

746 2216 890 2273 Rem
937 2214 1020 2271 ita
1062 2231 1127 2271 se
1173 2212 1465 2288 habuisse,
1524 2212 1779 2288 primum
1828 2211 2072 2289 quidem
2119 2231 2190 2271 ex
2236 2213 2424 2287 ipsius
2470 2214 2557 2270 rei
2605 2217 2818 2271 natura

577 2315 965 2393 probabiliter
1029 2313 1306 2373 concludi
1365 2318 1579 2390 potest.
1689 2315 1961 2390 Namque
2009 2315 2082 2372 de
2128 2315 2222 2387 iia,
2267 2315 2368 2390 qui
2414 2314 2638 2390 gradus
2683 2332 2815 2373 cen-

578 2418 906 2478 turionicos
948 2415 1022 2475 ad
1083 2435 1374 2476 summum
1419 2421 1863 2494 percurreraut,
1917 2435 2090 2476 nemo
2145 2417 2334 2494 magis
2377 2416 2629 2476 idoneus
2674 2421 2822 2492 erat,

578 2520 681 2598 qui
728 2520 907 2578 altius
952 2525 1437 2595 promoveretur,
1498 2537 1678 2595 quam
1743 2520 1846 2595 qui
1912 2519 2160 2578 honesto
2214 2520 2344 2578 loco
2406 2520 2553 2594 nati,
2607 2518 2816 2578 litteris

580 2641 696 2682 non
759 2620 1076 2698 ineruditi,
1130 2619 1428 2679 diuturnis
1489 2620 1802 2697 stipendiis
1862 2622 2173 2680 exercitati
2224 2627 2426 2689 erant;
2502 2625 2560 2679 et
2604 2621 2651 2679 si
2699 2639 2820 2696 eos,

577 2725 681 2801 qui
726 2722 879 2783 forte
911 2741 942 2781 e
973 2723 1382 2798 gregariorum
1417 2721 1620 2781 labore
1644 2721 1719 2780 ad
1752 2729 2065 2799 equestres
2096 2723 2364 2782 bonores
2394 2727 2819 2799 provenerant,

583 2832 867 2903 „propter
922 2824 1156 2883 nimiam
1216 2824 1631 2901 imperitiam“,
1689 2843 1843 2901 quae
1906 2825 2148 2884 militum
2213 2826 2625 2901 gregariorum
2686 2842 2816 2883 esse

575 2929 839 3005 solebat,
916 2928 991 2986 ab
1057 2926 1205 3003 ipsis
1272 2926 1654 3001 comparibus
1730 2926 2044 3003 despectos
2112 2932 2172 2986 et
2248 2932 2620 3003 contemptos
2687 2945 2815 2985 esse

575 3030 893 3091 verisimile
952 3035 1072 3105 est,
1132 3030 1310 3105 hujus
1356 3029 1595 3104 generis
1641 3029 2036 3104 centuriones,
2101 3035 2415 3106 postquam
2464 3029 2816 3106 dignitatem

575 3139 914 3210 equestrem
962 3135 1492 3207 recuperaverunt,
1535 3132 1665 3189 sine
1711 3130 1889 3190 dubio
1936 3133 2089 3190 inter
2136 3132 2474 3207 praefectos
2521 3131 2816 3189 tribunos-

576 3254 693 3313 que
755 3234 1007 3293 scientia
1065 3233 1152 3292 rei
1213 3232 1479 3291 militaris
1539 3232 1912 3291 excellebant
1973 3250 2166 3308 neque
2230 3238 2426 3291 tamen
2484 3233 2814 3291 litterarum

577 3338 911 3413 artiumque
956 3335 1169 3411 peritia
1214 3332 1392 3392 valde
1437 3336 1926 3411 superabantur;
2001 3340 2386 3410 posteaquam
2446 3351 2664 3392 census
2709 3353 2818 3410 per

576 3439 972 3515 praemiorum
1033 3436 1497 3513 magnitudinem
1552 3438 1863 3496 restitutus
1923 3442 2050 3512 est,
2109 3437 2258 3495 nihil
2304 3441 2467 3511 erat,
2526 3455 2632 3495 cur
2696 3455 2815 3494 mu-

576 3540 818 3601 neribus
863 3539 1240 3617 equestribus
1285 3538 1538 3614 amplius
1582 3539 1967 3597 abstinerent.

748 3641 939 3718 quue
997 3641 1081 3699 ita
1138 3639 1358 3698 factum
1420 3657 1583 3717 esse,
1652 3639 1823 3699 Statii
1879 3640 2152 3699 versibus
2212 3640 2663 3715 comprobatum
2737 3640 2814 3700 ibi

576 3746 731 3804 enim
799 3748 1081 3820 quattuor
1148 3742 1414 3802 militiae:
1498 3741 1949 3801 centurionatus
2032 3746 2091 3800 et
2163 3747 2285 3801 tres
2360 3742 2497 3801 illae
2572 3743 2815 3801 militiae

577 3851 887 3925 equestres
932 3864 1051 3904 una
1094 3847 1490 3916 nominantur,
1537 3846 1621 3902 ita
1664 3849 1730 3902 ut
1761 3862 1952 3919 paene
1984 3844 2460 3903 concludendum
2494 3843 2816 3920 videretur,

576 3951 1055 4010 centurionatum
1137 3947 1262 4024 jam
1338 3954 1460 4005 tum
1546 3946 1730 4005 fuisse
1807 3946 2070 4004 infimum
2146 3946 2396 4021 gradum
2475 3946 2814 4005 militiarum

576 4051 975 4127 equestrium,
1036 4050 1149 4107 nisi
1217 4067 1292 4106 ex
1351 4048 1551 4105 verbis
1613 4049 2021 4118 „intermissus
2067 4045 2292 4123 eques“
2341 4054 2549 4123 aperte
2597 4065 2813 4122 cogno-

575 4169 910 4228 sceremuS,
990 4169 1124 4210 eum
1188 4151 1665 4209 centurionatum
1735 4150 2037 4226 plebejum
2105 4150 2291 4208 fuisse
2372 4167 2587 4209 munus
2655 4154 2713 4208 et
2779 4168 2816 4206 a

576 4256 824 4330 reliquis
854 4254 1145 4329 dignitate
1187 4253 1363 4328 longe
1409 4251 1755 4322 distantem3
1803 4260 1967 4311 certe
1999 4258 2193 4309 tamen
2227 4270 2303 4310 ex
2335 4252 2406 4310 iis
2437 4253 2580 4327 ipsis
2611 4252 2814 4310 verbis
