3166 4871
1103 349 1187 406 De
1219 350 1420 407 nomin.
1454 350 1514 406 in
1545 369 1711 417 -αιος,
1781 355 1814 418 s
1854 357 1932 408 13.
2453 394 2463 404 .
2545 353 2626 418 39

556 518 923 607 στειλειή
968 530 1265 590 Homerus
1305 546 1356 604 φ
1398 533 1522 591 422
1569 524 1885 608 usurpavit
1929 530 2003 591 de
2048 531 2339 591 foramine
2384 533 2625 606 securis,

383 634 443 692 in
474 631 644 709 quod
675 633 1005 692 immittitur
1034 632 1293 709 lignum3
1337 622 1741 691 στειλειόν
1773 651 1799 691 ε
1835 637 1956 718 236
1988 632 2063 692 de
2096 634 2434 697 manubrio:
2471 622 2656 692 hanc'

382 734 637 794 formam
695 733 871 795 etiam
928 734 1091 810 apud
1134 735 1263 809 Nic.
1306 734 1491 796 Ther.
1521 738 1641 797 387
1704 735 1884 797 habet
1940 735 2068 796 cod.
2117 731 2192 794 11.
2242 735 2355 795 Alii
2417 736 2621 796 eodem

382 836 722 912 significatu
768 836 991 896 habent
1019 825 1336 906 στειλειός
1366 838 1462 896 vel
1494 825 1783 910 στελεόν,
1826 836 1902 896 (16
1932 855 2185 913 quorum
2217 837 2625 898 vicissitudine

384 938 551 1015 loqui
583 956 704 998 non
739 943 829 998 est
857 937 1033 997 huius
1065 937 1195 998 loci.
1248 939 1646 1014 Antiphanem
1672 928 1934 997 στειλεά
1963 944 2024 999 et
2052 940 2247 1016 ipsum
2276 958 2389 1017 pro
2420 957 2623 999 manu·

383 1040 513 1099 bric
560 1039 866 1118 habuisse,
920 1040 1271 1116 intelligitur
1330 1040 1442 1100 hac
1487 1041 1772 1116 Hesychii
1814 1042 2044 1117 glossa:
2103 1034 2439 1100 στειλέαν·
2497 1032 2623 1119 τὴν

250 1216 259 1220 -
381 1132 646 1219 μακρὰν
685 1131 1024 1220 ῥάφανον·
1050 1126 1438 1222 Αντιφάνης
1482 1135 1557 1203 ἐν
1589 1136 1994 1222 Κιθαρῳδῷ.
2067 1143 2150 1205 At
2190 1143 2353 1219 apud
2395 1144 2624 1221 Hippo-

385 1248 610 1305 cratem
642 1252 736 1304 ter
768 1226 986 1321 legitur
1017 1234 1450 1316 στειλαιόςε
1495 1245 1569 1307 de
1601 1245 2107 1322 fract.8(Foes.p.
2127 1249 2161 1305 7
2170 1249 2246 1306 57
2279 1246 2402 1320 DE,
2430 1246 2623 1307 Littre

381 1347 499 1406 vol.
528 1347 615 1406 ΠΙ
659 1366 717 1425 p.
728 1350 914 1412 444):
960 1333 1041 1426 ἡν
1087 1342 1156 1407 όὲ
1204 1335 1242 1407 ὁ
1283 1342 1577 1426 βραχίων
1621 1344 1914 1426 καταγῇ
1999 1337 2452 1426 ,όικαιστατη
2496 1327 2623 1407 οὖν

381 1443 735 1526 βραχίονος
762 1439 1119 1520 κατάτασις
1160 1434 1312 1528 ἥδε
1363 1439 1571 1525 ξύλον
1601 1456 1935 1529 πηχυαῖον
1977 1435 2019 1528 ἡ
2060 1436 2265 1528 ὀλίγῳ
2308 1439 2620 1528 βραχύτε-

383 1562 527 1627 (mv,
556 1537 779 1610 ὁκοῑοι
809 1543 877 1611 οἱ
907 1546 1224 1611 στειλαισί
1252 1552 1363 1626 (sic
1392 1556 1459 1613 ut
1488 1552 1608 1612 vid.
1636 1553 1762 1630 CK,
1797 1542 2094 1615 στύλειοι
2124 1553 2200 1626 Q‘
2231 1547 2537 1611 στειλεισὶ
2566 1555 2622 1611 D

385 1651 705 1713 στειλαῑοι
750 1653 918 1716 FGIJ
978 1649 1265 1714 στειλεοί
1317 1656 1494 1715 HMN
1542 1656 1719 1731 Bosq.
1778 1649 2096 1714 στείλαιοι
2151 1655 2276 1716 Gal.
2322 1645 2622 1714 στύλαιοι

384 1755 433 1814 Β
480 1755 616 1816 Ald.
660 1757 839 1817 Frob.
882 1759 1063 1817 Merc.
1121 1752 1422 1837 στηλαισί
1479 1758 1609 1819 Gal.
1653 1759 1712 1817 iu
1760 1758 1855 1817 cit.
1897 1757 1958 1817 in
2014 1754 2246 1827 comm.)
2303 1752 2424 1816 εἰσι
2482 1755 2623 1816 τῶν

385 1852 723 1932 σκαᾳὶων,
781 1848 1101 1937 κρεμάσαι
1141 1849 1296 1939 χρὴ,
1354 1851 1559 1919 ἔνθεν
1620 1854 1734 1918 καὶ
1797 1852 2000 1919 ἔνθεν
2068 1857 2250 1938 σειρῇ
2305 1849 2622 1937 δήσαντα,

384 1955 809 2020 καθίσταντα
865 1956 935 2021 δὲ
992 1952 1117 2021 τὸν
1168 1948 1546 2042 ἄνθρωπον
1601 1952 1724 2039 τὴν
1775 1969 1962 2040 χεῖρα
2023 1950 2488 2040 ὑπερκεῖσθαι,
2533 1949 2623 2030 ὡς

384 2048 520 2119 ὑπὸ
554 2060 638 2140 τῇ
688 2054 986 2142 μασχάλῃ
1034 2058 1304 2144 γένηται
1349 2051 1386 2123 ὃ
1433 2055 1763 2133 στειλαιὸς
1806 2054 2153 2137 (uranu),-
2198 2066 2254 2123 1)
2299 2062 2624 2133 στειλαῑος

278 2182 287 2187 ·
384 2165 553 2226 FGIJ
602 2157 898 2237 στειλεός
942 2168 1119 2227 ΗΜΝ
1165 2168 1344 2244 Bosq.
1389 2162 1723 2236 στιίλαιος
1766 2168 1896 2226 Gal.
1923 2156 2242 2235 στύλαισς
2279 2166 2412 2226 Ald.
2449 2167 2627 2229 Frob.
2703 2198 2712 2207 ·

388 2266 593 2342 Mei-c.)
639 2259 813 2346 ἔχων
856 2263 1254 2346 ξυμμέτρως.
1300 2300 1386 2310 -
1432 2272 1523 2329 De
1568 2270 1751 2330 morb.
1784 2270 1920 2328 mul.
1956 2269 2004 2346 1,
2047 2272 2129 2330 90
2172 2270 2367 2342 (Foes.
2412 2289 2470 2346 p.
2502 2272 2624 2329 633

357 2367 483 2429 ·37.
526 2370 704 2430 Littr.
728 2370 888 2448 vlu,
916 2389 973 2448 p.
999 2374 1140 2449 216,
1172 2368 1265 2445 5):
1311 2358 1394 2451 ἢν
1439 2356 1713 2452 αφθησῃ
1759 2360 1840 2430 τά
1885 2364 2125 2454 αἰὸσῑα,
2171 2352 2300 2430 ὦδε
2343 2364 2623 2450 ἰῆσθαι·

387 2461 599 2550 σάρκα
642 2463 804 2545 βοὸς
847 2461 1007 2532 ὡσεὶ
1051 2463 1175 2533 δύο
1219 2472 1617 2533 παλαιστῶν
1657 2472 1885 2553 μῆκος,
1928 2492 2141 2552 παχος
2172 2468 2242 2532 δὲ
2274 2461 2434 2534 ὡσεὶ
2463 2487 2625 2532 στει-

390 2565 536 2645 λιός
579 2566 931 2647 (στειλαιός
960 2578 1125 2653 vulg.
1170 2568 1484 2647 στειλειὸς
1530 2580 1582 2636 D
1629 2594 1879 2653 τειχεος
1925 2577 1976 2634 θ
2007 2576 2340 2646 στιιλαῑος
2384 2578 2626 2638 GFrob

390 2676 563 2737 Cord.
600 2668 869 2749 στιλεὸς
898 2679 1070 2739 Lind.
1116 2670 1410 2749 στειλιός
1449 2682 1478 2740 J
1517 2675 1738 2750 τέλεος
1769 2675 1839 2751 Ο)
1883 2672 2364 2756 προςτιθέσθω
2407 2673 2630 2757 μέχρις

390 2768 672 2859 ἑσπέρης
716 2779 798 2844 (Si
843 2782 929 2840 les
973 2783 1197 2858 parties
1240 2783 1531 2858 genitales
1578 2787 1684 2842 ont
1729 2782 1836 2840 des
1881 2782 2153 2856 aphthes,
2198 2783 2405 2842 traiter
2445 2781 2630 2840 ainsi:

390 2883 556 2941 chair
598 2883 673 2942 de
719 2883 918 2962 boens,
963 2883 1036 2943 de
1064 2884 1125 2944 la
1156 2884 1453 2960 longueur
1483 2884 1557 2944 de
1604 2884 1762 2944 deux
1801 2885 2029 2959 palmes
2074 2883 2231 2957 (huit
2272 2881 2512 2962 doigts),
2555 2884 2628 2944 de

392 2984 449 3043 la
492 3003 775 3061 grosseur
819 2984 962 3046 d'un
1008 2986 1259 3046 manche
1292 2973 1454 3058 etc).
1672 3011 1678 3016 ·
2251 3041 2266 3052 .

528 3089 829 3147 Accurate
854 3106 1153 3166 perpensa
1177 3088 1449 3150 codicum
1476 3090 1708 3149 ratione
1731 3093 2012 3165 quattuor
2041 3088 2378 3147 traditionis
2401 3105 2630 3164 genera

392 3188 815 3266 distinguenda
844 3208 974 3251 esse
1003 3194 1273 3269 apparet,
1302 3210 1556 3268 quorum
1591 3191 1710 3250 duo
1741 3190 1964 3249 habent
2000 3206 2172 3258 αιοςε
2217 3190 2262 3250 Ο
2293 3194 2352 3249 et
2379 3189 2628 3262 FGIJK,

392 3310 568 3352 unum
633 3309 768 3362 ειος
833 3294 912 3370 D,
974 3312 1155 3354 unum
1217 3310 1326 3364 εος
1385 3294 1582 3354 ΗΜΝ.
1689 3294 1756 3352 In
1821 3293 1928 3352 has
1989 3298 2186 3351 autem
2250 3292 2469 3352 classes
2530 3293 2630 3351 vel

390 3393 640 3455 familias
670 3394 909 3456 codices
939 3395 1382 3456 distribuendos
1413 3415 1543 3457 esse
1575 3414 1650 3456 ex
1697 3391 2054 3456 ceterorum
2076 3412 2317 3471 quoque
2362 3396 2625 3456 locorum

389 3498 689 3575 scriptura
733 3505 1001 3575 apparet.
1088 3498 1375 3558 Littreius
1445 3497 1792 3558 discrimina
1855 3517 1972 3558 non
2037 3503 2316 3575 repetens
2379 3498 2488 3558 nisi
2552 3499 2627 3557 ab

391 3618 595 3659 eorum
640 3601 1027 3678 Hippocratis
1081 3600 1439 3677 scriptorum
1482 3620 1637 3678 quae
1675 3602 1734 3660 in
1781 3619 2023 3678 quoque
2070 3601 2274 3661 codice
2323 3601 2628 3661 continen-

390 3706 487 3761 tur
546 3721 793 3778 numerp
850 3707 910 3762 et
961 3702 1196 3780 ordine,
1255 3703 1299 3764 C
1356 3703 1659 3763 secundae
1717 3703 1987 3763 codicum
2035 3703 2292 3762 familiae
2335 3703 2625 3781 assignat,

388 3803 619 3865 FGlJK
676 3806 921 3879 tertiae,
994 3806 1046 3864 D
1102 3805 1362 3883 primae3
1420 3805 1495 3865 de
1539 3806 1716 3865 HMN
1777 3824 1894 3866 non
1952 3805 2234 3881 loquitur.
2336 3804 2451 3865 Sed
2515 3805 2626 3864 hae

392 3907 612 3967 classes
656 3908 831 3966 etiam
878 3911 1196 3968 contextus
1237 3908 1424 3983 ipsius
1470 3913 1686 3968 natura
1738 3909 1895 3967 inter
1937 3926 2001 3966 se
2047 3906 2349 3966 differunt.
2442 3908 2628 3966 Unius

392 4008 647 4068 familiae
692 4015 831 4069 sunt
874 4009 1065 4087 FGIJ,
1108 4009 1463 4086 quibuscum
1510 4010 1869 4086 plerumque
1913 4009 1990 4086 K,
2031 4009 2328 4069 interdum
2376 4010 2430 4068 H
2477 4011 2537 4068 et
2581 4009 2626 4068 C

390 4111 791 4171 consentiunt.
865 4113 910 4170 C
942 4110 1128 4171 codex
1174 4110 1320 4171 satis
1364 4129 1574 4172 recens
1621 4112 1862 4172 saeculo
1909 4116 2078 4171 sexto
2111 4111 2336 4171 decimo
2368 4109 2627 4186 scriptus

388 4216 580 4298 scatet
626 4212 1001 4290 corruptelis,
1056 4213 1113 4272 in
1160 4212 1413 4292 dialecto
1456 4197 1754 4273 servanda
1797 4214 1972 4273 valde
2018 4213 2347 4290 negligens,
2403 4211 2626 4287 praeci-

388 4332 510 4392 pue
570 4312 1008 4391 orthographia
1065 4318 1352 4393 corrupta
1410 4315 1660 4392 insignis
1718 4321 1825 4375 est.
1924 4314 2181 4374 Adamat
2225 4330 2263 4389 η
2309 4330 2419 4389 pro
2465 4328 2507 4388 ι,
2563 4319 2628 4373 ut
