3166 4871
1019 261 1106 316 De
1139 261 1346 316 nomin.
1381 260 1442 314 in
1477 279 1644 326 -αιος,
1716 263 1749 327 s
1791 265 1868 315 12.
2482 268 2563 330 35

322 438 478 517 Hinc
523 437 685 498 effici
732 438 999 517 videtur,
1058 444 1124 499 ut
1166 458 1287 500 non
1344 440 1779 518 adjectivorum
1832 440 1894 498 iu
1942 454 2078 508 ειυς
2120 429 2402 501 feminina
2445 443 2565 501 sint

321 541 426 603 illa
483 541 780 601 vocabula
836 543 895 600 in
956 558 1087 619 εια,
1146 541 1254 602 sed
1312 541 1530 602 suffixo
1596 537 1664 599 ιᾶ
1723 540 1994 601 formata.
2081 544 2281 619 Atque
2338 543 2568 603 accedit

321 643 577 704 alterum
624 648 1040 720 argumentum
1087 644 1227 722 hoc,
1278 644 1439 721 quod
1485 643 1787 720 adjectiva
1831 646 2164 721 composita
2207 664 2327 705 non
2373 646 2568 705 solent

321 745 537 806 suffixo
576 762 674 804 ειο
717 746 978 806 formari.
1066 745 1373 806 Ridicule!
1434 745 1594 806 dicat
1652 748 1979 823 quispiam;
2034 766 2234 807 nonne
2289 752 2571 807 sexcenta

323 848 654 924 composita
674 848 734 906 in
760 863 894 917 ειος
924 847 1257 908 desinentia
1280 852 1548 908 exstant:
1592 836 2061 926 προςάλπειος,
2100 836 2569 927 ὑπεράλπειος,
2597 908 2604 913 .

324 938 738 1022 ἑπταβόειος,
782 934 1099 1027 ἀγένειος,
1145 938 1568 1028 ἑπιτήδειοςῖ
1599 994 1614 1010 .
1644 995 1658 1011 .
1689 995 1737 1010 ..
1809 954 1994 1012 Recte
2022 953 2127 1011 ille
2162 953 2420 1028 quidem,
2461 952 2571 1012 sed

322 1052 586 1127 benigne
646 1051 929 1129 praebeat
992 1070 1169 1112 aures
1235 1053 1415 1129 paulo
1488 1054 1831 1114 accuratius
1899 1055 1960 1113 in
2033 1072 2158 1115 rem
2231 1056 2573 1131 inquirenti.

324 1154 560 1230 Nempe
633 1155 887 1232 primum
955 1155 1256 1231 permulta
1335 1155 1630 1216 vocabula
1709 1173 1865 1232 quae
1943 1157 2003 1216 in
2081 1172 2214 1225 ειος
2294 1157 2574 1218 desinunt

325 1256 585 1333 speciem
648 1256 886 1333 quidem
948 1256 1325 1334 negligenter
1380 1260 1678 1336 spectanti
1746 1259 2038 1334 praebent
2098 1261 2575 1338 compositorum,

327 1376 542 1419 revera
614 1364 756 1419 sunt
813 1358 1241 1438 decomposita,
1299 1362 1337 1420 i.
1380 1379 1432 1420 e.
1487 1380 1596 1439 per
1654 1360 1933 1421 suffixum
1999 1378 2096 1419 ειο
2149 1379 2186 1420 a
2237 1360 2574 1422 nominibus

328 1459 676 1536 compositis
698 1460 992 1540 derivata,
1029 1466 1096 1521 ut
1116 1451 1595 1539 πολεμάρχειος
1640 1451 1832 1536 (στοά
1861 1482 1958 1539 ap.
1983 1462 2161 1543 Ath.)‚
2202 1454 2574 1543 ἐπιτήδειος

326 1564 407 1622 ab
447 1555 790 1642 ἐπίτηδες,
848 1553 1185 1642 ἐφήβειος,
1242 1552 1608 1643 ἡμιόνειος,
1667 1554 2140 1638 δασυπόδειος,
2183 1556 2574 1645 τριποδήιος

328 1654 490 1745 ἕδρη
535 1683 634 1742 ap.
677 1665 920 1742 Gallim„
961 1667 1080 1725 alia
1123 1666 1329 1727 multa.
1403 1668 1626 1744 Magna
1670 1667 1890 1728 deinde
1933 1674 2027 1728 est
2069 1668 2246 1727 turba
2288 1669 2573 1745 composi·

326 1772 557 1845 torum,
616 1787 871 1845 quorum
930 1788 1074 1847 pars
1135 1771 1432 1846 posterior
1489 1771 1748 1846 repetita
1804 1776 1898 1830 est
1939 1789 1976 1828 a
2030 1772 2266 1830 nomine
2321 1771 2574 1847 simplici

326 1872 386 1929 in
463 1886 600 1941 ειος
669 1870 769 1937 vel
828 1888 937 1951 εια
987 1871 1331 1931 desinente:
1414 1858 1851 1948 ὓπεράστειος
1926 1874 2099 1933 nimis
2176 1873 2442 1934 urbanus
2500 1875 2576 1933 ab

328 1959 617 2045 ἀστεῖος,
660 1958 1104 2050 ὑποβάκχειος
1147 1980 1209 2034 et
1247 1963 1770 2052 παλιμβάκχειος
1811 1992 1848 2044 a
1892 1972 2200 2052 βακχεῖος
2241 1975 2415 2052 pedis
2459 1993 2575 2034 me·

328 2076 460 2135 trici
493 2076 753 2154 nomine,
779 2070 1271 2150 φιλοβασίλειος
1299 2077 1403 2153 qni
1434 2067 1562 2154 τὴν
1592 2070 1941 2149 βασιλείαν
1964 2081 2140 2151 amat,
2171 2066 2580 2156 ἓπταβόειος,

328 2166 774 2256 τετραβόειος,
818 2162 1186 2255 ω’μοβόειος
1227 2180 1347 2239 alia
1387 2180 1451 2239 in
1495 2177 1718 2252 βοειος
1765 2199 1882 2240 non
1915 2199 1952 2241 a
1980 2177 2141 2253 βοῦς
2185 2179 2289 2240 sed
2321 2199 2358 2239 a
2388 2174 2576 2259 βοείη

333 2282 555 2341 corium
591 2280 894 2359 bubulum,
924 2266 1275 2359 εὖγένειος,
1308 2276 1706 2360 λειογενειος
1736 2284 1811 2343 al.
1842 2302 1879 2344 a
1905 2277 2188 2360 γένειον,
2229 2267 2579 2360 ἀνοίκειος,

332 2377 705 2458 φιλοίκειος
747 2384 823 2445 ab
867 2376 1116 2455 οἰκεῖος
1159 2391 1270 2446 cet.
1357 2386 1494 2446 Non
1540 2382 1760 2446 desunt
1803 2386 2044 2464 quidem
2083 2384 2383 2464 adjectiva
2425 2402 2578 2445 com-

334 2488 529 2565 posita
574 2506 732 2565 qnae
788 2488 1264 2548 terminationem
1310 2505 1447 2558 ειος
1502 2508 1616 2566 pro
1672 2491 1846 2566 signo
1905 2490 2078 2566 quasi
2137 2488 2582 2564 compositionis

333 2597 515 2667 atque
562 2592 827 2651 notionis
866 2578 1253 2667 adJectivalis'
1282 2591 1440 2651 ultro
1487 2597 1810 2652 assumant.
1895 2591 2090 2666 Quum
2138 2610 2284 2651 vero
2347 2609 2579 2667 compo-

336 2693 581 2752 sitorum
628 2693 835 2752 eadem
882 2694 1115 2754 ratione
1158 2693 1359 2754 suffixi
1404 2710 1470 2750 ιο
1515 2713 1632 2772 ope
1674 2694 2062 2755 formatorum
2109 2694 2288 2770 longe
2330 2695 2583 2753 maxima

336 2813 476 2871 pars
521 2795 594 2856 iis
638 2800 890 2874 constet,
934 2815 1191 2874 quorum
1236 2797 1401 2875 prius
1446 2797 1772 2857 membrum
1802 2801 1895 2886 est
1929 2797 2312 2874 praepositio,
2358 2815 2432 2855 ex
2463 2813 2585 2872 qua

337 2916 479 2975 pars
536 2899 840 2976 posterior
896 2899 1160 2975 pendeat
1179 2896 1251 2976 ¹),
1313 2903 1379 2959 nt
1434 2888 1861 2976 μεταμάζιος,
1919 2888 2315 2977 ἐναγώνιοςε
2374 2898 2582 2958 eadem

342 3111 730 3174 „Valckenaer
764 3112 1018 3182 commit,
1053 3127 1179 3182 que·
1197 3112 1486 3182 l'epithete
1522 3112 1844 3180 humerique
1872 3105 2220 3182 εὐπατέρεια
2252 3125 2324 3164 ne
2355 3110 2589 3180 pouvait

341 3213 402 3252 se
456 3204 751 3267 rapporter
800 3198 895 3266 qu’
948 3199 983 3251 εἰ
1035 3199 1089 3252 la
1138 3197 1371 3254 deesse⁴⁴
1438 3189 1846 3268 [εὐπατέρειαν
1897 3190 2080 3252 αὐλάν
2139 3196 2347 3251 frustra
2369 3233 2372 3237 »
2395 3203 2589 3250 tuetur

344 3283 659 3340 Lobeckins
708 3283 798 3338 ad.
832 3280 930 3337 Ai.
968 3299 1021 3352 p.
1060 3287 1175 3352 230,
1226 3284 1404 3339 Para-l,
1440 3287 1556 3348 214,
1593 3289 1640 3346 9,
1691 3298 1814 3338 nam
1860 3282 1989 3337 licet
2031 3298 2133 3352 per
2178 3281 2585 3350 grammaticam

344 3368 722 3437 dictionisque
760 3369 985 3436 regulas
1023 3361 1372 3439 ειῗπατέρεια
1408 3360 1552 3438 αὐλὴ
1590 3368 1698 3422 dici
1735 3369 1916 3438 possit
1951 3379 2018 3422 ea
2049 3369 2105 3422 in
2144 3384 2254 3436 qua
2289 3373 2586 3422 versantur

344 3449 397 3519 οἱ
435 3446 775 3524 ειῗπάτορες.
815 3462 993 3510 tamen
1018 3470 1127 3508 nou
1156 3471 1258 3523 per
1281 3455 1535 3509 carminis
1562 3453 1855 3523 Euripidei
1887 3454 2233 3520 sententiam,
2269 3467 2382 3521 quo
2417 3469 2589 3522 quum

347 3539 524 3594 Diana
558 3539 823 3594 laudibus
859 3539 1141 3606 efferatur,
1177 3545 1336 3608 patet
1371 3532 1733 3611 εὐπατέρεια,
1768 3539 1918 3607 quod
1955 3539 2106 3608 apud
2129 3537 2427 3600 Homerum
2452 3554 2589 3593 sem-

347 3640 444 3692 per
480 3623 807 3680 feminarum
850 3625 1120 3680 nobilium
1170 3624 1462 3694 epitheton
1509 3624 1786 3680 honorans
1831 3630 1942 3693 est,
1988 3625 2156 3679 etiam
2201 3623 2306 3677 hoc
2351 3625 2476 3678 loco
2518 3625 2590 3679 de

346 3709 523 3765 Diana
576 3710 786 3764 dictum
841 3712 1001 3780 esse].
1086 3709 1383 3774 „Gaisford
1439 3725 1686 3781 proposa
1740 3701 2066 3779 εὖπατέρει’
2113 3700 2200 3762 ἄν’
2248 3700 2428 3764 οἶκον.
2503 3710 2589 3762 En

351 3792 613 3863 prolitant
639 3797 708 3851 de
734 3795 885 3851 cette
910 3797 1058 3852 belle
1093 3796 1423 3864 correction,
1445 3796 1547 3866 j’ai
1583 3796 1727 3850 ecrit
1762 3789 1799 3849 ἃ
1832 3789 2110 3864 μεγάλαν,
2148 3810 2212 3848 ce
2247 3795 2345 3862 qui
2381 3799 2594 3862 permut

351 3881 419 3933 de
462 3897 763 3938 conserver
811 3884 844 3936 a
872 3883 944 3936 .la
990 3883 1096 3936 sois
1141 3874 1322 3936 αὕλὰν
1367 3888 1425 3935 et
1474 3873 1638 3936 οἶκον
1684 3879 1980 3948 (Eustatbe
2025 3880 2096 3933 ad
2147 3879 2374 3935 Iliadem
2411 3897 2464 3948 p.
2491 3884 2590 3933 436

353 3966 459 4020 cite
498 3962 678 4035 Ζηνὸς
712 3964 1079 4038 πολύχρυσον
1116 3957 1324 4030 οἶκον),
1370 3973 1429 4021 et
1460 3967 1513 4037 je
1547 3980 1815 4035 proposse,
1872 3980 2015 4035 pour
2050 3963 2277 4018 retablir
2320 3965 2371 4018 le
2416 3964 2589 4017 meti-c

353 4052 707 4122 glyconique:
744 4047 782 4106 «ii
818 4050 996 4117 ναίεις
1026 4048 1290 4121 μεγάλαν
1325 4044 1453 4106 κατ’
1492 4045 1822 4118 Οῧ-λυμπον
1860 4042 2184 4119 εὖπατέρεί
2210 4087 2223 4102 .
2250 4090 2262 4102 .
2289 4089 2302 4103 .

522 4163 562 4222 ¹)
600 4156 773 4225 Apud
824 4155 1120 4209 Homerum
1169 4155 1313 4207 euim
1378 4154 1580 4208 suffixo
1629 4173 1681 4206 ιο
1737 4153 2026 4218 terminata
2086 4151 2221 4204 hace
2285 4156 2417 4204 suut
2463 4162 2594 4202 vera

356 4242 680 4311 composita:
729 4234 1039 4310 ἀδελφεός,
1089 4232 1453 4304 ἀθεμίστιος,
1490 4233 1824 4307 άπειρέσιος
1855 4237 1948 4291 vel
1985 4229 2340 4304 ἇπερείσιος,
2379 4226 2595 4300 ὁμογά-

2287 4337 2352 4388 3.
