3166 4871
2501 283 2622 345 139

378 456 574 531 gentis
603 457 865 531 ipsarum
913 473 1146 531 parens,
1192 456 1467 532 prosecta
1511 458 1627 532 est3
1675 473 1745 514 eo
1775 456 1956 531 igitur
1999 455 2230 515 fae-ilius
2274 458 2421 532 eius,
2466 475 2622 533 quae

378 558 589 616 summi
623 558 782 616 lovis
813 556 1115 632 quondam
1148 554 1330 633 digna
1362 556 1561 617 habita
1606 562 1699 616 est
1742 575 1959 631 amore,
2003 557 2084 615 ita
2113 557 2228 616 illis
2273 575 2619 633 repraesen-

378 664 540 720 tatur
583 661 811 736 imago,
866 665 932 719 ut
992 666 1361 735 praesentem
1420 678 1548 719 eam
1599 659 1818 719 habere
1877 666 1939 720 et
1983 678 2228 719 cernere
2273 660 2462 720 oculis
2508 661 2619 720 sibi

378 761 695 821 videantur
738 759 1185 838 fugientemque
1233 763 1392 821 lovis
1437 780 1685 822 uxorem
1731 762 1901 838 quasi
1948 766 2408 840 prosequantur.

377 881 434 923 v.
480 868 621 924 542.
888 854 1091 922 ἔνθεν
1134 847 1228 923 Ὶώ

888 958 1136 1045 οἴστρῳ
1180 958 1573 1046 ἐρεσσομένα

887 1057 1154 1146 φεύγει
1201 1053 1607 1148 ἁμαρτίνοος

887 1215 899 1228 .
949 1214 964 1230 .
1014 1216 1027 1229 .
1079 1164 1224 1251 διχῆ
1270 1157 1329 1231 δ’
1354 1156 1734 1251 ἀντίπορον

884 1279 1082 1351 γαῖαν
1128 1266 1202 1332 ἐν
1248 1267 1402 1355 αἴσᾳ
1447 1267 1890 1352 διατέμνουσα
1934 1263 2155 1352 πόρον
2202 1270 2535 1353 κυματίαν

2348 1366 2616 1457 ὁρίζει

549 1479 800 1539 Ceterae
856 1480 1032 1538 huius
1088 1480 1265 1557 fugae
1325 1480 1614 1539 stationes
1668 1484 1729 1540 et
1781 1481 1946 1556 ipsae
1989 1481 2294 1557 praesenti
2339 1481 2619 1541 historico

377 1580 661 1658 deinceps
704 1585 1003 1640 notantur.

377 1701 431 1742 v.
479 1686 617 1744 547.
888 1673 1151 1742 ἰάπτει
1197 1669 1507 1755 δ’Άσίδος
1553 1671 1637 1742 δι’
1683 1676 1831 1755 αἴας
1879 1730 1890 1742 .
1943 1730 1954 1742 .
2005 1729 2018 1743 .
2069 1730 2080 1742 .

378 1805 431 1846 v.
477 1789 617 1847 549.
887 1783 1061 1867 περᾷ
1106 1779 1175 1844 δὲ
1227 1776 1653 1866 Τεύθραντος
1703 1773 1866 1845 ἄστυ
1913 1785 2183 1845 Μυσῶν.
2233 1818 2318 1827 -

377 1907 431 1947 v.
476 1892 619 1949 556.
886 1878 1228 1946 ἱκνεῖται
1281 1873 1873 1964 δἐἰσικνουμένου
1932 1882 2106 1960 βέλει
2162 1874 2507 1961 βουκόλου

1925 1975 2337 2068 πτερόεντος
2381 1996 2492 2051 ete.
2537 2021 2621 2031 --

462 2090 854 2167 Antistropha
909 2107 981 2168 γ,
1040 2110 1195 2168 quae
1253 2092 1555 2169 sequitur,
1620 2109 1754 2151 cum
1812 2092 2112 2152 hominum
2170 2092 2618 2154 admirationem

464 2192 784 2271 describat,
827 2192 1176 2270 imperfecta
1221 2196 1289 2253 ut
1332 2213 1443 2271 par
1487 2199 1581 2253 est
1627 2194 1887 2270 adhibet,
1932 2195 2180 2271 stropha
2224 2190 2262 2253 ὁ
2294 2214 2435 2255 vero
2467 2197 2623 2258 redit

461 2295 536 2355 ad
582 2313 871 2371 praesens
916 2295 1280 2367 historicum,
1327 2296 1549 2373 quippe
1598 2315 1750 2375 quae
1796 2296 1969 2356 finem
2010 2297 2362 2376 felicemque
2407 2299 2616 2360 horum

462 2416 727 2459 errorum
774 2399 993 2459 exitum
1041 2399 1451 2461 concelebret:

883 2497 995 2576 βία
1042 2488 1100 2561 δ’
1125 2482 1498 2583 ἀπημάντῳ
1541 2497 1771 2562 σθένει
1817 2498 1928 2561 καὶ
1975 2499 2189 2575 θείαις
2241 2496 2619 2576 ἐπιπνοίαις

374 2622 429 2663 v.
474 2607 616 2665 577.
881 2594 1252 2678 παύεται,
1285 2592 1603 2686 δακρύων
1647 2590 1706 2665 δ’
1731 2591 2162 2683 ἀποστάζει
2191 2601 2533 2685 πένθιμον

2299 2702 2490 2782 αἰδῶ,
2535 2741 2619 2750 —-

457 2809 660 2882 (Quod
721 2810 873 2870 infra
932 2812 1199 2887 sequitur
1263 2830 1553 2889 praesens
1614 2830 1671 2871 ν.
1717 2815 1840 2874 583
1902 2808 2031 2892 βοᾷ
2099 2830 2216 2872 non
2278 2818 2368 2872 est
2426 2830 2618 2890 praes.

458 2911 838 2988 historicum,
909 2931 1041 2971 cum
1104 2914 1360 2972 omnium
1410 2914 1676 2988 gentium
1737 2919 2110 2990 praesentem
2174 2920 2352 2991 atque
2416 2915 2618 2974 etiam-

460 3031 618 3070 nunc
661 3019 1105 3089 permanentem
1154 3016 1649 3090 approbationem
1696 3034 1767 3073 eo
1813 3014 2107 3074 declarari
2154 3014 2490 3092 appareat.)

542 3115 1046 3189 Agamemnon

542 3218 613 3275 ln
659 3217 885 3292 paredo
933 3218 1158 3277 nullum
1208 3223 1371 3278 extat
1417 3220 1546 3277 eius
1591 3220 1832 3295 generis
1883 3237 2182 3295 praesens.

544 3318 690 3378 Inde
758 3339 794 3378 a
859 3337 1032 3379 versu
1104 3323 1227 3381 280
1287 3320 1683 3396 Clytemestra
1762 3310 2311 3399 λαμπαδηφόρων
2372 3310 2618 3397 νόμους

371 3423 673 3497 expressis
722 3421 923 3480 verbis
968 3423 1231 3498 explicat
1294 3424 1542 3484 victoria
1588 3424 1949 3483 Graecorum
2009 3422 2326 3483 admodum
2375 3424 2617 3501 gavisa3

372 3521 657 3582 historica
701 3525 1042 3601 praesentia
1085 3525 1293 3585 inserit
1337 3525 1540 3602 plura:

881 3615 1035 3696 ἑκὰς
1081 3621 1151 3685 δὲ
1197 3623 1499 3706 φρυκτοῦ
1545 3625 1690 3703 φῶς
1735 3612 1840 3687 ἐπ’
1887 3613 2198 3706 Εὐρίπου
2242 3618 2403 3709 ῥοὰς

372 3745 426 3786 v.
474 3731 612 3788 293.
882 3723 1277 3787 Μεσσαπίου
1323 3719 1567 3806 φύλαξι
1616 3724 1986 3810 σημαίνει
2030 3720 2265 3809 μολόν.

455 3831 822 3907 (sequuntur
866 3830 1215 3907 praeterita)
1260 3863 1343 3872 —

371 3951 424 3992 v.
471 3937 611 3994 305.
877 3927 1273 4011 πέμπουσι
1318 3919 1377 3994 δ’
1400 3920 1793 4005 ἀνδαίοντες
1839 3920 2131 4015 ἀφθόνῳ
2171 3930 2349 4015 μένει

880 4021 1136 4115 φλογὸς
1177 4030 1386 4116 μέγαν
1429 4028 1727 4117 πώγωνα

371 4157 424 4197 v.
470 4141 610 4200 310.
878 4124 1139 4198 κᾶπειτ’
1186 4125 1533 4218 Ἀτρειδῶν
1578 4133 1644 4211 ἐς
1687 4132 1836 4200 τόδε
1887 4128 2212 4222 σκήπτει
2262 4134 2492 4218 στέγος

880 4231 1049 4316 φάος
1093 4227 1238 4301 τόδ’
1292 4287 1622 4302 ......
