3166 4871
1004 306 1090 362 De
1122 306 1327 361 nomin.
1362 306 1420 360 iu
1454 324 1651 387 maog..
1688 310 1720 373 ᾗ
1755 312 1836 398 ‘'f'o.
2222 341 2227 345 ·
2426 312 2542 376 187

294 490 538 547 veteres
580 486 789 546 minus=
822 487 928 546 illa
967 485 1340 547 derivatione
1383 485 1477 545 usi
1519 488 1663 545 sunt
1704 500 1882 562 quam
1928 485 2295 546 recentiores
2332 490 2547 563 poetae

296 590 553 648 maxime
594 589 800 648 Iadem
848 590 1217 648 affectantes.
1305 589 1394 647 Ea
1420 586 1496 647 de
1535 606 1607 647 re
1640 588 1768 665 jam
1814 605 1998 665 supra
2042 588 2315 666 diximus,
2358 604 2544 666 quum

299 690 376 750 de
422 709 731 769 paragoge
775 690 983 753 Ionica
1028 708 1362 769 ageremus.
1448 691 1527 750 Et
1567 690 1629 750 in
1676 708 1796 751 uno
1835 692 2085 751 maxime
2115 691 2544 769 vo‘cabulorum

294 811 520 870 genere
564 794 672 853 ilia
714 812 1023 871 paragoge
1067 793 1264 853 ionica
1310 793 1439 871 jam
1497 793 1871 870 perantiquis
1914 794 2283 871 temporibus
2324 794 2547 855 usitata

292 899 439 971 erat,
484 895 648 973 qnod
679 895 879 956 adbuc
907 897 1088 973 plane
1119 914 1237 956 non
1271 896 1494 955 vidisse
1524 896 1808 956 videntur
1846 896 1958 955 viri
1992 895 2172 975 docti,
2218 897 2277 956 iu
2322 897 2543 957 nomi-

294 997 506 1058 nibus
553 998 968 1059 verbalibus
1014 1000 1139 1059 sive
1170 1002 1448 1075 agentem
1480 999 1607 1058 sive
1638 1014 1763 1058 rem
1809 1002 2002 1058 actam
2047 998 2545 1078 significantibus.

289 1100 500 1161 Solent
541 1102 697 1161 enim
744 1101 1039 1162 vocabula
1082 1103 1212 1162 eins
1253 1103 1494 1178 generis
1538 1105 1604 1161 ut
1640 1085 2005 1179 ἀμοιβαῖος,
2050 1098 2340 1175 βολαῖος,
2383 1100 2541 1162 κλοι-

290 1208 527 1275 παῖος,
589 1209 935 1281 πομπαῖος
993 1204 1069 1264 al.
1127 1203 1403 1264 revocari
1462 1203 1539 1263 ad
1603 1202 1978 1264 substantiva
2034 1205 2340 1265 abstracta
2395 1206 2457 1266 in
2502 1218 2544 1285 η

290 1290 568 1383 ἀμοιβή,
626 1295 828 1384 βολή,
886 1295 1136 1385 κλοπή,
1199 1294 1467 1384 πομπή,
1527 1306 1699 1383 quasi
1754 1306 2183 1385 significarent,
2244 1307 2407 1384 quod
2464 1306 2542 1369 ad

294 1392 604 1487 ἀμοιβήν,
648 1398 911 1489 κλοπήν
941 1413 1053 1469 etc.
1095 1409 1373 1487 pertinet.
1443 1408 1561 1469 Sed
1594 1409 1709 1468 hoe
1737 1409 1919 1487 plane
1949 1408 2161 1469 falsum
2206 1414 2317 1470 est.
2386 1411 2541 1471 Nam

290 1528 640 1587 quanquam
697 1511 986 1572 nonnulla
1047 1513 1255 1572 horum
1315 1511 1749 1572 vocabulorum
1810 1530 1846 1571 a
1900 1510 2197 1573 femininis
2264 1511 2544 1575 derivata

291 1630 424 1673 esse
468 1618 735 1687 constat,
778 1618 847 1674 ut
888 1619 1226 1694 τροπαῖον
1266 1613 1512 1675 videtur
1556 1609 1689 1678 esse
1731 1604 1814 1673 τὸ
1861 1606 1973 1673 ἐπὶ
2002 1612 2241 1693 «τροπῇ
2282 1608 2542 1675 σταθέν
2610 1677 2615 1683 ,
2705 1612 2718 1625 “

288 1714 502 1792 (supra
546 1734 604 1793 p.
654 1713 825 1793 162),
889 1712 1168 1795 ὁομαῖος
1225 1717 1378 1795 lapis
1433 1716 1510 1776 ad
1567 1706 1785 1797 δομήν
1826 1719 2204 1778 necessarius
2249 1717 2331 1797 (p.
2381 1716 2543 1805 142),

291 1823 580 1895 νομαῖον
634 1820 914 1899 pascuale
971 1838 1009 1879 a
1049 1809 1224 1899 νομή
1286 1819 1623 1881 derivatum
1678 1818 1764 1896 (p.
1812 1816 2003 1898 1481„
2048 1838 2202 1898 quae
2246 1822 2542 1882 vocabula

282 1921 406 1998 jam
453 1940 643 1999 snpra
687 1924 745 1983 in
791 1941 996 1983 eorum
1043 1940 1292 1983 numero
1337 1922 1648 2001 posuimus
1694 1940 1849 2000 quae
1882 1941 1918 1983 a
1948 1924 2284 1985 nominibus
2314 1925 2541 2002 primae

291 2023 707 2085 declinationis
747 2026 1062 2104 pullulant,
1104 2031 1300 2086 tamen
1347 2019 1639 2104 pleraque
1684 2042 1803 2085 non
1849 2026 2025 2086 aliam
2064 2025 2292 2087 habent
2320 2024 2539 2103 signifi·

292 2127 586 2188 cationem
633 2126 746 2187 nisi
791 2132 895 2188 ant
939 2128 1194 2188 activam
1243 2131 1348 2189 aut
1389 2129 1718 2206 passivam,
1764 2129 1968 2205 itaque
2012 2128 2163 2188 haec
2206 2142 2321 2205 per
2369 2144 2541 2207 para·

290 2246 489 2307 gogen
556 2230 826 2292 ionicam·
875 2250 911 2290 a
975 2230 1343 2309 simplicibus
1415 2230 1762 2291 verbalibus
1836 2231 1993 2290 idem
2064 2229 2539 2309 significantibus

292 2330 566 2392 derivata
612 2350 743 2394 esse
786 2337 1058 2413 apparet.
1149 2336 1230 2395 Ut
1256 2340 1601 2412 πομπαῖος
1630 2334 1813 2411 plane
1844 2333 1999 2394 idem
2031 2334 2328 2411 significat
2357 2336 2539 2413 atque

291 2424 582 2523 πομπάς,
623 2425 952 2515 πομπεύς,
995 2426 1373 2516 πόμπιμος;
1415 2443 1695 2516 τομαῖος
1739 2443 1830 2498 est
1872 2441 2094 2515 sectus,
2142 2453 2373 2518 caesus,
2414 2439 2451 2499 i.
2481 2457 2540 2516 q.

291 2528 697 2616 τεμνόμενος
740 2541 840 2600 vel
884 2536 1192 2620 τμηθεὶς,
1252 2541 1457 2601 eadem
1515 2540 1951 2619 significatione
2010 2559 2132 2619 qna
2187 2557 2425 2619 -τομος
2476 2542 2538 2602 in

289 2623 652 2719 (ἐπίτομος
696 2648 835 2720 ete„
872 2638 1217 2722 -dpoaalog
1260 2667 1344 2690 ==
1388 2638 1680 2722 τρέχων,
1742 2643 2075 2715 κλοπαῖος
2118 2667 2203 2694 -··--=
2245 2638 2534 2714 κλαπείς.

291 2743 367 2803 Et
409 2761 598 2821 quum
644 2745 962 2806 multorum
1009 2745 1122 2808 hae
1168 2746 1397 2807 ratione
1440 2746 1831 2807 icanatorum
1877 2746 2181 2824 primitiva
2220 2748 2279 2807 in
2309 2764 2415 2818 -ος
2445 2748 2540 2808 vel

291 2847 532 2907 omnino
577 2865 698 2908 non
743 2852 1009 2927 exstent,
1054 2850 1149 2909 vel
1196 2868 1315 2910 non
1364 2853 1604 2911 exstent
1646 2849 1759 2910 nisi
1803 2850 1864 2909 in
1909 2849 2029 2910 flue
2073 2851 2537 2928 compositorum

292 2947 382 3020 (nt
437 2935 787 3027 ἀμοιβαῖος
840 2941 1315 3029 χρυσάμοιβος,
1382 2949 1659 3025 βολαῖος
1717 2941 2139 3032 ἐλαφηβόλος
2192 2940 2538 3032 ἑκηβόλος,

294 3045 560 3129 δοχαῖος
603 3041 929 3131 διάδοχος,
976 3049 1294 3133 δρομαῖος
1336 3049 1743 3134 περίδρομος
1788 3054 1915 3132 ah),
1967 3054 2345 3132 intelligitur,
2388 3054 2538 3114 haee

297 3156 593 3215 vocabula
651 3156 712 3215 in
774 3173 920 3227 αιος
975 3158 1291 3218 terminata
1325 3158 1453 3235 jam
1498 3156 1816 3218 admodum
1863 3156 2062 3234 prisco
2106 3160 2375 3234 tempore
2419 3159 2537 3217 tam

295 3258 436 3318 nihil
483 3276 521 3317 a
565 3260 880 3336 primitivis
934 3260 1282 3320 verbalibus
1341 3261 1402 3319 in
1460 3279 1495 3320 o
1555 3259 1989 3337 significatione
2048 3258 2288 3319 diversa
2340 3257 2537 3334 fuisse,

295 3367 366 3421 ut
391 3362 717 3422 -Graeeis
763 3363 921 3440 ipsa
964 3363 1294 3424 verbalia
1357 3380 1513 3423 esse
1557 3362 2018 3441 viderentur,
2077 3366 2151 3423 et
2200 3362 2536 3422 termina*

293 3463 496 3524 tione
541 3480 723 3534 αιος
768 3483 855 3524 ex
898 3466 1053 3541 ipso
1098 3465 1319 3526 verbo
1368 3465 1887 3526 derivarentur
1928 3465 2213 3525 nomina
2256 3466 2537 3527 activae

297 3567 403 3626 vel
449 3569 789 3642 passi-vae
836 3567 1181 3646 notionis,
1226 3569 1506 3629 etiamsi
1552 3568 1859 3647 simplex
1904 3568 2118 3629 huius
2158 3568 2536 3647 significa-

295 3671 512 3729 tionis
556 3669 626 3728 in
673 3685 759 3740 ος
805 3669 1144 3731 desinens
1188 3675 1328 3731 'non
1376 3670 1756 3731 existebat.
1842 3672 2059 3731 Forma
2101 3675 2303 3733 tamen
2335 3687 2537 3733 serva<-

296 3771 466 3832 batur
523 3770 1104 3835 denominativorum
1167 3789 1286 3833 non
1347 3774 1540 3834 solum
1599 3773 2018 3835 terminatione
2076 3772 2185 3836 sed
2243 3773 2419 3835 etiam
2454 3789 2537 3836 ‘ea

294 3876 496 3953 stirpis
554 3873 881 3935 mutatione
939 3893 1096 3952 quae
1152 3875 1214 3936 in
1260 3876 1631 3952 simplicibus
1673 3873 2016 3937 verbalibus
2059 3875 2188 3937 fieri
2235 3877 2411 3957 solet,
2468 3879 2537 3938 ut

297 3994 330 4034 a
371 3983 442 4036 st.
499 3973 629 4050 βαλ
676 3970 848 4056 δραμ
893 3989 1102 4057 στρεφ
1145 3994 1265 4056 τεμ
1310 3962 1502 4055 ἅμειβ
1557 3997 1678 4039 non
1736 3975 2015 4051 βαλαῖος
2058 3979 2156 4038 vel
2212 3977 2536 4053 βαλλατος

298 4073 637 4158 δραμαῖος,
704 4067 1080 4159 στρεφαῖος,
1141 4086 1407 4159 τεμαῖος
1450 4081 1550 4141 vel
1594 4083 1926 4159 τεμναῖος,
1993 4066 2360 4160 ἄμειβαῖος,
2426 4081 2533 4142 sed

299 4176 608 4260 δρομαῖος
667 4187 1036 4261 στροφαῖος
1091 4189 1368 4261 τομαῖος
1435 4168 1782 4262 ἀμοιβαῖος
1849 4184 2300 4245 descenderent.
2404 4184 2534 4243 Hac

298 4285 521 4346 ratione
583 4302 660 4346 ex
721 4284 1077 4346 secundario
1140 4285 1356 4347 suffixo
1417 4302 1563 4357 αιος
1625 4287 1882 4364 quodam
1947 4286 2123 4348 modo
2186 4286 2532 4364 primarium
