<?xml version="1.0" encoding="UTF-8"?>
<!DOCTYPE html PUBLIC "-//W3C//DTD XHTML 1.0 Transitional//EN"
    "http://www.w3.org/TR/xhtml1/DTD/xhtml1-transitional.dtd">
<html xmlns="http://www.w3.org/1999/xhtml" xml:lang="en" lang="en">
 <head>
  <title>
</title>
<meta http-equiv="Content-Type" content="text/html;charset=utf-8" />
  <meta name='ocr-system' content='tesseract 3.04.00' />
  <meta name='ocr-capabilities' content='ocr_page ocr_carea ocr_par ocr_line ocrx_word'/>
</head>
<body>
  <div class='ocr_page' id='page_1' title='image "./dissertationesp00hallgoog_0797.png"; bbox 0 0 3166 4871; ppageno 0'>
   <div class='ocr_carea' id='block_1_1' title="bbox 586 0 1092 2">
    <p class='ocr_par' dir='ltr' id='par_1_1' title="bbox 586 0 1092 2">
     <span class='ocr_line' id='line_1_1' title="bbox 586 0 1092 2; baseline 0 0"><span class='ocrx_word' id='word_1_1' title='bbox 586 0 1092 2; x_wconf 95' lang='lat' dir='ltr'> </span> 
     </span>
    </p>
   </div>
   <div class='ocr_carea' id='block_1_2' title="bbox 2510 305 2632 366">
    <p class='ocr_par' dir='ltr' id='par_1_2' title="bbox 2510 305 2632 366">
     <span class='ocr_line' id='line_1_2' title="bbox 2510 305 2632 366; baseline -0.008 0"><span class='ocrx_word' id='word_1_2' title='bbox 2510 305 2632 366; x_wconf 79' lang='lat'>433</span> 
     </span>
    </p>
   </div>
   <div class='ocr_carea' id='block_1_3' title="bbox 390 479 2642 4338">
    <p class='ocr_par' dir='ltr' id='par_1_3' title="bbox 390 479 2636 967">
     <span class='ocr_line' id='line_1_3' title="bbox 390 479 2634 560; baseline -0.001 -19"><span class='ocrx_word' id='word_1_3' title='bbox 390 481 570 560; x_wconf 88' lang='lat' dir='ltr'>hujus</span> <span class='ocrx_word' id='word_1_4' title='bbox 615 483 824 542; x_wconf 79' lang='lat' dir='ltr'>aetatis</span> <span class='ocrx_word' id='word_1_5' title='bbox 870 481 1053 541; x_wconf 89' lang='lat' dir='ltr'>fuisse</span> <span class='ocrx_word' id='word_1_6' title='bbox 1098 482 1357 556; x_wconf 76' lang='lat' dir='ltr'>equestri</span> <span class='ocrx_word' id='word_1_7' title='bbox 1407 480 1574 556; x_wconf 88' lang='lat' dir='ltr'>loco,</span> <span class='ocrx_word' id='word_1_8' title='bbox 1620 479 1739 539; x_wconf 89' lang='lat' dir='ltr'>duo</span> <span class='ocrx_word' id='word_1_9' title='bbox 1785 498 2007 555; x_wconf 87' lang='lat' dir='ltr'>genera</span> <span class='ocrx_word' id='word_1_10' title='bbox 2052 481 2470 540; x_wconf 87' lang='lat' dir='ltr'>centurionum</span> <span class='ocrx_word' id='word_1_11' title='bbox 2518 486 2634 538; x_wconf 88' lang='lat' dir='ltr'>sta·</span> 
     </span>
     <span class='ocr_line' id='line_1_4' title="bbox 391 582 2636 660; baseline -0.001 -17"><span class='ocrx_word' id='word_1_12' title='bbox 391 583 617 643; x_wconf 88' lang='lat' dir='ltr'>tuenda</span> <span class='ocrx_word' id='word_1_13' title='bbox 661 602 792 643; x_wconf 89' lang='lat' dir='ltr'>esse</span> <span class='ocrx_word' id='word_1_14' title='bbox 838 583 1136 658; x_wconf 87' lang='lat' dir='ltr'>videntur,</span> <span class='ocrx_word' id='word_1_15' title='bbox 1180 582 1429 641; x_wconf 89' lang='lat' dir='ltr'>alterum</span> <span class='ocrx_word' id='word_1_16' title='bbox 1477 600 1713 657; x_wconf 90' lang='lat' dir='ltr'>eorum,</span> <span class='ocrx_word' id='word_1_17' title='bbox 1760 582 1862 659; x_wconf 92' lang='lat' dir='ltr'>qui</span> <span class='ocrx_word' id='word_1_18' title='bbox 1908 601 1945 639; x_wconf 94' lang='lat' dir='ltr'>a</span> <span class='ocrx_word' id='word_1_19' title='bbox 1990 582 2185 658; x_wconf 88' lang='lat' dir='ltr'>caliga</span> <span class='ocrx_word' id='word_1_20' title='bbox 2230 588 2636 660; x_wconf 75' lang='lat' dir='ltr'><strong>provenerant</strong></span> 
     </span>
     <span class='ocr_line' id='line_1_5' title="bbox 391 685 2632 763; baseline -0 -18"><span class='ocrx_word' id='word_1_21' title='bbox 391 687 731 763; x_wconf 80' lang='lat' dir='ltr'>quibusque</span> <span class='ocrx_word' id='word_1_22' title='bbox 776 704 914 763; x_wconf 91' lang='lat' dir='ltr'>spes</span> <span class='ocrx_word' id='word_1_23' title='bbox 958 686 1183 745; x_wconf 88' lang='lat' dir='ltr'>altioris</span> <span class='ocrx_word' id='word_1_24' title='bbox 1231 702 1552 761; x_wconf 77' lang='lat' dir='ltr'>processus</span> <span class='ocrx_word' id='word_1_25' title='bbox 1597 704 1775 760; x_wconf 89' lang='lat' dir='ltr'>quam</span> <span class='ocrx_word' id='word_1_26' title='bbox 1823 685 1897 743; x_wconf 90' lang='lat' dir='ltr'>ad</span> <span class='ocrx_word' id='word_1_27' title='bbox 1946 685 2480 761; x_wconf 88' lang='lat' dir='ltr'>primipilaritatem</span> <span class='ocrx_word' id='word_1_28' title='bbox 2514 704 2632 744; x_wconf 92' lang='lat' dir='ltr'>non</span> 
     </span>
     <span class='ocr_line' id='line_1_6' title="bbox 393 786 2635 863; baseline -0.001 -15"><span class='ocrx_word' id='word_1_29' title='bbox 393 795 548 859; x_wconf 88' lang='lat' dir='ltr'>erat,</span> <span class='ocrx_word' id='word_1_30' title='bbox 610 790 863 847; x_wconf 83' lang='lat' dir='ltr'>alterum</span> <span class='ocrx_word' id='word_1_31' title='bbox 925 806 1161 862; x_wconf 88' lang='lat' dir='ltr'>eorum,</span> <span class='ocrx_word' id='word_1_32' title='bbox 1223 788 1325 863; x_wconf 91' lang='lat' dir='ltr'>qui</span> <span class='ocrx_word' id='word_1_33' title='bbox 1370 806 1405 844; x_wconf 94' lang='lat' dir='ltr'>a</span> <span class='ocrx_word' id='word_1_34' title='bbox 1451 787 1872 845; x_wconf 88' lang='lat' dir='ltr'>centurionatu</span> <span class='ocrx_word' id='word_1_35' title='bbox 1920 786 2042 846; x_wconf 91' lang='lat' dir='ltr'>orsi</span> <span class='ocrx_word' id='word_1_36' title='bbox 2087 791 2250 862; x_wconf 86' lang='lat' dir='ltr'>sunt,</span> <span class='ocrx_word' id='word_1_37' title='bbox 2314 792 2380 845; x_wconf 89' lang='lat' dir='ltr'>ut</span> <span class='ocrx_word' id='word_1_38' title='bbox 2425 793 2635 862; x_wconf 88' lang='lat' dir='ltr'>postea</span> 
     </span>
     <span class='ocr_line' id='line_1_7' title="bbox 391 887 2424 967; baseline -0.001 -18"><span class='ocrx_word' id='word_1_39' title='bbox 391 890 773 967; x_wconf 76' lang='lat' dir='ltr'>praefectura</span> <span class='ocrx_word' id='word_1_40' title='bbox 816 889 1069 967; x_wconf 80' lang='lat' dir='ltr'>legionis</span> <span class='ocrx_word' id='word_1_41' title='bbox 1116 888 1301 948; x_wconf 87' lang='lat' dir='ltr'>functi</span> <span class='ocrx_word' id='word_1_42' title='bbox 1350 891 1782 964; x_wconf 86' lang='lat' dir='ltr'>procuraturae</span> <span class='ocrx_word' id='word_1_43' title='bbox 1828 887 2152 963; x_wconf 77' lang='lat' dir='ltr'>participes</span> <span class='ocrx_word' id='word_1_44' title='bbox 2197 888 2424 947; x_wconf 70' lang='lat' dir='ltr'>fierent·</span> 
     </span>
    </p>

    <p class='ocr_par' dir='ltr' id='par_1_4' title="bbox 391 989 2635 1356">
     <span class='ocr_line' id='line_1_8' title="bbox 561 989 2627 1069; baseline -0 -18"><span class='ocrx_word' id='word_1_45' title='bbox 561 992 691 1051; x_wconf 86' lang='lat' dir='ltr'>Jam</span> <span class='ocrx_word' id='word_1_46' title='bbox 737 994 787 1051; x_wconf 93' lang='lat' dir='ltr'>si</span> <span class='ocrx_word' id='word_1_47' title='bbox 831 993 1190 1069; x_wconf 78' lang='lat' dir='ltr'>quaerimus,</span> <span class='ocrx_word' id='word_1_48' title='bbox 1236 990 1294 1050; x_wconf 90' lang='lat' dir='ltr'>id</span> <span class='ocrx_word' id='word_1_49' title='bbox 1338 991 1675 1049; x_wconf 88' lang='lat' dir='ltr'>institutum</span> <span class='ocrx_word' id='word_1_50' title='bbox 1730 992 2180 1062; x_wconf 83' lang='lat' dir='ltr'>„centurionum</span> <span class='ocrx_word' id='word_1_51' title='bbox 2224 989 2627 1067; x_wconf 85' lang='lat' dir='ltr'>equestrium“</span> 
     </span>
     <span class='ocr_line' id='line_1_9' title="bbox 393 1093 2634 1170; baseline -0 -18"><span class='ocrx_word' id='word_1_52' title='bbox 393 1098 588 1153; x_wconf 87' lang='lat' dir='ltr'>utrum</span> <span class='ocrx_word' id='word_1_53' title='bbox 636 1094 943 1153; x_wconf 91' lang='lat' dir='ltr'>commodo</span> <span class='ocrx_word' id='word_1_54' title='bbox 977 1094 1153 1152; x_wconf 84' lang='lat' dir='ltr'>fuerit</span> <span class='ocrx_word' id='word_1_55' title='bbox 1195 1093 1429 1169; x_wconf 91' lang='lat' dir='ltr'>imperii</span> <span class='ocrx_word' id='word_1_56' title='bbox 1474 1096 1534 1151; x_wconf 88' lang='lat' dir='ltr'>et</span> <span class='ocrx_word' id='word_1_57' title='bbox 1563 1094 1867 1151; x_wconf 88' lang='lat' dir='ltr'>exercitus</span> <span class='ocrx_word' id='word_1_58' title='bbox 1898 1094 2146 1151; x_wconf 87' lang='lat' dir='ltr'>Romani</span> <span class='ocrx_word' id='word_1_59' title='bbox 2183 1111 2391 1169; x_wconf 88' lang='lat' dir='ltr'>necne,</span> <span class='ocrx_word' id='word_1_60' title='bbox 2435 1093 2634 1170; x_wconf 87' lang='lat' dir='ltr'>qualis</span> 
     </span>
     <span class='ocr_line' id='line_1_10' title="bbox 391 1195 2635 1272; baseline 0 -18"><span class='ocrx_word' id='word_1_61' title='bbox 391 1195 573 1255; x_wconf 80' lang='lat' dir='ltr'>fuerit</span> <span class='ocrx_word' id='word_1_62' title='bbox 641 1199 829 1255; x_wconf 88' lang='lat' dir='ltr'>status</span> <span class='ocrx_word' id='word_1_63' title='bbox 892 1196 1129 1254; x_wconf 91' lang='lat' dir='ltr'>militiae</span> <span class='ocrx_word' id='word_1_64' title='bbox 1197 1195 1490 1271; x_wconf 85' lang='lat' dir='ltr'>equestris</span> <span class='ocrx_word' id='word_1_65' title='bbox 1551 1200 1748 1253; x_wconf 91' lang='lat' dir='ltr'>aetate</span> <span class='ocrx_word' id='word_1_66' title='bbox 1812 1195 2238 1271; x_wconf 90' lang='lat' dir='ltr'>imperatorum</span> <span class='ocrx_word' id='word_1_67' title='bbox 2305 1197 2635 1272; x_wconf 78' lang='lat' dir='ltr'>cogitemus</span> 
     </span>
     <span class='ocr_line' id='line_1_11' title="bbox 394 1303 792 1356; baseline 0 0"><span class='ocrx_word' id='word_1_68' title='bbox 394 1314 639 1356; x_wconf 90' lang='lat' dir='ltr'>necesse</span> <span class='ocrx_word' id='word_1_69' title='bbox 685 1303 792 1356; x_wconf 90' lang='lat' dir='ltr'>est.</span> 
     </span>
    </p>

    <p class='ocr_par' dir='ltr' id='par_1_5' title="bbox 392 1398 2642 2704">
     <span class='ocr_line' id='line_1_12' title="bbox 561 1398 2635 1475; baseline 0 -17"><span class='ocrx_word' id='word_1_70' title='bbox 561 1399 793 1459; x_wconf 87' lang='lat' dir='ltr'>Scimus</span> <span class='ocrx_word' id='word_1_71' title='bbox 836 1399 894 1457; x_wconf 90' lang='lat' dir='ltr'>in</span> <span class='ocrx_word' id='word_1_72' title='bbox 942 1398 1148 1457; x_wconf 87' lang='lat' dir='ltr'>militia</span> <span class='ocrx_word' id='word_1_73' title='bbox 1180 1400 1459 1469; x_wconf 84' lang='lat' dir='ltr'>Romana,</span> <span class='ocrx_word' id='word_1_74' title='bbox 1505 1417 1578 1458; x_wconf 78' lang='lat' dir='ltr'>ex</span> <span class='ocrx_word' id='word_1_75' title='bbox 1625 1417 1745 1475; x_wconf 91' lang='lat' dir='ltr'>quo</span> <span class='ocrx_word' id='word_1_76' title='bbox 1790 1399 1864 1458; x_wconf 90' lang='lat' dir='ltr'>ab</span> <span class='ocrx_word' id='word_1_77' title='bbox 1897 1399 2176 1475; x_wconf 87' lang='lat' dir='ltr'>Augusto</span> <span class='ocrx_word' id='word_1_78' title='bbox 2219 1398 2466 1458; x_wconf 87' lang='lat' dir='ltr'>firmiter</span> <span class='ocrx_word' id='word_1_79' title='bbox 2498 1418 2635 1458; x_wconf 92' lang='lat' dir='ltr'>con-</span> 
     </span>
     <span class='ocr_line' id='line_1_13' title="bbox 392 1501 2638 1579; baseline -0 -18"><span class='ocrx_word' id='word_1_80' title='bbox 392 1503 601 1561; x_wconf 82' lang='lat' dir='ltr'>stituta</span> <span class='ocrx_word' id='word_1_81' title='bbox 630 1507 773 1572; x_wconf 91' lang='lat' dir='ltr'>erat,</span> <span class='ocrx_word' id='word_1_82' title='bbox 820 1520 949 1561; x_wconf 92' lang='lat' dir='ltr'>eam</span> <span class='ocrx_word' id='word_1_83' title='bbox 980 1501 1152 1578; x_wconf 84' lang='lat' dir='ltr'>quasi</span> <span class='ocrx_word' id='word_1_84' title='bbox 1185 1507 1409 1577; x_wconf 89' lang='lat' dir='ltr'>pestem</span> <span class='ocrx_word' id='word_1_85' title='bbox 1442 1502 1790 1572; x_wconf 82' lang='lat' dir='ltr'>inhaesisse,</span> <span class='ocrx_word' id='word_1_86' title='bbox 1837 1501 2001 1577; x_wconf 89' lang='lat' dir='ltr'>quod</span> <span class='ocrx_word' id='word_1_87' title='bbox 2045 1503 2360 1579; x_wconf 84' lang='lat' dir='ltr'>superiora</span> <span class='ocrx_word' id='word_1_88' title='bbox 2391 1519 2638 1561; x_wconf 88' lang='lat' dir='ltr'>munera</span> 
     </span>
     <span class='ocr_line' id='line_1_14' title="bbox 394 1603 2635 1680; baseline 0 -18"><span class='ocrx_word' id='word_1_89' title='bbox 394 1604 672 1662; x_wconf 85' lang='lat' dir='ltr'>militaria</span> <span class='ocrx_word' id='word_1_90' title='bbox 735 1604 928 1662; x_wconf 89' lang='lat' dir='ltr'>minus</span> <span class='ocrx_word' id='word_1_91' title='bbox 988 1603 1384 1662; x_wconf 83' lang='lat' dir='ltr'>credebantur</span> <span class='ocrx_word' id='word_1_92' title='bbox 1448 1603 1784 1663; x_wconf 80' lang='lat' dir='ltr'>bominibus</span> <span class='ocrx_word' id='word_1_93' title='bbox 1848 1603 2090 1662; x_wconf 89' lang='lat' dir='ltr'>militiae</span> <span class='ocrx_word' id='word_1_94' title='bbox 2157 1605 2396 1680; x_wconf 86' lang='lat' dir='ltr'>peritis,</span> <span class='ocrx_word' id='word_1_95' title='bbox 2456 1622 2635 1680; x_wconf 89' lang='lat' dir='ltr'>quam</span> 
     </span>
     <span class='ocr_line' id='line_1_15' title="bbox 394 1705 2637 1784; baseline 0 -19"><span class='ocrx_word' id='word_1_96' title='bbox 394 1707 494 1784; x_wconf 90' lang='lat' dir='ltr'>iis,</span> <span class='ocrx_word' id='word_1_97' title='bbox 553 1706 654 1782; x_wconf 89' lang='lat' dir='ltr'>qui</span> <span class='ocrx_word' id='word_1_98' title='bbox 716 1713 963 1783; x_wconf 87' lang='lat' dir='ltr'>propter</span> <span class='ocrx_word' id='word_1_99' title='bbox 1021 1725 1143 1765; x_wconf 90' lang='lat' dir='ltr'>rem</span> <span class='ocrx_word' id='word_1_100' title='bbox 1208 1705 1553 1765; x_wconf 83' lang='lat' dir='ltr'>familiarem</span> <span class='ocrx_word' id='word_1_101' title='bbox 1616 1706 1815 1766; x_wconf 88' lang='lat' dir='ltr'>idonei</span> <span class='ocrx_word' id='word_1_102' title='bbox 1887 1707 2291 1776; x_wconf 84' lang='lat' dir='ltr'>habebantur,</span> <span class='ocrx_word' id='word_1_103' title='bbox 2354 1707 2637 1783; x_wconf 90' lang='lat' dir='ltr'>quodque</span> 
     </span>
     <span class='ocr_line' id='line_1_16' title="bbox 395 1807 2633 1884; baseline -0 -17"><span class='ocrx_word' id='word_1_104' title='bbox 395 1808 635 1868; x_wconf 81' lang='lat' dir='ltr'>militiae</span> <span class='ocrx_word' id='word_1_105' title='bbox 696 1808 1171 1884; x_wconf 83' lang='lat' dir='ltr'>suscipiebantur</span> <span class='ocrx_word' id='word_1_106' title='bbox 1232 1826 1350 1868; x_wconf 91' lang='lat' dir='ltr'>non</span> <span class='ocrx_word' id='word_1_107' title='bbox 1414 1813 1532 1867; x_wconf 87' lang='lat' dir='ltr'>tam</span> <span class='ocrx_word' id='word_1_108' title='bbox 1594 1807 1672 1866; x_wconf 89' lang='lat' dir='ltr'>ad</span> <span class='ocrx_word' id='word_1_109' title='bbox 1719 1807 1929 1868; x_wconf 88' lang='lat' dir='ltr'>laudes</span> <span class='ocrx_word' id='word_1_110' title='bbox 1989 1807 2258 1882; x_wconf 89' lang='lat' dir='ltr'>bellicas,</span> <span class='ocrx_word' id='word_1_111' title='bbox 2319 1825 2495 1884; x_wconf 90' lang='lat' dir='ltr'>quam</span> <span class='ocrx_word' id='word_1_112' title='bbox 2560 1808 2633 1867; x_wconf 88' lang='lat' dir='ltr'>ad</span> 
     </span>
     <span class='ocr_line' id='line_1_17' title="bbox 395 1910 2633 1987; baseline 0 -17"><span class='ocrx_word' id='word_1_113' title='bbox 395 1915 826 1987; x_wconf 69' lang='lat' dir='ltr'>procuratur-as</span> <span class='ocrx_word' id='word_1_114' title='bbox 872 1929 1048 1986; x_wconf 89' lang='lat' dir='ltr'>quam</span> <span class='ocrx_word' id='word_1_115' title='bbox 1096 1910 1412 1969; x_wconf 87' lang='lat' dir='ltr'>ditissimas</span> <span class='ocrx_word' id='word_1_116' title='bbox 1458 1910 1924 1986; x_wconf 82' lang='lat' dir='ltr'>comparandas3</span> <span class='ocrx_word' id='word_1_117' title='bbox 1972 1912 2144 1987; x_wconf 78' lang='lat' dir='ltr'>quus</span> <span class='ocrx_word' id='word_1_118' title='bbox 2177 1911 2362 1987; x_wconf 88' lang='lat' dir='ltr'>pestis</span> <span class='ocrx_word' id='word_1_119' title='bbox 2395 1912 2633 1970; x_wconf 88' lang='lat' dir='ltr'>unicum</span> 
     </span>
     <span class='ocr_line' id='line_1_18' title="bbox 395 2003 2638 2089; baseline 0 -17"><span class='ocrx_word' id='word_1_120' title='bbox 395 2003 720 2072; x_wconf 87' lang='lat' dir='ltr'>remedium</span> <span class='ocrx_word' id='word_1_121' title='bbox 776 2018 903 2072; x_wconf 88' lang='lat' dir='ltr'>erat</span> <span class='ocrx_word' id='word_1_122' title='bbox 957 2012 1105 2071; x_wconf 90' lang='lat' dir='ltr'>illud</span> <span class='ocrx_word' id='word_1_123' title='bbox 1166 2013 1529 2080; x_wconf 82' lang='lat' dir='ltr'>institutum3</span> <span class='ocrx_word' id='word_1_124' title='bbox 1582 2013 1710 2089; x_wconf 89' lang='lat' dir='ltr'>jam</span> <span class='ocrx_word' id='word_1_125' title='bbox 1769 2014 1927 2072; x_wconf 92' lang='lat' dir='ltr'>enim</span> <span class='ocrx_word' id='word_1_126' title='bbox 1996 2012 2292 2089; x_wconf 89' lang='lat' dir='ltr'>legionum</span> <span class='ocrx_word' id='word_1_127' title='bbox 2356 2012 2638 2073; x_wconf 87' lang='lat' dir='ltr'>ductores</span> 
     </span>
     <span class='ocr_line' id='line_1_19' title="bbox 396 2114 2635 2191; baseline -0.001 -16"><span class='ocrx_word' id='word_1_128' title='bbox 396 2135 546 2186; x_wconf 91' lang='lat' dir='ltr'>non,</span> <span class='ocrx_word' id='word_1_129' title='bbox 595 2121 660 2174; x_wconf 90' lang='lat' dir='ltr'>ut</span> <span class='ocrx_word' id='word_1_130' title='bbox 702 2121 907 2191; x_wconf 87' lang='lat' dir='ltr'>antea,</span> <span class='ocrx_word' id='word_1_131' title='bbox 950 2132 1081 2173; x_wconf 91' lang='lat' dir='ltr'>cum</span> <span class='ocrx_word' id='word_1_132' title='bbox 1129 2115 1351 2174; x_wconf 89' lang='lat' dir='ltr'>tribuni</span> <span class='ocrx_word' id='word_1_133' title='bbox 1398 2115 1495 2173; x_wconf 85' lang='lat' dir='ltr'>vel</span> <span class='ocrx_word' id='word_1_134' title='bbox 1553 2116 1840 2191; x_wconf 81' lang='lat' dir='ltr'>praefecti</span> <span class='ocrx_word' id='word_1_135' title='bbox 1900 2114 2193 2191; x_wconf 87' lang='lat' dir='ltr'>dignitate</span> <span class='ocrx_word' id='word_1_136' title='bbox 2240 2115 2503 2174; x_wconf 88' lang='lat' dir='ltr'>militiam</span> <span class='ocrx_word' id='word_1_137' title='bbox 2549 2115 2635 2173; x_wconf 91' lang='lat' dir='ltr'>in·</span> 
     </span>
     <span class='ocr_line' id='line_1_20' title="bbox 395 2215 2638 2294; baseline -0 -17"><span class='ocrx_word' id='word_1_138' title='bbox 395 2218 784 2294; x_wconf 83' lang='lat' dir='ltr'>cohaverunt,</span> <span class='ocrx_word' id='word_1_139' title='bbox 845 2215 951 2276; x_wconf 88' lang='lat' dir='ltr'>sed</span> <span class='ocrx_word' id='word_1_140' title='bbox 1016 2217 1411 2287; x_wconf 87' lang='lat' dir='ltr'>centurionis,</span> <span class='ocrx_word' id='word_1_141' title='bbox 1483 2222 1544 2276; x_wconf 90' lang='lat' dir='ltr'>et</span> <span class='ocrx_word' id='word_1_142' title='bbox 1615 2217 1803 2276; x_wconf 88' lang='lat' dir='ltr'>multa</span> <span class='ocrx_word' id='word_1_143' title='bbox 1861 2215 2162 2293; x_wconf 87' lang='lat' dir='ltr'>stipendia</span> <span class='ocrx_word' id='word_1_144' title='bbox 2225 2217 2638 2287; x_wconf 88' lang='lat' dir='ltr'>centurionica</span> 
     </span>
     <span class='ocr_line' id='line_1_21' title="bbox 396 2317 2637 2396; baseline 0 -18"><span class='ocrx_word' id='word_1_145' title='bbox 396 2320 583 2378; x_wconf 89' lang='lat' dir='ltr'>meriti</span> <span class='ocrx_word' id='word_1_146' title='bbox 630 2325 816 2389; x_wconf 88' lang='lat' dir='ltr'>erant,</span> <span class='ocrx_word' id='word_1_147' title='bbox 863 2320 1208 2394; x_wconf 89' lang='lat' dir='ltr'>priusquam</span> <span class='ocrx_word' id='word_1_148' title='bbox 1253 2318 1329 2376; x_wconf 90' lang='lat' dir='ltr'>ad</span> <span class='ocrx_word' id='word_1_149' title='bbox 1374 2317 1601 2394; x_wconf 89' lang='lat' dir='ltr'>gradus</span> <span class='ocrx_word' id='word_1_150' title='bbox 1648 2319 2065 2378; x_wconf 86' lang='lat' dir='ltr'>centurionatu</span> <span class='ocrx_word' id='word_1_151' title='bbox 2113 2319 2457 2395; x_wconf 87' lang='lat' dir='ltr'>superiores</span> <span class='ocrx_word' id='word_1_152' title='bbox 2503 2337 2637 2396; x_wconf 89' lang='lat' dir='ltr'>per-</span> 
     </span>
     <span class='ocr_line' id='line_1_22' title="bbox 396 2419 2638 2499; baseline -0 -18"><span class='ocrx_word' id='word_1_153' title='bbox 396 2423 698 2499; x_wconf 86' lang='lat' dir='ltr'>venirent;</span> <span class='ocrx_word' id='word_1_154' title='bbox 748 2422 875 2498; x_wconf 73' lang='lat' dir='ltr'>Jam</span> <span class='ocrx_word' id='word_1_155' title='bbox 937 2427 1366 2497; x_wconf 89' lang='lat' dir='ltr'>procuraturae</span> <span class='ocrx_word' id='word_1_156' title='bbox 1430 2440 1549 2481; x_wconf 90' lang='lat' dir='ltr'>non</span> <span class='ocrx_word' id='word_1_157' title='bbox 1606 2427 1722 2480; x_wconf 91' lang='lat' dir='ltr'>tam</span> <span class='ocrx_word' id='word_1_158' title='bbox 1769 2419 2095 2498; x_wconf 85' lang='lat' dir='ltr'>praefectis</span> <span class='ocrx_word' id='word_1_159' title='bbox 2142 2420 2470 2481; x_wconf 86' lang='lat' dir='ltr'>cohortium</span> <span class='ocrx_word' id='word_1_160' title='bbox 2518 2421 2638 2482; x_wconf 88' lang='lat' dir='ltr'>ala-</span> 
     </span>
     <span class='ocr_line' id='line_1_23' title="bbox 395 2523 2642 2600; baseline -0.001 -17"><span class='ocrx_word' id='word_1_161' title='bbox 395 2542 605 2583; x_wconf 90' lang='lat' dir='ltr'>rumve</span> <span class='ocrx_word' id='word_1_162' title='bbox 670 2528 730 2583; x_wconf 91' lang='lat' dir='ltr'>et</span> <span class='ocrx_word' id='word_1_163' title='bbox 788 2523 1044 2583; x_wconf 88' lang='lat' dir='ltr'>tribunis</span> <span class='ocrx_word' id='word_1_164' title='bbox 1105 2542 1284 2600; x_wconf 89' lang='lat' dir='ltr'>quam</span> <span class='ocrx_word' id='word_1_165' title='bbox 1345 2524 1418 2583; x_wconf 90' lang='lat' dir='ltr'>iis</span> <span class='ocrx_word' id='word_1_166' title='bbox 1491 2524 1989 2600; x_wconf 87' lang='lat' dir='ltr'>assignabantur,</span> <span class='ocrx_word' id='word_1_167' title='bbox 2061 2524 2163 2600; x_wconf 90' lang='lat' dir='ltr'>qui</span> <span class='ocrx_word' id='word_1_168' title='bbox 2237 2525 2642 2600; x_wconf 86' lang='lat' dir='ltr'>centuriones,</span> 
     </span>
     <span class='ocr_line' id='line_1_24' title="bbox 397 2624 2641 2704; baseline 0.001 -20"><span class='ocrx_word' id='word_1_169' title='bbox 397 2628 698 2703; x_wconf 90' lang='lat' dir='ltr'>primipili‚</span> <span class='ocrx_word' id='word_1_170' title='bbox 743 2626 1029 2702; x_wconf 87' lang='lat' dir='ltr'>praefecti</span> <span class='ocrx_word' id='word_1_171' title='bbox 1078 2626 1377 2702; x_wconf 86' lang='lat' dir='ltr'>legionum</span> <span class='ocrx_word' id='word_1_172' title='bbox 1426 2626 1666 2685; x_wconf 85' lang='lat' dir='ltr'>fuerant</span> <span class='ocrx_word' id='word_1_173' title='bbox 1711 2625 1813 2699; x_wconf 87' lang='lat' dir='ltr'>(cf.</span> <span class='ocrx_word' id='word_1_174' title='bbox 1847 2625 2192 2686; x_wconf 76' lang='lat' dir='ltr'>Hirschfeld</span> <span class='ocrx_word' id='word_1_175' title='bbox 2225 2627 2260 2685; x_wconf 92' lang='lat' dir='ltr'>l.</span> <span class='ocrx_word' id='word_1_176' title='bbox 2295 2645 2345 2685; x_wconf 86' lang='lat' dir='ltr'>c.</span> <span class='ocrx_word' id='word_1_177' title='bbox 2384 2646 2441 2704; x_wconf 89' lang='lat' dir='ltr'>p.</span> <span class='ocrx_word' id='word_1_178' title='bbox 2474 2624 2641 2699; x_wconf 84' lang='lat'><strong>249).</strong></span> 
     </span>
    </p>

    <p class='ocr_par' dir='ltr' id='par_1_6' title="bbox 397 2728 2641 3419">
     <span class='ocr_line' id='line_1_25' title="bbox 569 2728 2641 2805; baseline 0 -18"><span class='ocrx_word' id='word_1_179' title='bbox 569 2732 840 2805; x_wconf 86' lang='lat' dir='ltr'>Apparet</span> <span class='ocrx_word' id='word_1_180' title='bbox 894 2729 1077 2804; x_wconf 89' lang='lat' dir='ltr'>igitur</span> <span class='ocrx_word' id='word_1_181' title='bbox 1137 2728 1474 2788; x_wconf 88' lang='lat' dir='ltr'>militiarum</span> <span class='ocrx_word' id='word_1_182' title='bbox 1536 2730 1902 2805; x_wconf 88' lang='lat' dir='ltr'>equestrium</span> <span class='ocrx_word' id='word_1_183' title='bbox 1961 2730 2375 2788; x_wconf 87' lang='lat' dir='ltr'>auctoritatem</span> <span class='ocrx_word' id='word_1_184' title='bbox 2421 2734 2481 2788; x_wconf 88' lang='lat' dir='ltr'>et</span> <span class='ocrx_word' id='word_1_185' title='bbox 2522 2747 2641 2787; x_wconf 91' lang='lat' dir='ltr'>am-</span> 
     </span>
     <span class='ocr_line' id='line_1_26' title="bbox 398 2830 2639 2908; baseline 0.001 -21"><span class='ocrx_word' id='word_1_186' title='bbox 398 2830 747 2908; x_wconf 89' lang='lat' dir='ltr'>plitudinem</span> <span class='ocrx_word' id='word_1_187' title='bbox 808 2831 1077 2889; x_wconf 86' lang='lat' dir='ltr'>instituto</span> <span class='ocrx_word' id='word_1_188' title='bbox 1159 2833 1610 2901; x_wconf 82' lang='lat' dir='ltr'>„centurionum</span> <span class='ocrx_word' id='word_1_189' title='bbox 1675 2831 2079 2907; x_wconf 72' lang='lat' dir='ltr'>equestrium⁵¹</span> <span class='ocrx_word' id='word_1_190' title='bbox 2158 2839 2359 2891; x_wconf 88' lang='lat' dir='ltr'>creato</span> <span class='ocrx_word' id='word_1_191' title='bbox 2429 2832 2639 2890; x_wconf 90' lang='lat' dir='ltr'>mirum</span> 
     </span>
     <span class='ocr_line' id='line_1_27' title="bbox 397 2932 2639 3008; baseline 0 -18"><span class='ocrx_word' id='word_1_192' title='bbox 397 2938 685 3008; x_wconf 89' lang='lat' dir='ltr'>quantum</span> <span class='ocrx_word' id='word_1_193' title='bbox 755 2933 1027 2991; x_wconf 88' lang='lat' dir='ltr'>crevisse.</span> <span class='ocrx_word' id='word_1_194' title='bbox 1141 2932 1370 2990; x_wconf 85' lang='lat' dir='ltr'>Tamen</span> <span class='ocrx_word' id='word_1_195' title='bbox 1442 2933 1491 2990; x_wconf 90' lang='lat' dir='ltr'>si</span> <span class='ocrx_word' id='word_1_196' title='bbox 1564 2932 1943 3008; x_wconf 86' lang='lat' dir='ltr'>augebantur</span> <span class='ocrx_word' id='word_1_197' title='bbox 2006 2932 2251 2990; x_wconf 83' lang='lat' dir='ltr'>militiae</span> <span class='ocrx_word' id='word_1_198' title='bbox 2313 2937 2639 3008; x_wconf 81' lang='lat' dir='ltr'>equestres,</span> 
     </span>
     <span class='ocr_line' id='line_1_28' title="bbox 397 3032 2641 3111; baseline -0 -18"><span class='ocrx_word' id='word_1_199' title='bbox 397 3034 523 3094; x_wconf 87' lang='lat' dir='ltr'>fieri</span> <span class='ocrx_word' id='word_1_200' title='bbox 559 3053 676 3094; x_wconf 89' lang='lat' dir='ltr'>uon</span> <span class='ocrx_word' id='word_1_201' title='bbox 722 3034 931 3111; x_wconf 88' lang='lat' dir='ltr'>potuit,</span> <span class='ocrx_word' id='word_1_202' title='bbox 976 3034 1118 3110; x_wconf 92' lang='lat' dir='ltr'>quin</span> <span class='ocrx_word' id='word_1_203' title='bbox 1167 3033 1618 3093; x_wconf 88' lang='lat' dir='ltr'>imminueretur</span> <span class='ocrx_word' id='word_1_204' title='bbox 1664 3032 1890 3093; x_wconf 89' lang='lat' dir='ltr'>ordinis</span> <span class='ocrx_word' id='word_1_205' title='bbox 1937 3033 2329 3092; x_wconf 87' lang='lat' dir='ltr'>centurionici</span> <span class='ocrx_word' id='word_1_206' title='bbox 2361 3033 2641 3110; x_wconf 88' lang='lat' dir='ltr'>dignitas,</span> 
     </span>
     <span class='ocr_line' id='line_1_29' title="bbox 399 3135 2640 3214; baseline -0.001 -18"><span class='ocrx_word' id='word_1_207' title='bbox 399 3138 624 3214; x_wconf 91' lang='lat' dir='ltr'>quippe</span> <span class='ocrx_word' id='word_1_208' title='bbox 683 3137 857 3213; x_wconf 89' lang='lat' dir='ltr'>cujus</span> <span class='ocrx_word' id='word_1_209' title='bbox 905 3136 1031 3213; x_wconf 89' lang='lat' dir='ltr'>jam</span> <span class='ocrx_word' id='word_1_210' title='bbox 1091 3136 1416 3213; x_wconf 83' lang='lat' dir='ltr'>participes</span> <span class='ocrx_word' id='word_1_211' title='bbox 1474 3136 1688 3195; x_wconf 85' lang='lat' dir='ltr'>fierent</span> <span class='ocrx_word' id='word_1_212' title='bbox 1747 3136 2178 3195; x_wconf 90' lang='lat' dir='ltr'>adolescentuli</span> <span class='ocrx_word' id='word_1_213' title='bbox 2227 3135 2640 3211; x_wconf 86' lang='lat' dir='ltr'>duodeviginti</span> 
     </span>
     <span class='ocr_line' id='line_1_30' title="bbox 397 3234 2640 3316; baseline -0 -18"><span class='ocrx_word' id='word_1_214' title='bbox 397 3257 686 3299; x_wconf 87' lang='lat' dir='ltr'>annorum</span> <span class='ocrx_word' id='word_1_215' title='bbox 735 3238 815 3312; x_wconf 84' lang='lat' dir='ltr'>(v.</span> <span class='ocrx_word' id='word_1_216' title='bbox 860 3234 1097 3316; x_wconf 88' lang='lat' dir='ltr'>supra),</span> <span class='ocrx_word' id='word_1_217' title='bbox 1144 3240 1244 3315; x_wconf 90' lang='lat' dir='ltr'>qui</span> <span class='ocrx_word' id='word_1_218' title='bbox 1290 3238 1457 3298; x_wconf 86' lang='lat' dir='ltr'>initio</span> <span class='ocrx_word' id='word_1_219' title='bbox 1504 3239 1745 3315; x_wconf 90' lang='lat' dir='ltr'>quidem</span> <span class='ocrx_word' id='word_1_220' title='bbox 1793 3238 2225 3316; x_wconf 87' lang='lat' dir='ltr'>stipendiorum</span> <span class='ocrx_word' id='word_1_221' title='bbox 2272 3239 2328 3297; x_wconf 89' lang='lat' dir='ltr'>in</span> <span class='ocrx_word' id='word_1_222' title='bbox 2378 3258 2444 3298; x_wconf 92' lang='lat' dir='ltr'>re</span> <span class='ocrx_word' id='word_1_223' title='bbox 2492 3238 2640 3297; x_wconf 87' lang='lat' dir='ltr'>mili·</span> 
     </span>
     <span class='ocr_line' id='line_1_31' title="bbox 399 3322 1890 3419; baseline -0.001 -20"><span class='ocrx_word' id='word_1_224' title='bbox 399 3343 515 3400; x_wconf 84' lang='lat' dir='ltr'>tari</span> <span class='ocrx_word' id='word_1_225' title='bbox 559 3341 738 3419; x_wconf 70' lang='lat' dir='ltr'>plane</span> <span class='ocrx_word' id='word_1_226' title='bbox 784 3340 966 3400; x_wconf 88' lang='lat' dir='ltr'>rudes</span> <span class='ocrx_word' id='word_1_227' title='bbox 1011 3346 1200 3400; x_wconf 86' lang='lat' dir='ltr'>erant.</span> <span class='ocrx_word' id='word_1_228' title='bbox 1881 3322 1890 3332; x_wconf 47' lang='lat'><strong><em>⁶</em></strong></span> 
     </span>
    </p>

    <p class='ocr_par' dir='ltr' id='par_1_7' title="bbox 399 3441 2641 4338">
     <span class='ocr_line' id='line_1_32' title="bbox 569 3441 2640 3518; baseline -0 -16"><span class='ocrx_word' id='word_1_229' title='bbox 569 3443 742 3502; x_wconf 87' lang='lat' dir='ltr'>Talia</span> <span class='ocrx_word' id='word_1_230' title='bbox 772 3444 1296 3518; x_wconf 89' lang='lat' dir='ltr'>consequebantur</span> <span class='ocrx_word' id='word_1_231' title='bbox 1327 3461 1399 3501; x_wconf 85' lang='lat' dir='ltr'>ex</span> <span class='ocrx_word' id='word_1_232' title='bbox 1449 3443 1561 3501; x_wconf 89' lang='lat' dir='ltr'>hoc</span> <span class='ocrx_word' id='word_1_233' title='bbox 1609 3441 1893 3517; x_wconf 87' lang='lat' dir='ltr'>instituto,</span> <span class='ocrx_word' id='word_1_234' title='bbox 1939 3443 1988 3500; x_wconf 91' lang='lat' dir='ltr'>si</span> <span class='ocrx_word' id='word_1_235' title='bbox 2031 3443 2216 3518; x_wconf 90' lang='lat' dir='ltr'>probe</span> <span class='ocrx_word' id='word_1_236' title='bbox 2246 3447 2307 3500; x_wconf 89' lang='lat' dir='ltr'>et</span> <span class='ocrx_word' id='word_1_237' title='bbox 2337 3441 2640 3518; x_wconf 87' lang='lat' dir='ltr'>sapienter</span> 
     </span>
     <span class='ocr_line' id='line_1_33' title="bbox 399 3543 2637 3620; baseline -0 -17"><span class='ocrx_word' id='word_1_238' title='bbox 399 3545 943 3605; x_wconf 84' lang='lat' dir='ltr'>administrabatur.</span> <span class='ocrx_word' id='word_1_239' title='bbox 1031 3545 1309 3603; x_wconf 87' lang='lat' dir='ltr'>Attamen</span> <span class='ocrx_word' id='word_1_240' title='bbox 1356 3545 1492 3620; x_wconf 89' lang='lat' dir='ltr'>quis</span> <span class='ocrx_word' id='word_1_241' title='bbox 1537 3550 1656 3614; x_wconf 83' lang='lat' dir='ltr'>est,</span> <span class='ocrx_word' id='word_1_242' title='bbox 1701 3544 1803 3618; x_wconf 88' lang='lat' dir='ltr'>qui</span> <span class='ocrx_word' id='word_1_243' title='bbox 1851 3543 2165 3614; x_wconf 86' lang='lat' dir='ltr'>infitietur,</span> <span class='ocrx_word' id='word_1_244' title='bbox 2211 3544 2637 3619; x_wconf 86' lang='lat' dir='ltr'>imperatorum</span> 
     </span>
     <span class='ocr_line' id='line_1_34' title="bbox 400 3645 2639 3723; baseline -0 -17"><span class='ocrx_word' id='word_1_245' title='bbox 400 3652 593 3706; x_wconf 87' lang='lat' dir='ltr'>aetate</span> <span class='ocrx_word' id='word_1_246' title='bbox 640 3665 821 3722; x_wconf 87' lang='lat' dir='ltr'>saepe</span> <span class='ocrx_word' id='word_1_247' title='bbox 864 3646 1043 3722; x_wconf 90' lang='lat' dir='ltr'>longe</span> <span class='ocrx_word' id='word_1_248' title='bbox 1088 3645 1216 3703; x_wconf 88' lang='lat' dir='ltr'>aliis</span> <span class='ocrx_word' id='word_1_249' title='bbox 1262 3645 1439 3705; x_wconf 89' lang='lat' dir='ltr'>rebus</span> <span class='ocrx_word' id='word_1_250' title='bbox 1486 3646 1824 3705; x_wconf 87' lang='lat' dir='ltr'>consultum</span> <span class='ocrx_word' id='word_1_251' title='bbox 1870 3663 2003 3705; x_wconf 88' lang='lat' dir='ltr'>esse</span> <span class='ocrx_word' id='word_1_252' title='bbox 2049 3665 2230 3723; x_wconf 90' lang='lat' dir='ltr'>quam</span> <span class='ocrx_word' id='word_1_253' title='bbox 2269 3646 2639 3722; x_wconf 88' lang='lat' dir='ltr'>reipublicae</span> 
     </span>
     <span class='ocr_line' id='line_1_35' title="bbox 399 3748 2638 3824; baseline 0 -17"><span class='ocrx_word' id='word_1_254' title='bbox 399 3749 496 3809; x_wconf 86' lang='lat' dir='ltr'>vel</span> <span class='ocrx_word' id='word_1_255' title='bbox 539 3750 970 3809; x_wconf 89' lang='lat' dir='ltr'>institutionum</span> <span class='ocrx_word' id='word_1_256' title='bbox 1017 3748 1389 3824; x_wconf 89' lang='lat' dir='ltr'>publicarum</span> <span class='ocrx_word' id='word_1_257' title='bbox 1435 3748 1653 3807; x_wconf 78' lang='lat' dir='ltr'>saluti?</span> <span class='ocrx_word' id='word_1_258' title='bbox 1717 3749 1804 3807; x_wconf 88' lang='lat' dir='ltr'>Ac</span> <span class='ocrx_word' id='word_1_259' title='bbox 1860 3749 1910 3806; x_wconf 90' lang='lat' dir='ltr'>si</span> <span class='ocrx_word' id='word_1_260' title='bbox 1971 3748 2032 3807; x_wconf 91' lang='lat' dir='ltr'>iu</span> <span class='ocrx_word' id='word_1_261' title='bbox 2078 3749 2299 3824; x_wconf 84' lang='lat' dir='ltr'>exiguo</span> <span class='ocrx_word' id='word_1_262' title='bbox 2346 3749 2638 3807; x_wconf 88' lang='lat' dir='ltr'>centurio·</span> 
     </span>
     <span class='ocr_line' id='line_1_36' title="bbox 402 3849 2635 3928; baseline -0 -17"><span class='ocrx_word' id='word_1_263' title='bbox 402 3871 541 3910; x_wconf 91' lang='lat' dir='ltr'>num</span> <span class='ocrx_word' id='word_1_264' title='bbox 588 3850 948 3928; x_wconf 84' lang='lat' dir='ltr'>equestrium</span> <span class='ocrx_word' id='word_1_265' title='bbox 982 3868 1249 3926; x_wconf 87' lang='lat' dir='ltr'>numero,</span> <span class='ocrx_word' id='word_1_266' title='bbox 1294 3867 1544 3926; x_wconf 88' lang='lat' dir='ltr'>quorum</span> <span class='ocrx_word' id='word_1_267' title='bbox 1579 3850 1861 3909; x_wconf 89' lang='lat' dir='ltr'>memoria</span> <span class='ocrx_word' id='word_1_268' title='bbox 1891 3849 2110 3909; x_wconf 87' lang='lat' dir='ltr'>tradita</span> <span class='ocrx_word' id='word_1_269' title='bbox 2141 3856 2249 3925; x_wconf 88' lang='lat' dir='ltr'>est,</span> <span class='ocrx_word' id='word_1_270' title='bbox 2295 3850 2635 3925; x_wconf 88' lang='lat' dir='ltr'>complures</span> 
     </span>
     <span class='ocr_line' id='line_1_37' title="bbox 402 3952 2638 4030; baseline 0 -18"><span class='ocrx_word' id='word_1_271' title='bbox 402 3955 729 4029; x_wconf 86' lang='lat' dir='ltr'>habuimus,</span> <span class='ocrx_word' id='word_1_272' title='bbox 774 3954 1023 4030; x_wconf 91' lang='lat' dir='ltr'>quinon</span> <span class='ocrx_word' id='word_1_273' title='bbox 1071 3954 1326 4028; x_wconf 87' lang='lat' dir='ltr'>promoti</span> <span class='ocrx_word' id='word_1_274' title='bbox 1372 3961 1527 4022; x_wconf 82' lang='lat' dir='ltr'>sunt,</span> <span class='ocrx_word' id='word_1_275' title='bbox 1575 3954 1688 4011; x_wconf 90' lang='lat' dir='ltr'>nisi</span> <span class='ocrx_word' id='word_1_276' title='bbox 1736 3952 2061 4029; x_wconf 72' lang='lat' dir='ltr'>adiuvante</span> <span class='ocrx_word' id='word_1_277' title='bbox 2108 3953 2433 4027; x_wconf 87' lang='lat' dir='ltr'>potentium</span> <span class='ocrx_word' id='word_1_278' title='bbox 2482 3953 2638 4012; x_wconf 85' lang='lat' dir='ltr'>viro-</span> 
     </span>
     <span class='ocr_line' id='line_1_38' title="bbox 402 4054 2636 4137; baseline -0 -23"><span class='ocrx_word' id='word_1_279' title='bbox 402 4075 531 4137; x_wconf 86' lang='lat' dir='ltr'>rum</span> <span class='ocrx_word' id='word_1_280' title='bbox 577 4058 786 4132; x_wconf 87' lang='lat' dir='ltr'>gratia‚</span> <span class='ocrx_word' id='word_1_281' title='bbox 832 4074 953 4132; x_wconf 90' lang='lat' dir='ltr'>qua</span> <span class='ocrx_word' id='word_1_282' title='bbox 996 4058 1287 4114; x_wconf 86' lang='lat' dir='ltr'>varietate</span> <span class='ocrx_word' id='word_1_283' title='bbox 1331 4054 1694 4130; x_wconf 85' lang='lat' dir='ltr'>libidineque</span> <span class='ocrx_word' id='word_1_284' title='bbox 1739 4054 2128 4131; x_wconf 84' lang='lat' dir='ltr'>imperatores</span> <span class='ocrx_word' id='word_1_285' title='bbox 2170 4054 2383 4112; x_wconf 88' lang='lat' dir='ltr'>ceteris</span> <span class='ocrx_word' id='word_1_286' title='bbox 2414 4059 2636 4130; x_wconf 88' lang='lat' dir='ltr'>tempo-</span> 
     </span>
     <span class='ocr_line' id='line_1_39' title="bbox 402 4156 2641 4235; baseline 0 -18"><span class='ocrx_word' id='word_1_287' title='bbox 402 4159 566 4218; x_wconf 92' lang='lat' dir='ltr'>ribus</span> <span class='ocrx_word' id='word_1_288' title='bbox 611 4160 670 4217; x_wconf 93' lang='lat' dir='ltr'>in</span> <span class='ocrx_word' id='word_1_289' title='bbox 717 4157 1024 4218; x_wconf 87' lang='lat' dir='ltr'>ordinibus</span> <span class='ocrx_word' id='word_1_290' title='bbox 1067 4156 1446 4235; x_wconf 88' lang='lat' dir='ltr'>assignandis</span> <span class='ocrx_word' id='word_1_291' title='bbox 1492 4158 1576 4216; x_wconf 90' lang='lat' dir='ltr'>uti</span> <span class='ocrx_word' id='word_1_292' title='bbox 1624 4158 1783 4215; x_wconf 87' lang='lat' dir='ltr'>soliti</span> <span class='ocrx_word' id='word_1_293' title='bbox 1824 4157 1959 4232; x_wconf 91' lang='lat' dir='ltr'>sint,</span> <span class='ocrx_word' id='word_1_294' title='bbox 2002 4157 2220 4231; x_wconf 90' lang='lat' dir='ltr'>optime</span> <span class='ocrx_word' id='word_1_295' title='bbox 2253 4158 2641 4231; x_wconf 90' lang='lat' dir='ltr'>cognoscitur</span> 
     </span>
     <span class='ocr_line' id='line_1_40' title="bbox 401 4258 2639 4338; baseline -0 -18"><span class='ocrx_word' id='word_1_296' title='bbox 401 4280 474 4320; x_wconf 83' lang='lat' dir='ltr'>ex</span> <span class='ocrx_word' id='word_1_297' title='bbox 519 4261 814 4338; x_wconf 68' lang='lat' dir='ltr'>Spartiani</span> <span class='ocrx_word' id='word_1_298' title='bbox 876 4260 1154 4319; x_wconf 82' lang='lat' dir='ltr'>laudibus</span> <span class='ocrx_word' id='word_1_299' title='bbox 1214 4260 1288 4320; x_wconf 90' lang='lat' dir='ltr'>de</span> <span class='ocrx_word' id='word_1_300' title='bbox 1348 4260 1688 4318; x_wconf 72' lang='lat' dir='ltr'>hadriano:</span> <span class='ocrx_word' id='word_1_301' title='bbox 1749 4277 1882 4317; x_wconf 90' lang='lat' dir='ltr'>eum</span> <span class='ocrx_word' id='word_1_302' title='bbox 1945 4258 2091 4318; x_wconf 90' lang='lat' dir='ltr'>nulli</span> <span class='ocrx_word' id='word_1_303' title='bbox 2152 4259 2330 4317; x_wconf 84' lang='lat' dir='ltr'>vitem</span> <span class='ocrx_word' id='word_1_304' title='bbox 2391 4258 2501 4318; x_wconf 87' lang='lat' dir='ltr'>nisi</span> <span class='ocrx_word' id='word_1_305' title='bbox 2548 4278 2639 4319; x_wconf 88' lang='lat' dir='ltr'>ro·</span> 
     </span>
    </p>
   </div>
  </div>
 </body>
</html>
