<?xml version="1.0" encoding="UTF-8"?>
<!DOCTYPE html PUBLIC "-//W3C//DTD XHTML 1.0 Transitional//EN"
    "http://www.w3.org/TR/xhtml1/DTD/xhtml1-transitional.dtd">
<html xmlns="http://www.w3.org/1999/xhtml" xml:lang="en" lang="en">
 <head>
  <title>
</title>
<meta http-equiv="Content-Type" content="text/html;charset=utf-8" />
  <meta name='ocr-system' content='tesseract 3.04.00' />
  <meta name='ocr-capabilities' content='ocr_page ocr_carea ocr_par ocr_line ocrx_word'/>
</head>
<body>
  <div class='ocr_page' id='page_1' title='image "./dissertationesp00hallgoog_0599.png"; bbox 0 0 3166 4871; ppageno 0'>
   <div class='ocr_carea' id='block_1_1' title="bbox 2493 286 2608 348">
    <p class='ocr_par' dir='ltr' id='par_1_1' title="bbox 2493 286 2608 348">
     <span class='ocr_line' id='line_1_1' title="bbox 2493 286 2608 348; baseline 0 0"><span class='ocrx_word' id='word_1_1' title='bbox 2493 286 2608 348; x_wconf 79' lang='lat'><strong>241</strong></span> 
     </span>
    </p>
   </div>
   <div class='ocr_carea' id='block_1_2' title="bbox 371 458 2619 2578">
    <p class='ocr_par' dir='ltr' id='par_1_2' title="bbox 371 458 2619 2578">
     <span class='ocr_line' id='line_1_2' title="bbox 383 458 2615 538; baseline 0.001 -22"><span class='ocrx_word' id='word_1_2' title='bbox 383 458 490 516; x_wconf 84' lang='lat' dir='ltr'><strong>His</strong></span> <span class='ocrx_word' id='word_1_3' title='bbox 532 462 762 536; x_wconf 88' lang='lat' dir='ltr'><strong>autem,</strong></span> <span class='ocrx_word' id='word_1_4' title='bbox 822 478 977 536; x_wconf 79' lang='lat' dir='ltr'><strong>quae</strong></span> <span class='ocrx_word' id='word_1_5' title='bbox 1037 462 1165 538; x_wconf 88' lang='lat' dir='ltr'><strong>ipse</strong></span> <span class='ocrx_word' id='word_1_6' title='bbox 1226 462 1433 522; x_wconf 86' lang='lat' dir='ltr'><strong>Cicero</strong></span> <span class='ocrx_word' id='word_1_7' title='bbox 1489 462 1654 520; x_wconf 84' lang='lat' dir='ltr'><strong>Brut.</strong></span> <span class='ocrx_word' id='word_1_8' title='bbox 1703 464 1823 521; x_wconf 84' lang='lat'><strong>138</strong></span> <span class='ocrx_word' id='word_1_9' title='bbox 1882 461 2081 520; x_wconf 84' lang='lat' dir='ltr'><strong>dicere</strong></span> <span class='ocrx_word' id='word_1_10' title='bbox 2140 478 2320 520; x_wconf 89' lang='lat' dir='ltr'><strong>ausus</strong></span> <span class='ocrx_word' id='word_1_11' title='bbox 2363 466 2482 520; x_wconf 87' lang='lat' dir='ltr'><strong>est:</strong></span> <span class='ocrx_word' id='word_1_12' title='bbox 2558 461 2615 520; x_wconf 91' lang='lat' dir='ltr'><strong>in</strong></span> 
     </span>
     <span class='ocr_line' id='line_1_3' title="bbox 379 560 2618 640; baseline 0.001 -21"><span class='ocrx_word' id='word_1_13' title='bbox 379 560 599 619; x_wconf 78' lang='lat' dir='ltr'>Crasso</span> <span class='ocrx_word' id='word_1_14' title='bbox 645 566 705 621; x_wconf 88' lang='lat' dir='ltr'><strong>et</strong></span> <span class='ocrx_word' id='word_1_15' title='bbox 740 563 997 623; x_wconf 87' lang='lat' dir='ltr'><strong>Antonio</strong></span> <span class='ocrx_word' id='word_1_16' title='bbox 1043 564 1298 640; x_wconf 88' lang='lat' dir='ltr'><strong>primum</strong></span> <span class='ocrx_word' id='word_1_17' title='bbox 1348 583 1477 623; x_wconf 88' lang='lat' dir='ltr'><strong>cum</strong></span> <span class='ocrx_word' id='word_1_18' title='bbox 1512 562 1874 624; x_wconf 81' lang='lat' dir='ltr'><strong>Graecorum</strong></span> <span class='ocrx_word' id='word_1_19' title='bbox 1919 563 2109 640; x_wconf 86' lang='lat' dir='ltr'><strong>gloria</strong></span> <span class='ocrx_word' id='word_1_20' title='bbox 2140 563 2351 622; x_wconf 86' lang='lat' dir='ltr'><strong>Latine</strong></span> <span class='ocrx_word' id='word_1_21' title='bbox 2383 561 2618 622; x_wconf 87' lang='lat' dir='ltr'><strong>dicendi</strong></span> 
     </span>
     <span class='ocr_line' id='line_1_4' title="bbox 378 662 2617 743; baseline 0.002 -24"><span class='ocrx_word' id='word_1_22' title='bbox 378 662 606 737; x_wconf 85' lang='lat' dir='ltr'><strong>copiam</strong></span> <span class='ocrx_word' id='word_1_23' title='bbox 676 669 991 740; x_wconf 77' lang='lat' dir='ltr'><strong>aequatam</strong></span> <span class='ocrx_word' id='word_1_24' title='bbox 1049 683 1211 741; x_wconf 89' lang='lat' dir='ltr'><strong>esse,</strong></span> <span class='ocrx_word' id='word_1_25' title='bbox 1290 665 1364 724; x_wconf 87' lang='lat' dir='ltr'><strong>de</strong></span> <span class='ocrx_word' id='word_1_26' title='bbox 1424 684 1565 726; x_wconf 86' lang='lat' dir='ltr'><strong>vera</strong></span> <span class='ocrx_word' id='word_1_27' title='bbox 1627 666 1759 743; x_wconf 90' lang='lat' dir='ltr'><strong>ejus</strong></span> <span class='ocrx_word' id='word_1_28' title='bbox 1817 665 2111 725; x_wconf 89' lang='lat' dir='ltr'><strong>sententia</strong></span> <span class='ocrx_word' id='word_1_29' title='bbox 2170 664 2314 724; x_wconf 91' lang='lat' dir='ltr'><strong>nihil</strong></span> <span class='ocrx_word' id='word_1_30' title='bbox 2374 665 2617 741; x_wconf 89' lang='lat' dir='ltr'><strong>probari</strong></span> 
     </span>
     <span class='ocr_line' id='line_1_5' title="bbox 377 763 2618 844; baseline 0.002 -23"><span class='ocrx_word' id='word_1_31' title='bbox 377 763 510 823; x_wconf 88' lang='lat' dir='ltr'><strong>luce</strong></span> <span class='ocrx_word' id='word_1_32' title='bbox 555 765 778 825; x_wconf 87' lang='lat' dir='ltr'><strong>clarius</strong></span> <span class='ocrx_word' id='word_1_33' title='bbox 824 770 931 826; x_wconf 90' lang='lat' dir='ltr'><strong>est.</strong></span> <span class='ocrx_word' id='word_1_34' title='bbox 1018 768 1172 827; x_wconf 83' lang='lat' dir='ltr'><strong>Nam</strong></span> <span class='ocrx_word' id='word_1_35' title='bbox 1220 768 1474 844; x_wconf 88' lang='lat' dir='ltr'><strong>primum</strong></span> <span class='ocrx_word' id='word_1_36' title='bbox 1522 768 1800 826; x_wconf 86' lang='lat' dir='ltr'><strong>universe</strong></span> <span class='ocrx_word' id='word_1_37' title='bbox 1846 766 1989 826; x_wconf 88' lang='lat' dir='ltr'><strong>dicit</strong></span> <span class='ocrx_word' id='word_1_38' title='bbox 2034 785 2228 843; x_wconf 90' lang='lat' dir='ltr'><strong>neque</strong></span> <span class='ocrx_word' id='word_1_39' title='bbox 2276 785 2407 826; x_wconf 92' lang='lat' dir='ltr'><strong>cum</strong></span> <span class='ocrx_word' id='word_1_40' title='bbox 2454 770 2618 825; x_wconf 87' lang='lat' dir='ltr'><strong>certo</strong></span> 
     </span>
     <span class='ocr_line' id='line_1_6' title="bbox 377 865 2618 946; baseline 0.001 -22"><span class='ocrx_word' id='word_1_41' title='bbox 377 865 580 943; x_wconf 89' lang='lat' dir='ltr'><strong>aliquo</strong></span> <span class='ocrx_word' id='word_1_42' title='bbox 625 866 983 929; x_wconf 89' lang='lat' dir='ltr'><strong>Graecorum</strong></span> <span class='ocrx_word' id='word_1_43' title='bbox 1031 874 1292 945; x_wconf 83' lang='lat' dir='ltr'><strong>oratore,</strong></span> <span class='ocrx_word' id='word_1_44' title='bbox 1335 875 1401 930; x_wconf 90' lang='lat' dir='ltr'><strong>ut</strong></span> <span class='ocrx_word' id='word_1_45' title='bbox 1446 888 1575 929; x_wconf 89' lang='lat' dir='ltr'><strong>cum</strong></span> <span class='ocrx_word' id='word_1_46' title='bbox 1625 870 2057 939; x_wconf 80' lang='lat' dir='ltr'><strong>Demosthene,</strong></span> <span class='ocrx_word' id='word_1_47' title='bbox 2112 869 2245 928; x_wconf 89' lang='lat' dir='ltr'><strong>illos</strong></span> <span class='ocrx_word' id='word_1_48' title='bbox 2293 872 2618 946; x_wconf 88' lang='lat' dir='ltr'><strong>comparat,</strong></span> 
     </span>
     <span class='ocr_line' id='line_1_7' title="bbox 377 970 2617 1049; baseline 0.002 -24"><span class='ocrx_word' id='word_1_49' title='bbox 377 970 501 1026; x_wconf 90' lang='lat' dir='ltr'><strong>tum</strong></span> <span class='ocrx_word' id='word_1_50' title='bbox 563 1000 648 1009; x_wconf 92' lang='lat'><strong>—</strong></span> <span class='ocrx_word' id='word_1_51' title='bbox 715 970 770 1029; x_wconf 87' lang='lat' dir='ltr'><strong>id</strong></span> <span class='ocrx_word' id='word_1_52' title='bbox 834 970 996 1048; x_wconf 86' lang='lat' dir='ltr'><strong>quod</strong></span> <span class='ocrx_word' id='word_1_53' title='bbox 1054 973 1262 1032; x_wconf 89' lang='lat' dir='ltr'><strong>summi</strong></span> <span class='ocrx_word' id='word_1_54' title='bbox 1328 971 1617 1049; x_wconf 70' lang='lat' dir='ltr'><strong>ponderis</strong></span> <span class='ocrx_word' id='word_1_55' title='bbox 1679 976 1768 1031; x_wconf 89' lang='lat' dir='ltr'><strong>est</strong></span> <span class='ocrx_word' id='word_1_56' title='bbox 1812 1002 1893 1011; x_wconf 94' lang='lat'><strong>—</strong></span> <span class='ocrx_word' id='word_1_57' title='bbox 1939 989 2023 1031; x_wconf 88' lang='lat' dir='ltr'><strong>or.</strong></span> <span class='ocrx_word' id='word_1_58' title='bbox 2084 974 2164 1031; x_wconf 86' lang='lat'><strong>23</strong></span> <span class='ocrx_word' id='word_1_59' title='bbox 2208 972 2467 1031; x_wconf 90' lang='lat' dir='ltr'><strong>—loco</strong></span> <span class='ocrx_word' id='word_1_60' title='bbox 2523 971 2617 1031; x_wconf 84' lang='lat' dir='ltr'><strong>vel</strong></span> 
     </span>
     <span class='ocr_line' id='line_1_8' title="bbox 374 1071 2618 1151; baseline 0.002 -24"><span class='ocrx_word' id='word_1_61' title='bbox 374 1071 682 1146; x_wconf 87' lang='lat' dir='ltr'><strong>aptissimo</strong></span> <span class='ocrx_word' id='word_1_62' title='bbox 727 1091 801 1132; x_wconf 83' lang='lat' dir='ltr'><strong>ex</strong></span> <span class='ocrx_word' id='word_1_63' title='bbox 847 1091 1004 1151; x_wconf 88' lang='lat' dir='ltr'><strong>quo,</strong></span> <span class='ocrx_word' id='word_1_64' title='bbox 1061 1092 1239 1151; x_wconf 90' lang='lat' dir='ltr'><strong>quam</strong></span> <span class='ocrx_word' id='word_1_65' title='bbox 1307 1079 1482 1133; x_wconf 88' lang='lat' dir='ltr'><strong>caute</strong></span> <span class='ocrx_word' id='word_1_66' title='bbox 1531 1073 1776 1151; x_wconf 77' lang='lat' dir='ltr'><strong>Judiciis</strong></span> <span class='ocrx_word' id='word_1_67' title='bbox 1833 1074 1963 1151; x_wconf 86' lang='lat' dir='ltr'><strong>ejus</strong></span> <span class='ocrx_word' id='word_1_68' title='bbox 2018 1071 2165 1133; x_wconf 84' lang='lat' dir='ltr'><strong>fides</strong></span> <span class='ocrx_word' id='word_1_69' title='bbox 2208 1074 2284 1134; x_wconf 92' lang='lat' dir='ltr'><strong>sit</strong></span> <span class='ocrx_word' id='word_1_70' title='bbox 2330 1072 2618 1143; x_wconf 86' lang='lat' dir='ltr'><strong>habenda,</strong></span> 
     </span>
     <span class='ocr_line' id='line_1_9' title="bbox 373 1172 2617 1253; baseline 0.001 -21"><span class='ocrx_word' id='word_1_71' title='bbox 373 1172 794 1249; x_wconf 75' lang='lat' dir='ltr'><strong>intellegamus</strong></span> <span class='ocrx_word' id='word_1_72' title='bbox 856 1205 943 1216; x_wconf 91' lang='lat'><strong>—-</strong></span> <span class='ocrx_word' id='word_1_73' title='bbox 1008 1175 1154 1235; x_wconf 84' lang='lat' dir='ltr'><strong>dicit</strong></span> <span class='ocrx_word' id='word_1_74' title='bbox 1217 1193 1281 1235; x_wconf 89' lang='lat' dir='ltr'><strong>se</strong></span> <span class='ocrx_word' id='word_1_75' title='bbox 1338 1177 1398 1236; x_wconf 90' lang='lat' dir='ltr'><strong>in</strong></span> <span class='ocrx_word' id='word_1_76' title='bbox 1452 1176 1592 1251; x_wconf 90' lang='lat' dir='ltr'><strong>illo,</strong></span> <span class='ocrx_word' id='word_1_77' title='bbox 1659 1175 1733 1236; x_wconf 88' lang='lat' dir='ltr'><strong>de</strong></span> <span class='ocrx_word' id='word_1_78' title='bbox 1788 1194 1909 1253; x_wconf 85' lang='lat' dir='ltr'><strong>quo</strong></span> <span class='ocrx_word' id='word_1_79' title='bbox 1972 1176 2203 1253; x_wconf 87' lang='lat' dir='ltr'><strong>agitur,</strong></span> <span class='ocrx_word' id='word_1_80' title='bbox 2262 1176 2431 1235; x_wconf 81' lang='lat' dir='ltr'>Bruti</span> <span class='ocrx_word' id='word_1_81' title='bbox 2485 1176 2617 1235; x_wconf 88' lang='lat' dir='ltr'><strong>loco</strong></span> 
     </span>
     <span class='ocr_line' id='line_1_10' title="bbox 376 1275 2616 1355; baseline 0.001 -22"><span class='ocrx_word' id='word_1_82' title='bbox 376 1275 622 1334; x_wconf 91' lang='lat' dir='ltr'><strong>multum</strong></span> <span class='ocrx_word' id='word_1_83' title='bbox 688 1306 770 1316; x_wconf 93' lang='lat'>—</span> <span class='ocrx_word' id='word_1_84' title='bbox 832 1278 869 1337; x_wconf 90' lang='lat' dir='ltr'><strong>i.</strong></span> <span class='ocrx_word' id='word_1_85' title='bbox 916 1297 965 1336; x_wconf 84' lang='lat' dir='ltr'><strong>e.</strong></span> <span class='ocrx_word' id='word_1_86' title='bbox 1029 1279 1199 1338; x_wconf 88' lang='lat' dir='ltr'><strong>nimis</strong></span> <span class='ocrx_word' id='word_1_87' title='bbox 1260 1310 1340 1319; x_wconf 89' lang='lat'><strong>—</strong></span> <span class='ocrx_word' id='word_1_88' title='bbox 1399 1279 1681 1337; x_wconf 85' lang='lat' dir='ltr'><strong>tribuisse</strong></span> <span class='ocrx_word' id='word_1_89' title='bbox 1741 1278 1975 1338; x_wconf 85' lang='lat' dir='ltr'><strong>Latinis</strong></span> <span class='ocrx_word' id='word_1_90' title='bbox 2034 1282 2095 1337; x_wconf 88' lang='lat' dir='ltr'><strong>et</strong></span> <span class='ocrx_word' id='word_1_91' title='bbox 2135 1278 2260 1355; x_wconf 89' lang='lat' dir='ltr'><strong>jam</strong></span> <span class='ocrx_word' id='word_1_92' title='bbox 2309 1277 2616 1338; x_wconf 87' lang='lat' dir='ltr'><strong>recordari</strong></span> 
     </span>
     <span class='ocr_line' id='line_1_11' title="bbox 376 1376 2614 1457; baseline 0.002 -22"><span class='ocrx_word' id='word_1_93' title='bbox 376 1376 555 1454; x_wconf 86' lang='lat' dir='ltr'><strong>longe</strong></span> <span class='ocrx_word' id='word_1_94' title='bbox 603 1380 873 1439; x_wconf 85' lang='lat' dir='ltr'><strong>omnibus</strong></span> <span class='ocrx_word' id='word_1_95' title='bbox 922 1399 1102 1439; x_wconf 88' lang='lat' dir='ltr'><strong>unum</strong></span> <span class='ocrx_word' id='word_1_96' title='bbox 1150 1379 1449 1441; x_wconf 88' lang='lat' dir='ltr'><strong>anteferre</strong></span> <span class='ocrx_word' id='word_1_97' title='bbox 1480 1380 1964 1440; x_wconf 78' lang='lat' dir='ltr'><strong>Demosthenem.</strong></span> <span class='ocrx_word' id='word_1_98' title='bbox 2006 1409 2091 1419; x_wconf 92' lang='lat'><strong>—-</strong></span> <span class='ocrx_word' id='word_1_99' title='bbox 2137 1378 2252 1454; x_wconf 80' lang='lat' dir='ltr'><strong>Qui</strong></span> <span class='ocrx_word' id='word_1_100' title='bbox 2300 1380 2468 1439; x_wconf 89' lang='lat' dir='ltr'><strong>locus</strong></span> <span class='ocrx_word' id='word_1_101' title='bbox 2490 1380 2614 1457; x_wconf 88' lang='lat' dir='ltr'><strong>jam</strong></span> 
     </span>
     <span class='ocr_line' id='line_1_12' title="bbox 375 1478 2619 1560; baseline 0.002 -23"><span class='ocrx_word' id='word_1_102' title='bbox 375 1478 448 1538; x_wconf 88' lang='lat' dir='ltr'><strong>ad</strong></span> <span class='ocrx_word' id='word_1_103' title='bbox 498 1480 654 1539; x_wconf 88' lang='lat' dir='ltr'><strong>illam</strong></span> <span class='ocrx_word' id='word_1_104' title='bbox 702 1482 951 1542; x_wconf 88' lang='lat' dir='ltr'><strong>alteram</strong></span> <span class='ocrx_word' id='word_1_105' title='bbox 1000 1501 1108 1544; x_wconf 89' lang='lat' dir='ltr'><strong>nos</strong></span> <span class='ocrx_word' id='word_1_106' title='bbox 1154 1482 1435 1560; x_wconf 77' lang='lat' dir='ltr'><strong>perducit</strong></span> <span class='ocrx_word' id='word_1_107' title='bbox 1466 1483 1875 1560; x_wconf 81' lang='lat' dir='ltr'><strong>quaestionem</strong></span> <span class='ocrx_word' id='word_1_108' title='bbox 1909 1500 2160 1559; x_wconf 89' lang='lat' dir='ltr'><strong>eamque</strong></span> <span class='ocrx_word' id='word_1_109' title='bbox 2190 1481 2619 1559; x_wconf 85' lang='lat' dir='ltr'><strong>gravissimam,</strong></span> 
     </span>
     <span class='ocr_line' id='line_1_13' title="bbox 374 1582 2615 1662; baseline 0.001 -22"><span class='ocrx_word' id='word_1_110' title='bbox 374 1585 442 1640; x_wconf 90' lang='lat' dir='ltr'><strong>ut</strong></span> <span class='ocrx_word' id='word_1_111' title='bbox 501 1582 839 1662; x_wconf 81' lang='lat' dir='ltr'><strong>videamus,</strong></span> <span class='ocrx_word' id='word_1_112' title='bbox 902 1589 1098 1644; x_wconf 88' lang='lat' dir='ltr'><strong>utrum</strong></span> <span class='ocrx_word' id='word_1_113' title='bbox 1146 1586 1356 1646; x_wconf 85' lang='lat' dir='ltr'><strong>Cicero</strong></span> <span class='ocrx_word' id='word_1_114' title='bbox 1420 1586 1471 1646; x_wconf 89' lang='lat' dir='ltr'><strong>ei</strong></span> <span class='ocrx_word' id='word_1_115' title='bbox 1536 1603 1780 1662; x_wconf 88' lang='lat' dir='ltr'><strong>quoque</strong></span> <span class='ocrx_word' id='word_1_116' title='bbox 1842 1584 2250 1661; x_wconf 80' lang='lat' dir='ltr'><strong>eloquentiae,</strong></span> <span class='ocrx_word' id='word_1_117' title='bbox 2310 1582 2384 1644; x_wconf 89' lang='lat' dir='ltr'><strong>ad</strong></span> <span class='ocrx_word' id='word_1_118' title='bbox 2439 1602 2615 1662; x_wconf 87' lang='lat' dir='ltr'><strong>quam</strong></span> 
     </span>
     <span class='ocr_line' id='line_1_14' title="bbox 373 1668 2617 1765; baseline 0.001 -22"><span class='ocrx_word' id='word_1_119' title='bbox 373 1684 558 1759; x_wconf 86' lang='lat' dir='ltr'><strong>ipsius</strong></span> <span class='ocrx_word' id='word_1_120' title='bbox 595 1668 972 1763; x_wconf 32' lang='lat' dir='ltr'><strong>&#39;temporibus</strong></span> <span class='ocrx_word' id='word_1_121' title='bbox 1018 1688 1266 1747; x_wconf 90' lang='lat' dir='ltr'><strong>Romani</strong></span> <span class='ocrx_word' id='word_1_122' title='bbox 1315 1692 1733 1764; x_wconf 72' lang='lat' dir='ltr'><strong>pervenerant,</strong></span> <span class='ocrx_word' id='word_1_123' title='bbox 1782 1688 2034 1765; x_wconf 87' lang='lat' dir='ltr'><strong>optimos</strong></span> <span class='ocrx_word' id='word_1_124' title='bbox 2074 1687 2439 1749; x_wconf 90' lang='lat' dir='ltr'><strong>Graecorum</strong></span> <span class='ocrx_word' id='word_1_125' title='bbox 2488 1705 2617 1746; x_wconf 90' lang='lat' dir='ltr'><strong>ora·</strong></span> 
     </span>
     <span class='ocr_line' id='line_1_15' title="bbox 373 1787 2616 1867; baseline 0.001 -23"><span class='ocrx_word' id='word_1_126' title='bbox 373 1790 533 1845; x_wconf 80' lang='lat' dir='ltr'><strong>tores</strong></span> <span class='ocrx_word' id='word_1_127' title='bbox 578 1791 986 1865; x_wconf 77' lang='lat' dir='ltr'><strong>anteposuerit</strong></span> <span class='ocrx_word' id='word_1_128' title='bbox 1033 1808 1239 1867; x_wconf 87' lang='lat' dir='ltr'><strong>necne,</strong></span> <span class='ocrx_word' id='word_1_129' title='bbox 1283 1791 1408 1863; x_wconf 86' lang='lat' dir='ltr'><strong>vel,</strong></span> <span class='ocrx_word' id='word_1_130' title='bbox 1457 1794 1522 1848; x_wconf 90' lang='lat' dir='ltr'><strong>ut</strong></span> <span class='ocrx_word' id='word_1_131' title='bbox 1566 1791 1902 1849; x_wconf 75' lang='lat' dir='ltr'><strong>accuratius</strong></span> <span class='ocrx_word' id='word_1_132' title='bbox 1949 1808 2070 1849; x_wconf 90' lang='lat' dir='ltr'><strong>rem</strong></span> <span class='ocrx_word' id='word_1_133' title='bbox 2119 1787 2616 1859; x_wconf 76' lang='lat' dir='ltr'><strong>circumscribam,</strong></span> 
     </span>
     <span class='ocr_line' id='line_1_16' title="bbox 374 1889 2616 1970; baseline 0.001 -23"><span class='ocrx_word' id='word_1_134' title='bbox 374 1892 573 1948; x_wconf 90' lang='lat' dir='ltr'><strong>utrum</strong></span> <span class='ocrx_word' id='word_1_135' title='bbox 605 1907 668 1949; x_wconf 85' lang='lat' dir='ltr'><strong>se</strong></span> <span class='ocrx_word' id='word_1_136' title='bbox 699 1891 888 1967; x_wconf 88' lang='lat' dir='ltr'><strong>ipsum</strong></span> <span class='ocrx_word' id='word_1_137' title='bbox 922 1893 1331 1969; x_wconf 87' lang='lat' dir='ltr'><strong>Demostheni,</strong></span> <span class='ocrx_word' id='word_1_138' title='bbox 1376 1910 1550 1970; x_wconf 88' lang='lat' dir='ltr'><strong>quem</strong></span> <span class='ocrx_word' id='word_1_139' title='bbox 1586 1893 1715 1951; x_wconf 88' lang='lat' dir='ltr'><strong>sinc</strong></span> <span class='ocrx_word' id='word_1_140' title='bbox 1748 1891 1928 1951; x_wconf 87' lang='lat' dir='ltr'><strong>dubio</strong></span> <span class='ocrx_word' id='word_1_141' title='bbox 1968 1891 2298 1969; x_wconf 81' lang='lat' dir='ltr'><strong>principem</strong></span> <span class='ocrx_word' id='word_1_142' title='bbox 2329 1889 2616 1951; x_wconf 87' lang='lat' dir='ltr'><strong>Graeciae</strong></span> 
     </span>
     <span class='ocr_line' id='line_1_17' title="bbox 373 1990 2616 2071; baseline 0.003 -24"><span class='ocrx_word' id='word_1_143' title='bbox 373 1999 672 2051; x_wconf 81' lang='lat' dir='ltr'><strong>oratorum</strong></span> <span class='ocrx_word' id='word_1_144' title='bbox 720 1995 958 2070; x_wconf 83' lang='lat' dir='ltr'><strong>putavit</strong></span> <span class='ocrx_word' id='word_1_145' title='bbox 977 1990 1085 2066; x_wconf 79' lang='lat'><strong>³²),</strong></span> <span class='ocrx_word' id='word_1_146' title='bbox 1147 1995 1430 2071; x_wconf 82' lang='lat' dir='ltr'><strong>imparem</strong></span> <span class='ocrx_word' id='word_1_147' title='bbox 1480 2013 1552 2052; x_wconf 86' lang='lat' dir='ltr'><strong>an</strong></span> <span class='ocrx_word' id='word_1_148' title='bbox 1603 2012 1806 2071; x_wconf 89' lang='lat' dir='ltr'><strong>parem</strong></span> <span class='ocrx_word' id='word_1_149' title='bbox 1864 2011 1994 2053; x_wconf 90' lang='lat' dir='ltr'><strong>esse</strong></span> <span class='ocrx_word' id='word_1_150' title='bbox 2039 2013 2114 2053; x_wconf 85' lang='lat' dir='ltr'><strong>au</strong></span> <span class='ocrx_word' id='word_1_151' title='bbox 2164 1998 2471 2069; x_wconf 83' lang='lat' dir='ltr'><strong>praestare</strong></span> <span class='ocrx_word' id='word_1_152' title='bbox 2517 2011 2616 2053; x_wconf 84' lang='lat' dir='ltr'><strong>ex-</strong></span> 
     </span>
     <span class='ocr_line' id='line_1_18' title="bbox 372 2094 2612 2173; baseline 0.002 -22"><span class='ocrx_word' id='word_1_153' title='bbox 372 2094 740 2153; x_wconf 88' lang='lat' dir='ltr'><strong>istimaverit.</strong></span> <span class='ocrx_word' id='word_1_154' title='bbox 829 2096 905 2154; x_wconf 86' lang='lat' dir='ltr'><strong>Et</strong></span> <span class='ocrx_word' id='word_1_155' title='bbox 950 2115 1310 2173; x_wconf 85' lang='lat' dir='ltr'><strong>quamquam</strong></span> <span class='ocrx_word' id='word_1_156' title='bbox 1360 2114 1434 2156; x_wconf 91' lang='lat' dir='ltr'><strong>ne</strong></span> <span class='ocrx_word' id='word_1_157' title='bbox 1481 2098 1538 2156; x_wconf 90' lang='lat' dir='ltr'><strong>in</strong></span> <span class='ocrx_word' id='word_1_158' title='bbox 1587 2097 1701 2155; x_wconf 88' lang='lat' dir='ltr'><strong>hac</strong></span> <span class='ocrx_word' id='word_1_159' title='bbox 1746 2095 1980 2171; x_wconf 88' lang='lat' dir='ltr'><strong>quidem</strong></span> <span class='ocrx_word' id='word_1_160' title='bbox 2028 2113 2093 2154; x_wconf 90' lang='lat' dir='ltr'><strong>re</strong></span> <span class='ocrx_word' id='word_1_161' title='bbox 2130 2094 2467 2172; x_wconf 88' lang='lat' dir='ltr'><strong>judicanda</strong></span> <span class='ocrx_word' id='word_1_162' title='bbox 2505 2095 2612 2155; x_wconf 89' lang='lat' dir='ltr'><strong>sibi</strong></span> 
     </span>
     <span class='ocr_line' id='line_1_19' title="bbox 373 2197 2613 2274; baseline 0.001 -20"><span class='ocrx_word' id='word_1_163' title='bbox 373 2200 628 2267; x_wconf 88' lang='lat' dir='ltr'><strong>constat,</strong></span> <span class='ocrx_word' id='word_1_164' title='bbox 692 2201 887 2257; x_wconf 90' lang='lat' dir='ltr'><strong>tamen</strong></span> <span class='ocrx_word' id='word_1_165' title='bbox 951 2197 1291 2274; x_wconf 84' lang='lat' dir='ltr'><strong>diligentius</strong></span> <span class='ocrx_word' id='word_1_166' title='bbox 1355 2197 1773 2274; x_wconf 84' lang='lat' dir='ltr'><strong>investigando</strong></span> <span class='ocrx_word' id='word_1_167' title='bbox 1835 2198 1977 2258; x_wconf 87' lang='lat' dir='ltr'><strong>satis</strong></span> <span class='ocrx_word' id='word_1_168' title='bbox 2031 2202 2312 2258; x_wconf 86' lang='lat' dir='ltr'><strong>accurate</strong></span> <span class='ocrx_word' id='word_1_169' title='bbox 2366 2197 2613 2274; x_wconf 90' lang='lat' dir='ltr'><strong>reperiri</strong></span> 
     </span>
     <span class='ocr_line' id='line_1_20' title="bbox 371 2300 2612 2377; baseline -0 -18"><span class='ocrx_word' id='word_1_170' title='bbox 371 2316 547 2376; x_wconf 85' lang='lat' dir='ltr'><strong>posse</strong></span> <span class='ocrx_word' id='word_1_171' title='bbox 609 2305 791 2377; x_wconf 88' lang='lat' dir='ltr'><strong>puto,</strong></span> <span class='ocrx_word' id='word_1_172' title='bbox 853 2301 993 2376; x_wconf 84' lang='lat' dir='ltr'><strong>quid</strong></span> <span class='ocrx_word' id='word_1_173' title='bbox 1065 2300 1186 2360; x_wconf 84' lang='lat' dir='ltr'><strong>fere</strong></span> <span class='ocrx_word' id='word_1_174' title='bbox 1252 2302 1517 2361; x_wconf 81' lang='lat' dir='ltr'><strong>senserit.</strong></span> <span class='ocrx_word' id='word_1_175' title='bbox 1627 2301 1885 2360; x_wconf 87' lang='lat' dir='ltr'><strong>Primum</strong></span> <span class='ocrx_word' id='word_1_176' title='bbox 1952 2300 2135 2377; x_wconf 82' lang='lat' dir='ltr'><strong>igitur</strong></span> <span class='ocrx_word' id='word_1_177' title='bbox 2200 2319 2273 2360; x_wconf 87' lang='lat' dir='ltr'><strong>ex</strong></span> <span class='ocrx_word' id='word_1_178' title='bbox 2340 2300 2488 2359; x_wconf 89' lang='lat' dir='ltr'><strong>locis</strong></span> <span class='ocrx_word' id='word_1_179' title='bbox 2553 2300 2612 2359; x_wconf 88' lang='lat' dir='ltr'><strong>in</strong></span> 
     </span>
     <span class='ocr_line' id='line_1_21' title="bbox 372 2402 2614 2482; baseline 0 -21"><span class='ocrx_word' id='word_1_180' title='bbox 372 2402 715 2462; x_wconf 87' lang='lat' dir='ltr'><strong>uuiversum</strong></span> <span class='ocrx_word' id='word_1_181' title='bbox 799 2404 1211 2481; x_wconf 85' lang='lat' dir='ltr'><strong>spectantibus</strong></span> <span class='ocrx_word' id='word_1_182' title='bbox 1289 2407 1460 2482; x_wconf 88' lang='lat' dir='ltr'><strong>sunt,</strong></span> <span class='ocrx_word' id='word_1_183' title='bbox 1545 2403 1649 2482; x_wconf 89' lang='lat' dir='ltr'><strong>qui</strong></span> <span class='ocrx_word' id='word_1_184' title='bbox 1710 2402 1954 2464; x_wconf 84' lang='lat' dir='ltr'><strong>Graccis</strong></span> <span class='ocrx_word' id='word_1_185' title='bbox 2030 2403 2358 2481; x_wconf 83' lang='lat' dir='ltr'><strong>principem</strong></span> <span class='ocrx_word' id='word_1_186' title='bbox 2420 2402 2614 2464; x_wconf 90' lang='lat' dir='ltr'><strong>locum</strong></span> 
     </span>
     <span class='ocr_line' id='line_1_22' title="bbox 371 2502 2617 2578; baseline 0 -15"><span class='ocrx_word' id='word_1_187' title='bbox 371 2504 634 2566; x_wconf 89' lang='lat' dir='ltr'><strong>tribuere</strong></span> <span class='ocrx_word' id='word_1_188' title='bbox 664 2506 996 2567; x_wconf 85' lang='lat' dir='ltr'><strong>videantur.</strong></span> <span class='ocrx_word' id='word_1_189' title='bbox 1068 2508 1148 2567; x_wconf 88' lang='lat' dir='ltr'><strong>At</strong></span> <span class='ocrx_word' id='word_1_190' title='bbox 1176 2508 1233 2567; x_wconf 90' lang='lat' dir='ltr'><strong>iu</strong></span> <span class='ocrx_word' id='word_1_191' title='bbox 1269 2507 1362 2567; x_wconf 90' lang='lat' dir='ltr'><strong>his</strong></span> <span class='ocrx_word' id='word_1_192' title='bbox 1395 2507 1604 2568; x_wconf 83' lang='lat' dir='ltr'><strong>Cicero</strong></span> <span class='ocrx_word' id='word_1_193' title='bbox 1652 2511 1755 2567; x_wconf 88' lang='lat' dir='ltr'><strong>aut</strong></span> <span class='ocrx_word' id='word_1_194' title='bbox 1800 2506 1943 2566; x_wconf 86' lang='lat' dir='ltr'><strong>satis</strong></span> <span class='ocrx_word' id='word_1_195' title='bbox 1988 2505 2336 2566; x_wconf 83' lang='lat' dir='ltr'><strong>dubitanter</strong></span> <span class='ocrx_word' id='word_1_196' title='bbox 2380 2502 2617 2578; x_wconf 72' lang='lat' dir='ltr'><strong>dixit33)</strong></span> 
     </span>
    </p>
   </div>
   <div class='ocr_carea' id='block_1_3' title="bbox 371 2608 2709 2687">
    <p class='ocr_par' dir='ltr' id='par_1_3' title="bbox 371 2608 2709 2687">
     <span class='ocr_line' id='line_1_23' title="bbox 371 2608 2709 2687; baseline 0 -19"><span class='ocrx_word' id='word_1_197' title='bbox 371 2613 623 2669; x_wconf 90' lang='lat' dir='ltr'><strong>autnon</strong></span> <span class='ocrx_word' id='word_1_198' title='bbox 655 2613 777 2669; x_wconf 85' lang='lat' dir='ltr'><strong>tam</strong></span> <span class='ocrx_word' id='word_1_199' title='bbox 809 2610 1082 2671; x_wconf 88' lang='lat' dir='ltr'><strong>meliores</strong></span> <span class='ocrx_word' id='word_1_200' title='bbox 1128 2630 1306 2687; x_wconf 87' lang='lat' dir='ltr'><strong>quam</strong></span> <span class='ocrx_word' id='word_1_201' title='bbox 1355 2612 1560 2687; x_wconf 86' lang='lat' dir='ltr'><strong>plures</strong></span> <span class='ocrx_word' id='word_1_202' title='bbox 1608 2613 1879 2670; x_wconf 88' lang='lat' dir='ltr'><strong>oratores</strong></span> <span class='ocrx_word' id='word_1_203' title='bbox 1927 2609 1984 2668; x_wconf 90' lang='lat' dir='ltr'><strong>in</strong></span> <span class='ocrx_word' id='word_1_204' title='bbox 2019 2608 2271 2668; x_wconf 85' lang='lat' dir='ltr'><strong>Graecia</strong></span> <span class='ocrx_word' id='word_1_205' title='bbox 2318 2609 2617 2668; x_wconf 87' lang='lat' dir='ltr'><strong>exstitisse</strong></span> <span class='ocrx_word' id='word_1_206' title='bbox 2702 2623 2709 2628; x_wconf 87' lang='lat'>·</span> 
     </span>
    </p>
   </div>
   <div class='ocr_carea' id='block_1_4' title="bbox 371 2709 2619 3093">
    <p class='ocr_par' dir='ltr' id='par_1_4' title="bbox 371 2709 2619 3093">
     <span class='ocr_line' id='line_1_24' title="bbox 371 2709 2618 2792; baseline 0 -23"><span class='ocrx_word' id='word_1_207' title='bbox 371 2710 689 2771; x_wconf 85' lang='lat' dir='ltr'><strong>affirmavit</strong></span> <span class='ocrx_word' id='word_1_208' title='bbox 705 2709 782 2784; x_wconf 76' lang='lat'><strong>⁸⁴)</strong></span> <span class='ocrx_word' id='word_1_209' title='bbox 844 2718 944 2773; x_wconf 86' lang='lat' dir='ltr'><strong>aut</strong></span> <span class='ocrx_word' id='word_1_210' title='bbox 991 2713 1050 2773; x_wconf 86' lang='lat' dir='ltr'><strong>id</strong></span> <span class='ocrx_word' id='word_1_211' title='bbox 1098 2714 1284 2774; x_wconf 89' lang='lat' dir='ltr'><strong>solum</strong></span> <span class='ocrx_word' id='word_1_212' title='bbox 1331 2713 1640 2792; x_wconf 86' lang='lat' dir='ltr'><strong>professus</strong></span> <span class='ocrx_word' id='word_1_213' title='bbox 1686 2717 1776 2772; x_wconf 90' lang='lat' dir='ltr'><strong>est</strong></span> <span class='ocrx_word' id='word_1_214' title='bbox 1823 2711 2279 2772; x_wconf 83' lang='lat' dir='ltr'><strong>exercitationes</strong></span> <span class='ocrx_word' id='word_1_215' title='bbox 2324 2710 2618 2771; x_wconf 88' lang='lat' dir='ltr'><strong>oratorias</strong></span> 
     </span>
     <span class='ocr_line' id='line_1_25' title="bbox 372 2811 2617 2894; baseline 0 -22"><span class='ocrx_word' id='word_1_216' title='bbox 372 2813 599 2873; x_wconf 87' lang='lat' dir='ltr'><strong>Graece</strong></span> <span class='ocrx_word' id='word_1_217' title='bbox 629 2816 933 2875; x_wconf 87' lang='lat' dir='ltr'><strong>institutas</strong></span> <span class='ocrx_word' id='word_1_218' title='bbox 965 2817 1137 2875; x_wconf 85' lang='lat' dir='ltr'><strong>etiam</strong></span> <span class='ocrx_word' id='word_1_219' title='bbox 1170 2816 1605 2894; x_wconf 81' lang='lat' dir='ltr'><strong>praeferendas</strong></span> <span class='ocrx_word' id='word_1_220' title='bbox 1637 2833 1768 2875; x_wconf 88' lang='grc'><strong>8888</strong></span> <span class='ocrx_word' id='word_1_221' title='bbox 1800 2814 2032 2873; x_wconf 87' lang='lat' dir='ltr'><strong>Latinis</strong></span> <span class='ocrx_word' id='word_1_222' title='bbox 2053 2811 2149 2885; x_wconf 76' lang='lat'><strong>³⁵).</strong></span> <span class='ocrx_word' id='word_1_223' title='bbox 2217 2812 2410 2889; x_wconf 84' lang='lat' dir='ltr'><strong>Adde,</strong></span> <span class='ocrx_word' id='word_1_224' title='bbox 2439 2812 2617 2890; x_wconf 83' lang='lat' dir='ltr'><strong>quod,</strong></span> 
     </span>
     <span class='ocr_line' id='line_1_26' title="bbox 372 2913 2619 2992; baseline 0.001 -21"><span class='ocrx_word' id='word_1_225' title='bbox 372 2916 480 2972; x_wconf 85' lang='lat' dir='ltr'><strong>etsi</strong></span> <span class='ocrx_word' id='word_1_226' title='bbox 529 2916 959 2976; x_wconf 86' lang='lat' dir='ltr'><strong>Demosthenes</strong></span> <span class='ocrx_word' id='word_1_227' title='bbox 1004 2918 1214 2976; x_wconf 89' lang='lat' dir='ltr'><strong>iterum</strong></span> <span class='ocrx_word' id='word_1_228' title='bbox 1263 2921 1442 2992; x_wconf 88' lang='lat' dir='ltr'><strong>atque</strong></span> <span class='ocrx_word' id='word_1_229' title='bbox 1484 2918 1695 2975; x_wconf 86' lang='lat' dir='ltr'><strong>iterum</strong></span> <span class='ocrx_word' id='word_1_230' title='bbox 1730 2914 2003 2975; x_wconf 89' lang='lat' dir='ltr'><strong>omnibus</strong></span> <span class='ocrx_word' id='word_1_231' title='bbox 2036 2914 2311 2974; x_wconf 86' lang='lat' dir='ltr'><strong>oratoriis</strong></span> <span class='ocrx_word' id='word_1_232' title='bbox 2342 2913 2619 2973; x_wconf 88' lang='lat' dir='ltr'><strong>laudibus</strong></span> 
     </span>
     <span class='ocr_line' id='line_1_27' title="bbox 373 3013 2616 3093; baseline 0 -20"><span class='ocrx_word' id='word_1_233' title='bbox 373 3020 623 3076; x_wconf 87' lang='lat' dir='ltr'><strong>ornatur</strong></span> <span class='ocrx_word' id='word_1_234' title='bbox 641 3013 751 3093; x_wconf 75' lang='lat'><strong>³⁶),</strong></span> <span class='ocrx_word' id='word_1_235' title='bbox 810 3023 1006 3077; x_wconf 90' lang='lat' dir='ltr'><strong>tamen</strong></span> <span class='ocrx_word' id='word_1_236' title='bbox 1071 3036 1144 3077; x_wconf 82' lang='lat' dir='ltr'><strong>cx</strong></span> <span class='ocrx_word' id='word_1_237' title='bbox 1206 3017 1338 3077; x_wconf 90' lang='lat' dir='ltr'><strong>aliis</strong></span> <span class='ocrx_word' id='word_1_238' title='bbox 1400 3018 1545 3076; x_wconf 90' lang='lat' dir='ltr'><strong>locis</strong></span> <span class='ocrx_word' id='word_1_239' title='bbox 1608 3015 1807 3092; x_wconf 81' lang='lat' dir='ltr'><strong>colligi</strong></span> <span class='ocrx_word' id='word_1_240' title='bbox 1868 3019 2068 3092; x_wconf 85' lang='lat' dir='ltr'><strong>potest</strong></span> <span class='ocrx_word' id='word_1_241' title='bbox 2113 3015 2458 3076; x_wconf 83' lang='lat' dir='ltr'><strong>Ciceronem</strong></span> <span class='ocrx_word' id='word_1_242' title='bbox 2505 3016 2616 3091; x_wconf 84' lang='lat' dir='ltr'><strong>ipsi</strong></span> 
     </span>
    </p>
   </div>
   <div class='ocr_carea' id='block_1_5' title="bbox 371 3149 560 3156">
    <p class='ocr_par' dir='ltr' id='par_1_5' title="bbox 371 3149 560 3156">
     <span class='ocr_line' id='line_1_28' title="bbox 371 3149 560 3156; baseline 0 1715"><span class='ocrx_word' id='word_1_243' title='bbox 371 3149 560 3156; x_wconf 95' lang='lat' dir='ltr'><strong> </strong></span> 
     </span>
    </p>
   </div>
   <div class='ocr_carea' id='block_1_6' title="bbox 563 3151 724 3157">
    <p class='ocr_par' dir='ltr' id='par_1_6' title="bbox 563 3151 724 3157">
     <span class='ocr_line' id='line_1_29' title="bbox 563 3151 724 3157; baseline 0 0"><span class='ocrx_word' id='word_1_244' title='bbox 563 3151 724 3157; x_wconf 95' lang='lat' dir='ltr'><strong> </strong></span> 
     </span>
    </p>
   </div>
   <div class='ocr_carea' id='block_1_7' title="bbox 367 3225 2618 4324">
    <p class='ocr_par' dir='ltr' id='par_1_7' title="bbox 367 3225 2618 4066">
     <span class='ocr_line' id='line_1_30' title="bbox 542 3225 2618 3300; baseline -0.001 -15"><span class='ocrx_word' id='word_1_245' title='bbox 542 3233 610 3296; x_wconf 81' lang='lat'><strong>³²)</strong></span> <span class='ocrx_word' id='word_1_246' title='bbox 645 3230 697 3286; x_wconf 88' lang='lat' dir='ltr'><strong>d.</strong></span> <span class='ocrx_word' id='word_1_247' title='bbox 733 3236 847 3300; x_wconf 72' lang='lat' dir='ltr'><strong>opt.</strong></span> <span class='ocrx_word' id='word_1_248' title='bbox 885 3247 938 3296; x_wconf 73' lang='lat' dir='ltr'><strong>g.</strong></span> <span class='ocrx_word' id='word_1_249' title='bbox 986 3247 1063 3286; x_wconf 87' lang='lat' dir='ltr'><strong>or.</strong></span> <span class='ocrx_word' id='word_1_250' title='bbox 1107 3237 1163 3286; x_wconf 73' lang='lat'><strong>17</strong></span> <span class='ocrx_word' id='word_1_251' title='bbox 1215 3231 1268 3285; x_wconf 90' lang='lat' dir='ltr'><strong>in</strong></span> <span class='ocrx_word' id='word_1_252' title='bbox 1329 3230 1575 3284; x_wconf 85' lang='lat' dir='ltr'><strong>editione</strong></span> <span class='ocrx_word' id='word_1_253' title='bbox 1626 3228 1903 3284; x_wconf 84' lang='lat' dir='ltr'><strong>Orelliana</strong></span> <span class='ocrx_word' id='word_1_254' title='bbox 1951 3228 2073 3283; x_wconf 85' lang='lat' dir='ltr'><strong>sine</strong></span> <span class='ocrx_word' id='word_1_255' title='bbox 2120 3226 2295 3282; x_wconf 86' lang='lat' dir='ltr'><strong>dubio</strong></span> <span class='ocrx_word' id='word_1_256' title='bbox 2348 3225 2494 3281; x_wconf 86' lang='lat' dir='ltr'><strong>falso</strong></span> <span class='ocrx_word' id='word_1_257' title='bbox 2537 3228 2618 3282; x_wconf 85' lang='lat' dir='ltr'><strong>sic</strong></span> 
     </span>
     <span class='ocr_line' id='line_1_31' title="bbox 372 3310 2618 3384; baseline -0.001 -15"><span class='ocrx_word' id='word_1_258' title='bbox 372 3314 600 3384; x_wconf 82' lang='lat' dir='ltr'><strong>legitur:</strong></span> <span class='ocrx_word' id='word_1_259' title='bbox 663 3317 748 3378; x_wconf 83' lang='lat' dir='ltr'><strong>„A</strong></span> <span class='ocrx_word' id='word_1_260' title='bbox 798 3330 883 3371; x_wconf 90' lang='lat' dir='ltr'><strong>me</strong></span> <span class='ocrx_word' id='word_1_261' title='bbox 932 3322 1114 3371; x_wconf 86' lang='lat' dir='ltr'><strong>autem</strong></span> <span class='ocrx_word' id='word_1_262' title='bbox 1155 3347 1221 3355; x_wconf 96' lang='lat'><strong>—</strong></span> <span class='ocrx_word' id='word_1_263' title='bbox 1267 3321 1332 3369; x_wconf 92' lang='lat' dir='ltr'><strong>ut</strong></span> <span class='ocrx_word' id='word_1_264' title='bbox 1368 3331 1492 3369; x_wconf 90' lang='lat' dir='ltr'><strong>cum</strong></span> <span class='ocrx_word' id='word_1_265' title='bbox 1531 3314 1785 3369; x_wconf 82' lang='lat' dir='ltr'><strong>maximis</strong></span> <span class='ocrx_word' id='word_1_266' title='bbox 1821 3314 2050 3367; x_wconf 85' lang='lat' dir='ltr'><strong>minima</strong></span> <span class='ocrx_word' id='word_1_267' title='bbox 2086 3310 2362 3369; x_wconf 85' lang='lat' dir='ltr'><strong>conferam</strong></span> <span class='ocrx_word' id='word_1_268' title='bbox 2401 3343 2466 3351; x_wconf 91' lang='lat'>—</span> <span class='ocrx_word' id='word_1_269' title='bbox 2503 3313 2618 3378; x_wconf 77' lang='lat' dir='ltr'><strong>gla-</strong></span> 
     </span>
     <span class='ocr_line' id='line_1_32' title="bbox 371 3397 2616 3470; baseline -0.002 -16"><span class='ocrx_word' id='word_1_270' title='bbox 371 3400 643 3455; x_wconf 86' lang='lat' dir='ltr'><strong>diatorum</strong></span> <span class='ocrx_word' id='word_1_271' title='bbox 683 3416 784 3470; x_wconf 87' lang='lat' dir='ltr'><strong>par</strong></span> <span class='ocrx_word' id='word_1_272' title='bbox 818 3401 1220 3457; x_wconf 87' lang='lat' dir='ltr'><strong>nobilissimum</strong></span> <span class='ocrx_word' id='word_1_273' title='bbox 1247 3400 1546 3460; x_wconf 79' lang='lat' dir='ltr'><strong>inducitur,</strong></span> <span class='ocrx_word' id='word_1_274' title='bbox 1583 3398 1917 3468; x_wconf 84' lang='lat' dir='ltr'><strong>Aeschines,</strong></span> <span class='ocrx_word' id='word_1_275' title='bbox 1955 3405 2219 3469; x_wconf 84' lang='lat' dir='ltr'><strong>tanquam</strong></span> <span class='ocrx_word' id='word_1_276' title='bbox 2247 3397 2616 3458; x_wconf 85' lang='lat' dir='ltr'><strong>Aeserninus,</strong></span> 
     </span>
     <span class='ocr_line' id='line_1_33' title="bbox 373 3483 2613 3555; baseline -0.001 -16"><span class='ocrx_word' id='word_1_277' title='bbox 373 3491 432 3539; x_wconf 88' lang='lat' dir='ltr'><strong>ut</strong></span> <span class='ocrx_word' id='word_1_278' title='bbox 474 3487 550 3539; x_wconf 83' lang='lat' dir='ltr'><strong>ait</strong></span> <span class='ocrx_word' id='word_1_279' title='bbox 598 3487 876 3552; x_wconf 88' lang='lat' dir='ltr'><strong>Lucilius,</strong></span> <span class='ocrx_word' id='word_1_280' title='bbox 927 3502 1035 3540; x_wconf 88' lang='lat' dir='ltr'><strong>non</strong></span> <span class='ocrx_word' id='word_1_281' title='bbox 1090 3501 1359 3555; x_wconf 81' lang='lat' dir='ltr'><strong>„spurcus</strong></span> <span class='ocrx_word' id='word_1_282' title='bbox 1398 3486 1588 3539; x_wconf 60' lang='lat' dir='ltr'><strong>homo*</strong></span> <span class='ocrx_word' id='word_1_283' title='bbox 1639 3485 1739 3540; x_wconf 88' lang='lat' dir='ltr'><strong>sed</strong></span> <span class='ocrx_word' id='word_1_284' title='bbox 1793 3500 1922 3539; x_wconf 85' lang='lat' dir='ltr'><strong>acer</strong></span> <span class='ocrx_word' id='word_1_285' title='bbox 1957 3492 2012 3539; x_wconf 89' lang='lat' dir='ltr'><strong>et</strong></span> <span class='ocrx_word' id='word_1_286' title='bbox 2049 3483 2276 3550; x_wconf 86' lang='lat' dir='ltr'><strong>doctus,</strong></span> <span class='ocrx_word' id='word_1_287' title='bbox 2327 3500 2482 3546; x_wconf 85' lang='lat' dir='ltr'><strong>„cum</strong></span> <span class='ocrx_word' id='word_1_288' title='bbox 2518 3484 2613 3538; x_wconf 87' lang='lat' dir='ltr'><strong>Pa-</strong></span> 
     </span>
     <span class='ocr_line' id='line_1_34' title="bbox 370 3569 2616 3641; baseline 0 -18"><span class='ocrx_word' id='word_1_289' title='bbox 370 3569 657 3640; x_wconf 80' lang='lat' dir='ltr'><strong>cidejano“</strong></span> <span class='ocrx_word' id='word_1_290' title='bbox 697 3570 785 3625; x_wconf 89' lang='lat' dir='ltr'><strong>hic</strong></span> <span class='ocrx_word' id='word_1_291' title='bbox 824 3571 1204 3640; x_wconf 80' lang='lat' dir='ltr'><strong>„componitur</strong></span> <span class='ocrx_word' id='word_1_292' title='bbox 1229 3603 1297 3609; x_wconf 89' lang='lat'><strong>-—</strong></span> <span class='ocrx_word' id='word_1_293' title='bbox 1321 3602 1388 3610; x_wconf 93' lang='lat'><strong>—</strong></span> <span class='ocrx_word' id='word_1_294' title='bbox 1423 3571 1656 3641; x_wconf 89' lang='lat' dir='ltr'><strong>optimu&#39;</strong></span> <span class='ocrx_word' id='word_1_295' title='bbox 1681 3571 1844 3639; x_wconf 83' lang='lat' dir='ltr'><strong>longe</strong></span> <span class='ocrx_word' id='word_1_296' title='bbox 1868 3571 2003 3624; x_wconf 85' lang='lat' dir='ltr'><strong>Post</strong></span> <span class='ocrx_word' id='word_1_297' title='bbox 2022 3569 2276 3624; x_wconf 84' lang='lat' dir='ltr'><strong>homines</strong></span> <span class='ocrx_word' id='word_1_298' title='bbox 2300 3574 2525 3635; x_wconf 84' lang='lat' dir='ltr'><strong>natos“;</strong></span> <span class='ocrx_word' id='word_1_299' title='bbox 2549 3599 2616 3608; x_wconf 89' lang='lat'>—</span> 
     </span>
     <span class='ocr_line' id='line_1_35' title="bbox 369 3651 2618 3723; baseline -0 -15"><span class='ocrx_word' id='word_1_300' title='bbox 369 3655 504 3708; x_wconf 86' lang='lat' dir='ltr'><strong>Nam</strong></span> <span class='ocrx_word' id='word_1_301' title='bbox 561 3656 867 3709; x_wconf 85' lang='lat' dir='ltr'><strong>secundum</strong></span> <span class='ocrx_word' id='word_1_302' title='bbox 918 3656 1061 3711; x_wconf 90' lang='lat' dir='ltr'><strong>hanc</strong></span> <span class='ocrx_word' id='word_1_303' title='bbox 1107 3656 1404 3711; x_wconf 88' lang='lat' dir='ltr'><strong>lectionem</strong></span> <span class='ocrx_word' id='word_1_304' title='bbox 1453 3652 1771 3710; x_wconf 85' lang='lat' dir='ltr'><strong>Aeschines</strong></span> <span class='ocrx_word' id='word_1_305' title='bbox 1818 3652 2177 3710; x_wconf 81' lang='lat' dir='ltr'><strong>Demostheni</strong></span> <span class='ocrx_word' id='word_1_306' title='bbox 2227 3651 2618 3723; x_wconf 81' lang='lat' dir='ltr'><strong>praeferretur,</strong></span> 
     </span>
     <span class='ocr_line' id='line_1_36' title="bbox 369 3738 2615 3810; baseline -0.001 -16"><span class='ocrx_word' id='word_1_307' title='bbox 369 3739 426 3794; x_wconf 81' lang='lat' dir='ltr'><strong>id</strong></span> <span class='ocrx_word' id='word_1_308' title='bbox 464 3739 615 3808; x_wconf 86' lang='lat' dir='ltr'><strong>quod</strong></span> <span class='ocrx_word' id='word_1_309' title='bbox 652 3756 923 3810; x_wconf 88' lang='lat' dir='ltr'><strong>nusquam</strong></span> <span class='ocrx_word' id='word_1_310' title='bbox 961 3741 1100 3796; x_wconf 84' lang='lat' dir='ltr'><strong>alias</strong></span> <span class='ocrx_word' id='word_1_311' title='bbox 1127 3741 1324 3797; x_wconf 87' lang='lat' dir='ltr'><strong>Cicero</strong></span> <span class='ocrx_word' id='word_1_312' title='bbox 1359 3740 1511 3796; x_wconf 84' lang='lat' dir='ltr'><strong>fecit.</strong></span> <span class='ocrx_word' id='word_1_313' title='bbox 1583 3741 1782 3808; x_wconf 86' lang='lat' dir='ltr'><strong>ltaque</strong></span> <span class='ocrx_word' id='word_1_314' title='bbox 1820 3745 1919 3794; x_wconf 91' lang='lat' dir='ltr'><strong>aut</strong></span> <span class='ocrx_word' id='word_1_315' title='bbox 1953 3738 2181 3809; x_wconf 87' lang='lat' dir='ltr'><strong>punctis</strong></span> <span class='ocrx_word' id='word_1_316' title='bbox 2216 3743 2348 3808; x_wconf 83' lang='lat' dir='ltr'><strong>post</strong></span> <span class='ocrx_word' id='word_1_317' title='bbox 2382 3738 2615 3794; x_wconf 82' lang='lat' dir='ltr'><strong>verbum</strong></span> 
     </span>
     <span class='ocr_line' id='line_1_37' title="bbox 371 3822 2616 3896; baseline -0.002 -17"><span class='ocrx_word' id='word_1_318' title='bbox 371 3830 595 3889; x_wconf 74' lang='lat' dir='ltr'><strong>„uat0s“</strong></span> <span class='ocrx_word' id='word_1_319' title='bbox 649 3826 926 3894; x_wconf 85' lang='lat' dir='ltr'><strong>ponendis</strong></span> <span class='ocrx_word' id='word_1_320' title='bbox 964 3825 1393 3895; x_wconf 79' lang='lat' dir='ltr'><strong>significandum</strong></span> <span class='ocrx_word' id='word_1_321' title='bbox 1433 3832 1550 3895; x_wconf 89' lang='lat' dir='ltr'><strong>est,</strong></span> <span class='ocrx_word' id='word_1_322' title='bbox 1627 3825 2008 3896; x_wconf 87' lang='lat' dir='ltr'><strong>supplendum</strong></span> <span class='ocrx_word' id='word_1_323' title='bbox 2063 3838 2187 3879; x_wconf 88' lang='lat' dir='ltr'><strong>esse</strong></span> <span class='ocrx_word' id='word_1_324' title='bbox 2242 3839 2311 3879; x_wconf 83' lang='lat' dir='ltr'><strong>ex</strong></span> <span class='ocrx_word' id='word_1_325' title='bbox 2371 3822 2616 3878; x_wconf 83' lang='lat' dir='ltr'><strong>Lucilio:</strong></span> 
     </span>
     <span class='ocr_line' id='line_1_38' title="bbox 372 3908 2612 3981; baseline -0.001 -17"><span class='ocrx_word' id='word_1_326' title='bbox 372 3910 679 3980; x_wconf 81' lang='lat' dir='ltr'><strong>„gladiator</strong></span> <span class='ocrx_word' id='word_1_327' title='bbox 701 3911 799 3980; x_wconf 87' lang='lat' dir='ltr'><strong>qui</strong></span> <span class='ocrx_word' id='word_1_328' title='bbox 823 3908 933 3964; x_wconf 84' lang='lat' dir='ltr'><strong>fuit</strong></span> <span class='ocrx_word' id='word_1_329' title='bbox 960 3921 1137 3966; x_wconf 87' lang='lat' dir='ltr'><strong>unus“</strong></span> <span class='ocrx_word' id='word_1_330' title='bbox 1177 3917 1273 3965; x_wconf 90' lang='lat' dir='ltr'><strong>aut</strong></span> <span class='ocrx_word' id='word_1_331' title='bbox 1299 3926 1366 3966; x_wconf 87' lang='lat' dir='ltr'><strong>ex</strong></span> <span class='ocrx_word' id='word_1_332' title='bbox 1393 3911 1576 3966; x_wconf 89' lang='lat' dir='ltr'><strong>Beieri</strong></span> <span class='ocrx_word' id='word_1_333' title='bbox 1603 3911 1926 3981; x_wconf 87' lang='lat' dir='ltr'><strong>conjectura</strong></span> <span class='ocrx_word' id='word_1_334' title='bbox 1950 3925 2074 3964; x_wconf 88' lang='lat' dir='ltr'><strong>cum</strong></span> <span class='ocrx_word' id='word_1_335' title='bbox 2101 3908 2308 3965; x_wconf 82' lang='lat' dir='ltr'><strong>Jahnio</strong></span> <span class='ocrx_word' id='word_1_336' title='bbox 2342 3908 2612 3977; x_wconf 87' lang='lat' dir='ltr'><strong>„optimo“</strong></span> 
     </span>
     <span class='ocr_line' id='line_1_39' title="bbox 367 3996 1572 4066; baseline 0 -16"><span class='ocrx_word' id='word_1_337' title='bbox 367 4012 469 4065; x_wconf 89' lang='lat' dir='ltr'><strong>pro</strong></span> <span class='ocrx_word' id='word_1_338' title='bbox 508 3997 800 4066; x_wconf 79' lang='lat' dir='ltr'><strong>..optimu’“</strong></span> <span class='ocrx_word' id='word_1_339' title='bbox 837 3998 893 4051; x_wconf 92' lang='lat' dir='ltr'><strong>in</strong></span> <span class='ocrx_word' id='word_1_340' title='bbox 930 4002 1143 4052; x_wconf 83' lang='lat' dir='ltr'><strong>textum</strong></span> <span class='ocrx_word' id='word_1_341' title='bbox 1179 3996 1572 4066; x_wconf 86' lang='lat' dir='ltr'><strong>recipiendum.</strong></span> 
     </span>
    </p>

    <p class='ocr_par' dir='ltr' id='par_1_8' title="bbox 540 4082 1457 4153">
     <span class='ocr_line' id='line_1_40' title="bbox 540 4082 1457 4153; baseline -0.002 -16"><span class='ocrx_word' id='word_1_342' title='bbox 540 4086 607 4151; x_wconf 78' lang='lat'><strong>³³)</strong></span> <span class='ocrx_word' id='word_1_343' title='bbox 643 4082 712 4137; x_wconf 87' lang='lat' dir='ltr'><strong>cf.</strong></span> <span class='ocrx_word' id='word_1_344' title='bbox 751 4082 804 4136; x_wconf 87' lang='lat' dir='ltr'><strong>d.</strong></span> <span class='ocrx_word' id='word_1_345' title='bbox 843 4099 922 4138; x_wconf 92' lang='lat' dir='ltr'><strong>or.</strong></span> <span class='ocrx_word' id='word_1_346' title='bbox 964 4089 1011 4146; x_wconf 86' lang='lat'><strong>1,</strong></span> <span class='ocrx_word' id='word_1_347' title='bbox 1053 4087 1143 4153; x_wconf 81' lang='lat'><strong>¹33</strong></span> <span class='ocrx_word' id='word_1_348' title='bbox 1180 4084 1336 4137; x_wconf 89' lang='lat' dir='ltr'><strong>Brut.</strong></span> <span class='ocrx_word' id='word_1_349' title='bbox 1377 4085 1457 4136; x_wconf 83' lang='grc'><strong>26.</strong></span> 
     </span>
    </p>

    <p class='ocr_par' dir='ltr' id='par_1_9' title="bbox 541 4164 2014 4234">
     <span class='ocr_line' id='line_1_41' title="bbox 541 4164 2014 4234; baseline -0.001 -11"><span class='ocrx_word' id='word_1_350' title='bbox 541 4170 607 4234; x_wconf 76' lang='lat'><strong>³⁴)</strong></span> <span class='ocrx_word' id='word_1_351' title='bbox 641 4165 713 4223; x_wconf 84' lang='lat' dir='ltr'><strong>cf.</strong></span> <span class='ocrx_word' id='word_1_352' title='bbox 748 4167 899 4222; x_wconf 88' lang='lat' dir='ltr'><strong>Brut.</strong></span> <span class='ocrx_word' id='word_1_353' title='bbox 939 4173 1022 4223; x_wconf 84' lang='lat'><strong>36.</strong></span> <span class='ocrx_word' id='word_1_354' title='bbox 1489 4170 1556 4234; x_wconf 79' lang='lat'><strong>³⁸)</strong></span> <span class='ocrx_word' id='word_1_355' title='bbox 1592 4164 1663 4222; x_wconf 81' lang='lat' dir='ltr'><strong>cf.</strong></span> <span class='ocrx_word' id='word_1_356' title='bbox 1701 4168 1857 4221; x_wconf 87' lang='lat' dir='ltr'><strong>Brut.</strong></span> <span class='ocrx_word' id='word_1_357' title='bbox 1894 4172 2014 4222; x_wconf 83' lang='lat'><strong>310.</strong></span> 
     </span>
    </p>

    <p class='ocr_par' dir='ltr' id='par_1_10' title="bbox 539 4250 2102 4324">
     <span class='ocr_line' id='line_1_42' title="bbox 539 4250 2102 4324; baseline -0.001 -17"><span class='ocrx_word' id='word_1_358' title='bbox 539 4255 606 4319; x_wconf 79' lang='lat'><strong>³⁴⁵)</strong></span> <span class='ocrx_word' id='word_1_359' title='bbox 639 4250 708 4307; x_wconf 86' lang='lat' dir='ltr'><strong>cf.</strong></span> <span class='ocrx_word' id='word_1_360' title='bbox 745 4254 899 4307; x_wconf 90' lang='lat' dir='ltr'><strong>Brut.</strong></span> <span class='ocrx_word' id='word_1_361' title='bbox 937 4257 1033 4321; x_wconf 79' lang='lat'><strong>353</strong></span> <span class='ocrx_word' id='word_1_362' title='bbox 1067 4270 1145 4307; x_wconf 89' lang='lat' dir='ltr'><strong>or.</strong></span> <span class='ocrx_word' id='word_1_363' title='bbox 1183 4258 1274 4323; x_wconf 76' lang='lat'><strong>233</strong></span> <span class='ocrx_word' id='word_1_364' title='bbox 1309 4257 1375 4307; x_wconf 84' lang='grc'><strong>26</strong></span> <span class='ocrx_word' id='word_1_365' title='bbox 1412 4268 1526 4323; x_wconf 81' lang='lat' dir='ltr'><strong>sq.3</strong></span> <span class='ocrx_word' id='word_1_366' title='bbox 1566 4257 1663 4307; x_wconf 78' lang='lat'><strong>11⁰</strong></span> <span class='ocrx_word' id='word_1_367' title='bbox 1698 4268 1813 4324; x_wconf 83' lang='lat' dir='ltr'><strong>sq.;</strong></span> <span class='ocrx_word' id='word_1_368' title='bbox 1852 4256 2102 4307; x_wconf 81' lang='lat'><strong>133—36.</strong></span> 
     </span>
    </p>
   </div>
  </div>
 </body>
</html>
