3166 4871
1005 292 1092 347 De
1125 291 1331 347 nomin.
1365 292 1426 347 in
1459 310 1628 358 -αιος.
1681 295 1716 357 3
1757 297 1837 347 17.
2451 300 2534 361 59

292 468 501 545 Neque
547 468 706 530 bene
744 469 1050 549 intelligo,
1095 488 1216 547 qua
1258 469 1529 548 spirante
1573 472 1723 532 elisa
1766 472 2125 548 productum
2173 490 2304 532 esse
2349 476 2538 550 possit

297 587 355 631 α.
436 570 611 643 Quae
667 571 903 649 spirans
956 591 1073 633 non
1120 573 1240 633 alia
1281 590 1414 633 esse
1457 575 1655 651 potuit
1712 592 1889 651 quam
1923 573 1990 652 j,
2048 593 2232 652 quum
2281 562 2538 654 Ἑρμῆς,

292 673 446 734 unde
480 660 789 753 Ἑρμαῖος
833 675 1031 753 fluxit,
1085 692 1161 734 ex
1196 661 1494 755 Ἑρμείας
1549 678 1922 736 contractum
1974 678 2078 737 sit:
2141 683 2204 738 at
2234 663 2538 753 Ἑρμαῖος

289 793 362 836 ex
404 774 602 837 forma
647 780 956 837 eontracta
986 765 1225 857 Ἑρμῆς
1263 779 1396 856 ipsa
1425 777 1759 838 derivatum
1792 797 1990 856 neque
2038 798 2109 840 ex
2145 766 2536 859 ‘Eopq'a-tog

289 895 480 954 neque
544 897 622 939 ex
658 865 1006 959 ‘Bonas-cog
1049 886 1253 940 natum
1301 898 1433 941 esse
1478 882 1611 959 ipsa
1654 899 1719 941 re
1763 886 2030 958 apparet.
2119 884 2334 959 Neque
2381 881 2537 942 diae-

289 980 445 1041 resin
490 981 647 1042 alias
694 1000 957 1059 unquam
992 969 1302 1063 Ἑρμαῖος
1345 1001 1588 1062 passum
1635 989 1744 1043 est.
1829 984 1944 1046 Sed
1992 984 2112 1045 duo
2159 984 2397 1045 diversa
2436 1004 2537 1045 vo·

297 1083 509 1144 cabula
555 1083 765 1145 eadem
809 1084 1001 1147 forma
1033 1071 1339 1164 Ἑρμαῖος
1381 1085 1442 1146 in
1486 1085 1676 1147 titulis
1702 1090 1859 1147 suut.
1945 1088 2098 1147 Nam
2145 1088 2206 1146 in
2237 1089 2294 1146 K
2332 1083 2426 1146 12.
2457 1084 2538 1144 56

279 1173 598 1266 Ἑρμαῖος,
644 1187 707 1247 in
751 1184 915 1247 K58
950 1174 1223 1266 ‘Epuala
1267 1188 1505 1248 videtur
1549 1206 1682 1249 esse
1728 1208 1941 1249 nomeu
1990 1191 2330 1266 proprium,
2374 1190 2537 1268 quod

292 1288 447 1364 apud
493 1290 759 1350 Boeotos
803 1290 862 1350 in
913 1308 1026 1350 usu
1068 1289 1255 1351 fuisse
1301 1289 1479 1352 docet
1511 1278 1828 1370 Ἑρμαίου
1870 1293 2057 1370 patris
2112 1310 2328 1351 nomen
2372 1294 2538 1371 geni-

293 1391 410 1452 tivo
466 1409 615 1453 casu
677 1393 918 1470 saepius
975 1394 1235 1471 positum
1293 1394 1355 1453 in
1413 1395 1591 1454 titulo
1649 1412 1824 1469 quem
1870 1394 2104 1455 Keilius
2147 1393 2294 1472 Syll.
2336 1413 2395 1472 p.
2427 1396 2539 1455 Vll

291 1494 681 1570 praefationis
735 1497 894 1572 typis
951 1497 1263 1572 expressit.
1364 1497 1479 1557 Sed
1537 1514 1725 1574 quum
1781 1498 1842 1555 in
1903 1496 2075 1557 titulo
2134 1494 2535 1558 Orchomenio

292 1594 364 1656 (21
398 1593 579 1677 1573,
610 1598 671 1658 K
694 1593 754 1676 3,
794 1595 884 1659 K²
914 1618 971 1675 p.
994 1594 1111 1656 631
1163 1599 1428 1676 legatur:
1473 1592 1791 1658 Κτεισὶαο
1837 1584 2166 1679 ἄρχοντος
2209 1596 2537 1673 Βοιωτῦς,

289 1682 702 1778 Ἑρχομενίυς
748 1695 817 1761 δὲ
866 1692 1181 1780 Καρὰΐχω
1212 1688 1520 1781 Ἑρμαίου,
1561 1690 2158 1781 πολεμαρχιόντων
2200 1701 2372 1775 κτλ,
2415 1722 2536 1764 non

289 1806 448 1864 recte
478 1802 625 1863 mihi
657 1801 899 1865 videtur
925 1804 1166 1865 Keilius
1195 1804 1627 1882 interpungere
1656 1790 2066 1882 Ἐρχομενὶυς
2097 1798 2168 1863 δὲ
2198 1799 2537 1883 Καραίχω,

280 1890 583 1985 Ἑρμαίου,
610 1910 680 1967 ut
703 1904 822 1967 duo
846 1907 1166 1967 archontes
1189 1907 1473 1967 nominati
1498 1908 1617 1966 sint
1636 1905 2186 1984 Orchomeuiorum,
2210 1906 2537 1968 Carsichus

292 2013 349 2068 et
404 2010 775 2085 Hermaeus3
835 2009 941 2069 sed
1000 2012 1161 2070 recte
1224 2008 1463 2069 Ahrens
1520 2008 1687 2069 Aeol.
1734 2004 1852 2066 188
1910 2008 2228 2085 legendum
2287 2027 2538 2070 censens

280 2096 597 2189 Ἐρμαΐω,
655 2115 724 2172 ut
774 2109 851 2172 CI
904 2107 1063 2169 1578
1107 2104 1390 2184 Naxa'l'a,
1449 2128 1658 2171 vocem
1702 2129 1814 2188 pro
1858 2113 2270 2189 patronymico
2315 2112 2539 2173 habere

296 2213 561 2291 videtur,
606 2220 678 2275 ut
721 2215 1063 2275 nominatus
1107 2214 1186 2274 sit
1228 2213 1554 2275 Oaraichus
1598 2214 1878 2274 Hermaei
1923 2213 2021 2272 vel
2066 2214 2322 2274 Hermae
2368 2212 2540 2275 filius.

292 2314 438 2375 Nam
484 2314 856 2378 Orchomeni
903 2334 1090 2377 unum
1138 2321 1368 2377 tantum
1414 2314 1600 2377 fuisse
1645 2316 1988 2377 archontem
2049 2315 2331 2376 discimus
2375 2335 2408 2376 e
2452 2318 2539 2378 tit.

292 2414 328 2476 2
368 2419 534 2498 apud
566 2419 833 2490 Keilium
879 2418 1111 2496 (Suppl.
1141 2438 1200 2497 p.
1232 2415 1373 2495 562,
1405 2416 1544 2493 59J:
1604 2407 1971 2497 Φιλοδάμω
2016 2404 2340 2497 ἄρχοντος
2379 2416 2534 2479 Βοι-

290 2527 518 2597 ωτοῖς,
574 2503 1010 2601 Ἑρχομενίοις
1054 2515 1125 2582 δὲ
1183 2517 1683 2600 Θιογνειτίδαο,
1740 2511 2340 2601 πολεμαρχιόντων
2396 2521 2537 2583 κτλ.

290 2626 637 2703 Praeterea,
688 2626 738 2686 si
782 2625 902 2687 duo
960 2626 1280 2687 archontes
1324 2627 1791 2702 nominarentur,
1834 2625 2278 2703 exspectaveris
2320 2626 2542 2702 plurali

292 2746 537 2790 numero
584 2730 835 2790 verbum
879 2730 1165 2806 positum:
1210 2713 1619 2806 Ἐρχομενίυς
1660 2721 1732 2786 δὲ
1763 2711 2117 2806 ἀρχόντων
2144 2726 2291 2786 κτλ.
2367 2729 2537 2789 Unus

291 2834 513 2895 archon
566 2831 743 2892 etiam
788 2832 1106 2892 Lebadeae
1149 2831 1281 2909 suit,
1326 2831 1404 2892 CI
1439 2829 1619 2908 1575,
1664 2830 1769 2908 qui
1812 2831 1964 2891 alias
2009 2829 2249 2891 videtur
2290 2813 2538 2891 ‘vocatus

291 2951 417 2996 esse
470 2933 928 3013 polemarchus,
985 2934 1059 2993 cf.
1103 2930 1192 2994 13²
1239 2930 1320 2992 36
1337 2950 1401 2993 a:
1474 2927 2057 3011 Βοιωταρχίοντος
2109 2917 2537 3009 Ἀριστοδίκου

297 3026 767 3117 Θυναρχιδήω,
828 3031 1404 3116 πολεμαρχίοντος
1462 3029 1777 3106 Νίκωνος
1839 3019 2227 3114 Εὐαγόραο,
2290 3026 2535 3114 ἱππαρ-

290 3128 583 3216 χιόντων
628 3138 768 3202 κτλ.
852 3141 1131 3216 Denique
1174 3140 1226 3200 si
1270 3139 1391 3200 duo
1433 3137 1755 3200 archontes
1815 3138 2294 3215 nominarentur,
2351 3137 2535 3196 offen·

293 3242 459 3306 deret
514 3242 709 3321 patris
753 3261 967 3304 nomen
1012 3241 1169 3321 apud
1236 3246 1556 3318 utrumque
1603 3241 1902 3300 omissum.
1989 3240 2201 3316 Itaque
2247 3240 2362 3300 hoc
2403 3239 2534 3299 loco

295 3344 534 3407 videtur
594 3344 917 3422 legendum
949 3331 1239 3423 Ἐρμαΐω
1293 3349 1355 3405 et
1406 3362 1516 3421 pro
1575 3342 1993 3423 patronymico
2047 3342 2385 3403 habendum
2400 3387 2419 3422 ,
2473 3349 2539 3404 ut

294 3448 469 3509 etiam
525 3436 879 3525 Τιμολάιος
922 3452 983 3508 et
1024 3436 1412 3518 Νικολάιος.

460 3553 636 3613 Haec
661 3556 863 3612 autem
906 3551 1414 3629 patronymica
1445 3537 1801 3627 <Ερμάιιος
1853 3537 2270 3626 Τιμολάιος
2305 3544 2537 3606 Νικο-

294 3642 513 3724 adcog-
576 3654 861 3716 omnino
926 3671 1070 3716 non
1134 3653 1204 3712 in
1270 3670 1565 3713 numero
1637 3651 2157 3713 vocabulorum
2231 3650 2298 3710 in
2364 3666 2539 3722 αιος

295 3754 734 3818 collocanda
790 3759 960 3817 sunt
1014 3760 1402 3833 propterea
1459 3754 1649 3832 quod
1693 3755 1762 3814 in
1809 3754 1917 3814 his
1960 3768 2079 3823 ιος
2123 3770 2318 3813 more
2362 3754 2538 3813 Boe·

298 3861 483 3921 otico
544 3878 630 3920 cx
689 3874 853 3927 ειυς
895 3864 1138 3920 natum
1182 3862 1308 3919 est.
1393 3859 1486 3919 De
1528 3857 2076 3935 patronymicorum
2119 3855 2540 3917 Boeoticorum

296 3963 715 4023 terminatione
774 3977 875 4032 ιος
918 3961 1030 4021 viri
1077 3961 1235 4022 docti
1279 3960 1662 4021 dissentiunt.
1747 3958 2088 4020 Boeckhius
2129 3958 2193 4018 in
2238 3957 2314 4019 CI
2366 3956 2444 4016 ad
2483 3975 2543 4018 n.

303 4061 461 4122 1574
504 4065 567 4125 in
608 4064 707 4125 his
750 4064 1021 4125 omnibus
1067 4078 1168 4133 ιος
1211 4081 1322 4142 pro
1354 4078 1488 4133 ειυς
1530 4064 1792 4141 positum
1837 4064 2059 4137 censet,
2103 4061 2199 4120 cui
2245 4059 2536 4119 acerrime
2649 4125 2652 4128 ‚

298 4165 637 4246 refragatur
678 4166 921 4227 Ahrens
963 4166 1134 4227 Aeol.
1163 4161 1287 4222 214
1317 4183 1437 4242 sq„
1479 4166 1624 4227 Dor.
1655 4160 1812 4241 527,
1870 4163 2105 4225 dnobus
2149 4161 2404 4220 maxime
2446 4178 2539 4218 ar-

299 4271 590 4344 tumentis
651 4286 838 4346 usus,
897 4269 1152 4347 primum
1197 4267 1364 4345 qnod
1424 4285 1461 4327 a
1520 4265 1859 4329 nominibus
1914 4266 1977 4324 in
2013 4359 2016 4362 Δ
2046 4281 2123 4333 ας
2190 4261 2540 4321 deriventur
