3166 4871
558 308 680 369 204

557 481 822 560 praemia
866 482 1138 558 tulerint3
1184 488 1398 560 quarto
1445 483 1688 542 saeculo
1722 487 1960 559 praeter
2006 500 2193 541 novas
2237 483 2512 558 antiquas
2557 497 2799 558 quoqne

557 584 899 661 tragoedias
952 586 1010 643 in
1061 603 1299 645 scenam
1360 585 1708 645 commissas
1753 603 1882 645 esse
1947 584 2102 644 idem
2149 584 2247 643 ille
2294 585 2501 644 titulus
2546 583 2722 643 docet
2764 601 2801 641 a

560 684 827 747 Kohlero
874 705 929 764 p.
967 692 1085 748 112
1136 687 1332 748 editus
1378 694 1437 748 et
1476 688 1875 759 Theodorum,
1924 687 2384 765 Aristodemum,
2427 685 2800 762 Aeschinem,

566 788 971 849 Andronicum
1021 788 1253 849 fabulas
1301 791 1698 868 Aeschyleas‚
1756 789 2141 866 Sophoclem,
2195 789 2550 867 Euripideas
2608 787 2802 865 egisse

559 890 833 951 vidimus.
909 891 1108 968 Atque
1138 892 1197 951 in
1245 891 1417 953 titulo
1449 891 1689 969 quidem
1722 893 1824 952 illo
1856 896 2162 969 poetarum
2194 891 2532 968 aequalium
2566 889 2801 952 fabulae

559 997 799 1053 notatae
859 996 1026 1068 sunt,
1088 995 1307 1070 quibus
1354 995 1632 1056 vicerunt
1675 995 2109 1071 Neoptolemus
2169 999 2229 1055 et
2282 994 2640 1068 Thessalum
2693 991 2797 1053 scd

563 1115 639 1155 ne
682 1097 855 1156 novis
913 1095 1090 1157 modo
1133 1096 1354 1157 fabulis
1408 1098 1556 1157 actis
1609 1098 1913 1158 actoribus
1959 1098 2224 1174 praemia
2269 1097 2576 1173 proposita.
2618 1094 2802 1156 fuisse

570 1202 901 1259 statuamus
946 1199 1078 1261 loco
1123 1200 1227 1259 illo
1287 1200 1650 1260 Plutarcheo
1695 1200 1820 1277 (qu.
1865 1217 2036 1260 conv.
2066 1203 2122 1268 9,
2149 1197 2210 1271 6)
2271 1197 2640 1276 impedimur,
2700 1197 2801 1257 ubi

564 1300 927 1363 Theodorus
969 1301 1246 1362 Electrae
1279 1302 1648 1380 Sophocleae
1696 1302 1965 1380 partibus
2011 1303 2158 1362 actis
2209 1300 2494 1372 „vicisse“
2545 1299 2803 1361 traditur

567 1395 777 1476 (ηέπεὶ
822 1397 893 1462 δὲ
957 1393 1232 1482 νικήσας
1275 1397 1543 1484 εἰσῆλθε
1604 1389 1775 1482 πρὸς
1817 1389 2030 1482 αὐτὴν
2073 1401 2263 1479 --·“)‚
2319 1408 2378 1464 et
2421 1402 2804 1481 Alciphronis

563 1505 943 1582 epistolarum
987 1506 1137 1576 loco,
1184 1524 1277 1583 ep.
1308 1507 1412 1585 111,
1442 1511 1543 1581 48,
1604 1507 1717 1567 nisi
1766 1506 1870 1566 tali
1925 1506 2211 1583 epistolae
2268 1506 2340 1566 ad
2397 1507 2574 1566 talem
2621 1523 2802 1583 quae·

562 1609 814 1668 stionem
862 1608 1054 1667 omnis
1112 1609 1439 1668 anet-oritas
1500 1608 1900 1688 abjudicanda
1945 1613 2068 1686 est,
2134 1609 2231 1669 ubi
2281 1608 2629 1686 Licymnius
2685 1613 2804 1667 tra-

561 1709 906 1786 goediarum
977 1715 1145 1771 actor
1202 1711 1484 1786 Aeschyli
1543 1711 1900 1788 Propompis
1966 1712 2117 1771 actis
2186 1711 2472 1782 „vicisse“
2546 1709 2804 1770 traditur

569 1802 761 1884 „weg
820 1796 1279 1893 ἀντιτέχνους,
1311 1807 1600 1891 Κριτίαν
1672 1804 1797 1872 τὸν
1852 1811 2247 1873 Κλεωναῖοι)
2315 1808 2429 1872 καὶ
2470 1798 2804 1872 Ἵππασον

563 1900 688 1973 τὸν
735 1899 1284 1995 Ἀμβρακιώτην“,
1330 1915 1486 1975 haud
1538 1916 1717 1976 dubie
1763 1920 1899 1992 post
1943 1920 2160 1993 poetae
2206 1921 2472 1976 mortem.
2517 1913 2615 1988 (cf.
2662 1915 2805 1974 Din-

565 2016 715 2077 dorf.
762 2022 916 2095 poet.
963 2036 1126 2078 scen.
1170 2037 1226 2096 p.
1258 2022 1316 2096 3,
1360 2019 1532 2078 Anm.
1566 2015 1687 2092 73).

737 2121 1070 2197 Utrumque
1101 2121 1539 2197 tragoediarum
1587 2126 1848 2182 actorem
1881 2123 2175 2182 artissimo
2207 2120 2536 2182 videbimus
2566 2119 2805 2180 vinculo

566 2224 948 2301 conjunctum
995 2222 1180 2284 fuisse
1226 2241 1359 2283 cum
1406 2224 1690 2300 Philippo
1735 2224 2130 2285 Macedonum
2178 2243 2339 2302 rege,
2385 2223 2544 2301 quod
2593 2223 2803 2282 mirum

566 2326 803 2386 videtur
844 2325 1186 2386 recordanti
1230 2326 1389 2386 bella
1431 2344 1469 2385 a
1499 2327 1747 2388 Graecis
1792 2344 1926 2386 cum
1959 2327 2235 2404 Philippo
2279 2331 2466 2402 gesta.
2557 2325 2807 2386 Constat

564 2433 780 2505 autem,
825 2428 1212 2490 histrionibus
1256 2427 1505 2489 Graecis
1549 2430 1900 2507 permissum
1948 2430 2136 2490 fuisse
2181 2433 2368 2490 artem
2416 2447 2583 2490 suam
2629 2428 2804 2489 etiam

566 2531 824 2591 hostium
889 2532 944 2590 in
1003 2535 1166 2591 terra
1226 2549 1511 2591 exercere
1570 2530 1765 2605 (Dem.
1812 2532 1886 2592 de
1938 2551 2087 2610 pace
2134 2537 2197 2594 6:
2265 2520 2599 2603 κατιδών
2640 2528 2808 2590 Νεο-

566 2621 908 2710 πτόλεμον
972 2622 1095 2691 τὸν
1161 2616 1537 2712 ὖποκριτὴν
1599 2630 1699 2712 τῷ
1762 2626 1884 2712 μὲν
1942 2630 2062 2713 τῆς
2116 2628 2350 2714 τέχνης
2390 2623 2808 2713 προσχήματι

567 2719 965 2813 τυγχάνοντ’
996 2720 1347 2806 αδείας..
1411 2726 1702 2811 “argum.
1727 2755 1811 2795 or.
1838 2736 1892 2796 d.
1916 2736 1954 2796 f.
1975 2738 2012 2796 l.
2033 2740 2155 2798 335
2188 2721 2367 2815 ,,(Αρ.
2394 2730 2508 2795 καὶ
2529 2733 2808 2807 Λεοπτ.)

568 2827 677 2897 διὰ
752 2827 873 2916 τὴν
937 2829 1197 2896 οἰκείαν
1256 2831 1497 2918 τέχνην
1555 2823 1829 2896 ἄδειαν
1903 2826 2084 2916 εἶχον
2141 2823 2411 2898 απιέναι
2486 2824 2668 2898 ὅπου
2727 2854 2810 2896 αν

565 2925 987 3013 βουλωνται,
1064 2923 1230 2999 ἀλλὰ
1299 2930 1379 3019 δὴ
1438 2934 1544 3000 καὶ
1610 2929 1782 3018 πρὸς
1845 2936 2296 3019 πολεμίουςἪ)
2403 2941 2537 3016 Qua
2595 2958 2806 3017 oppor-

566 3043 822 3104 tunitate
867 3042 1281 3104 Aristodemus
1348 3047 1408 3104 et
1452 3045 1885 3121 Neoptolemus
1929 3049 2136 3105 contra
2182 3043 2636 3104 Atheniensium
2698 3041 2809 3103 rei·

568 3145 839 3223 publicae
872 3146 1120 3206 salutem
1165 3139 1696 3217 abutebantur'ita‚
1744 3152 1809 3207 ut
1837 3147 1911 3206 ad
1957 3149 2120 3225 regis
2151 3146 2553 3207 Macedonum
2597 3146 2807 3206 volun·

566 3252 748 3308 tatem
804 3248 1076 3325 perducti
1133 3249 1431 3326 largitioni
1492 3249 1624 3327 ejus
1683 3251 1912 3327 patriae
1972 3250 2309 3310 libertatem
2357 3252 2808 3326 postponerent.

567 3349 950 3411 Scenicorum
996 3351 1289 3429 quusque
1335 3352 1575 3428 generis
1622 3350 1915 3411 artificum
1963 3350 2230 3412 favorem
2261 3351 2599 3428 Philippum
2646 3349 2808 3410 vide-

568 3471 699 3513 mus
729 3458 1109 3530 appetentem
1141 3453 1298 3513 ludis
1330 3454 1469 3531 illis,
1512 3471 1666 3531 quos
1697 3452 1961 3531 Olyntho
1993 3472 2045 3514 a.
2079 3456 2200 3515 348
2248 3456 2424 3531 capta
2457 3456 2808 3530 sumptuose

569 3574 642 3616 ac
701 3554 1015 3633 magnifice
1076 3557 1153 3616 ibi
1216 3557 1339 3633 egit
1402 3554 1596 3629 (Dem.
1644 3555 1699 3614 d.
1745 3555 1781 3614 f.
1829 3556 1863 3615 l.
1909 3558 2028 3617 192
2086 3553 2295 3629 (401):
2361 3540 2622 3634 „bandvi
2681 3544 2807 3633 γὰρ

570 3645 748 3717 εἶλεν
767 3645 1103 3719 Ὄλυνθον
1142 3652 1501 3728 Φίλιππος,
1545 3641 1862 3735 Ὀλύμπια
1892 3650 2123 3731 ἐποίει,
2169 3651 2261 3730 εἰς
2291 3652 2361 3718 δὲ
2407 3648 2533 3737 τὴν
2561 3653 2810 3717 θυσίαν

569 3750 826 3840 ταύτην
854 3754 969 3818 καὶ
1011 3745 1142 3837 τήν
1171 3749 1551 3838 πανήγυριν
1594 3748 1853 3831 πάντας
1883 3750 2040 3832 τοὺς
2070 3756 2372 3840 τεχνίτας
2401 3750 2805 3840 συνήγαγεν·

571 3853 810 3923 ἑστιῶν
856 3847 916 3921 d'
944 3846 1191 3933 αὐτοὺς
1251 3857 1362 3920 καὶ
1425 3858 1778 3937 στεφανῶν
1832 3848 1992 3934 τούς
2052 3853 2485 3943 νενικηκότας
2526 3880 2586 3922 κ.
2618 3880 2676 3921 τ.
2707 3860 2801 3922 λ.“

571 3966 647 4025 cf.
705 3965 881 4026 Diod.
927 3966 1039 4025 Sic.
1084 3966 1240 4041 XVI,
1284 3961 1407 4037 55).
1506 3964 1897 4041 Praecipuam
1961 3965 2121 4042 regis
2181 3966 2431 4042 gratiam
2496 3965 2607 4026 sibi
2669 3983 2807 4025 con·

571 4069 919 4129 ciliaverant
965 4066 1376 4128 Aristodemus
1420 4073 1480 4127 et
1523 4067 1979 4145 Neoptolemum
2025 4070 2125 4144 qui
2174 4068 2310 4128 dum
2357 4070 2514 4128 inter
2546 4067 2808 4129 Graecos
2920 4064 2929 4071 ’

571 4176 630 4231 ct
673 4170 1035 4231 Macedones
1082 4170 1339 4229 bellatur
1383 4172 1490 4229 tuti
1552 4187 1751 4247 neque
1797 4170 2062 4246 impediti
2108 4171 2166 4229 in
2214 4170 2567 4231 Macedonia
2621 4174 2806 4230 artem

571 4291 734 4334 suam
769 4277 1172 4333 exercuerunt
1203 4272 1356 4349 (arg.
1392 4272 1556 4333 Dem.
1590 4271 1642 4331 d.
1677 4272 1713 4332 f.
1747 4272 1782 4331 l.
1815 4275 1970 4335 335:
2016 4256 2431 4346 ἀπελθόντες
2462 4251 2589 4331 οὖν
2618 4253 2807 4332 οὗτοι
