3166 4871
536 288 615 351 10

710 458 1063 529 Μύσκελλε
1111 459 1520 547 βραχύνωτε,
1564 466 1780 550 παρὲκ
1826 462 1996 530 θεὸν
2042 457 2218 530 ἄλλα
2259 460 2577 547 ματεύων

710 557 855 630 οὐδ’
898 557 1026 631 ἅλα
1070 563 1423 652 θηρεύσας
1457 587 1470 599 ·
1504 570 1729 653 δῶρον
1775 559 1833 631 6³
1878 559 1979 633 ὅτι
2028 568 2124 652 δῷ
2173 590 2271 642 τις
2316 566 2590 632 ἐπαίνει.

538 693 702 752 Idem
763 691 923 770 apud
986 693 1335 753 Strabonem
1402 680 1510 767 [VI
1542 713 1599 772 p.
1631 691 1781 766 262]
1846 695 2066 754 eisdem
2131 695 2260 754 fere
2322 694 2523 753 verbis
2582 696 2781 752 exstat

539 795 876 873 oraculum3
920 796 1083 855 alter-
1120 814 1330 857 ve1·sus
1374 796 1451 856 ibi
1497 798 1585 856 sic
1628 798 1924 874 procedit:

712 885 1059 974 κλαύματα
1105 887 1459 977 θηρεύειζ·
1493 892 1718 978 δῶρον
1765 884 1824 957 δ’
1870 885 1972 958 ὃτι
2019 894 2115 977 δῷ
2164 917 2262 970 τις
2307 892 2584 958 ἐπαίνει.

541 1001 762 1061 Contra
822 998 1122 1060 Diodorus
1184 997 1467 1075 [V1120]
1513 1022 1626 1079 pro
1687 997 1912 1080 δῶρον
1957 987 2016 1060 δ’
2061 988 2167 1059 ὅτι
2229 997 2326 1080 δῷ
2372 1019 2470 1071 τις
2525 994 2780 1060 ἐπαίνει

541 1102 784 1162 exhibet
829 1103 1013 1162 verba
1059 1096 1283 1180 δῶρον
1327 1087 1387 1161 6⁰
1431 1090 1469 1162 ὃ
1515 1098 1681 1183 διδῷ
1730 1095 1889 1174 θεὸς
1935 1098 2121 1163 αἴνει.
2215 1106 2486 1182 Apparet
2516 1109 2619 1163 aut
2650 1123 2782 1180 pro-

542 1205 812 1265 verbium
875 1206 1041 1283 prius
1102 1206 1289 1266 fuisse
1334 1208 1765 1285 oraculumque
1810 1214 2022 1283 postea
2080 1208 2278 1267 fictum
2326 1212 2432 1266 aut
2477 1207 2781 1265 oraculum

544 1308 848 1384 antiquius
916 1326 1047 1369 6886
1107 1313 1166 1369 et
1226 1328 1299 1369 ex
1359 1328 1430 1370 eo
1492 1311 1872 1386 proverbium
1944 1314 2156 1370 ortum.
2269 1311 2599 1385 Utrumque
2659 1308 2786 1368 sine

545 1410 728 1470 dubio
790 1410 1010 1471 factum
1073 1430 1204 1471 esse
1273 1416 1488 1489 potest.
1607 1414 1669 1473 Si
1729 1414 2109 1490 proverbium
2185 1417 2382 1472 aetate
2444 1410 2788 1489 praecessit,

547 1518 758 1589 postea
802 1514 1180 1574 oraculorum
1225 1515 1444 1591 aliquis
1490 1514 1815 1575 fabricator
1845 1533 2079 1575 versum
2125 1516 2385 1592 priorem
2418 1514 2786 1587 alteriusque

548 1622 773 1694 partem
837 1614 911 1673 ad
971 1616 1349 1692 proverbium
1414 1616 1631 1676 adiecit
1689 1619 2062 1693 mutavitque
2121 1611 2345 1693 δῶρον
2403 1599 2463 1671 δ’
2522 1600 2558 1673 ὃ
2623 1608 2787 1691 διδῷ

548 1706 711 1776 θεὸς
756 1709 945 1789 αἴνει,
990 1718 1050 1777 id
1096 1718 1259 1795 quod
1306 1723 1467 1779 certe
1499 1720 1713 1780 melius
1757 1720 1817 1779 iu
1862 1720 2216 1780 sententiam
2248 1718 2524 1796 quadrat.
2610 1716 2784 1790 Quod

549 1837 694 1878 vero
739 1820 1121 1881 mutationem
1153 1840 1271 1882 non
1305 1822 1465 1898 apud
1508 1840 1719 1882 omues
1754 1822 2106 1900 invenimu8‚
2152 1822 2255 1899 qui
2300 1821 2605 1881 oraculum
2638 1818 2788 1878 illud

550 1920 945 1999 tradiderunt,
990 1923 1105 1983 imo
1152 1943 1307 1984 unus
1349 1924 1651 1984 Diodorus
1694 1944 1819 1984 eam
1866 1925 2128 2001 exhibet,
2168 1924 2380 1985 Strabo
2411 1926 2472 1982 et
2493 1922 2791 1982 zenobius

547 2025 725 2082 etiam
758 2025 817 2084 iu
851 2027 1096 2086 oraculo
1130 2021 1356 2105 δῶρον
1389 2011 1448 2085 d’
1491 2010 1596 2086 ὅτι
1628 2022 1725 2105 δῷ
1757 2045 1853 2096 τις
1885 2020 2162 2099 ἐπαίνει,
2209 2027 2320 2086 hoc
2352 2027 2433 2086 ita
2463 2024 2791 2085 defendere

550 2130 740 2203 potes»,
786 2133 850 2187 ut
893 2128 1058 2189 dicas
1089 2130 1261 2190 facile
1305 2130 1455 2192 illud
1505 2115 1833 2214 δῶρον,,ὀ’
1880 2115 1916 2187 ὃ
1964 2125 2127 2208 διδῷ
2175 2118 2335 2199 θεὸς
2375 2122 2544 2187 αἴνει
2577 2126 2789 2187 mutari

503 2246 515 2256 ·
552 2230 817 2306 potuisse
864 2229 923 2290 in
971 2251 1283 2293 commune
1329 2233 1741 2310 proverbium,
1800 2232 1964 2310 quod
2010 2234 2068 2292 iu
2126 2233 2385 2291 omnium
2432 2231 2791 2308 cogitatione

551 2332 867 2409 animoque
901 2342 1058 2394 esset
1100 2340 1160 2394 et
1202 2354 1392 2412 paene
1422 2354 1531 2395 sua
1561 2342 1776 2412 sponte
1808 2336 1864 2394 iu
1900 2336 2191 2395 calamum
2223 2334 2473 2393 veniret.
2561 2333 2787 2392 Tamen

552 2453 675 2493 rem
722 2434 807 2494 sic
852 2454 915 2496 se
964 2438 1238 2498 habuisse
1283 2458 1402 2498 non
1449 2439 1819 2499 crediderim.
1907 2438 2234 2499 Graculum
2283 2435 2380 2495 vel
2437 2437 2635 2511 potius
2681 2433 2794 2493 tria

554 2536 657 2595 illa
716 2539 984 2615 oracula,
1038 2558 1193 2616 quae
1242 2541 1526 2617 Myscello
1589 2540 1727 2599 data
1783 2557 1912 2598 6886
1959 2540 2235 2599 feruntur
2281 2529 2485 2618 [Diod.
2519 2526 2793 2616 V1120]‚

553 2639 602 2697 si
648 2658 765 2698 non
812 2642 1074 2716 genuina
1119 2647 1288 2718 sunt,
1343 2661 1461 2718 qua
1506 2642 1581 2701 de
1630 2661 1693 2701 re
1739 2661 1898 2702 nuuc
1944 2641 2253 2718 disputare
2299 2640 2358 2699 in
2407 2639 2605 2699 auimo
2653 2638 2792 2697 mihi

555 2758 673 2800 non
721 2745 845 2818 est,
903 2746 965 2801 at
1008 2747 1171 2803 certe
1220 2743 1379 2804 haud
1424 2744 1635 2804 inscite
1680 2743 1868 2820 facta,
1926 2744 2008 2802 ita
2055 2749 2119 2803 ut
2162 2743 2277 2802 iam
2322 2746 2557 2802 vetusta
2600 2745 2795 2800 aetate

554 2847 685 2902 orta
746 2861 819 2902 ea
877 2863 1009 2905 esse
1068 2851 1289 2922 putem.
1397 2846 1541 2905 Mihi
1603 2848 1786 2923 igitur
1846 2846 2157 2905 oraculum
2218 2846 2278 2904 iu
2339 2862 2534 2921 coque
2608 2843 2798 2902 verba

555 2940 783 3023 δῶρον
844 2930 903 3004 δ’
962 2931 1000 3005 ὃ
1060 2943 1225 3027 ὀιδῷ
1286 2939 1447 3018 θεὸς
1506 2942 1676 3007 αἴνει
1737 2949 2076 3026 antiquiora
2136 2948 2453 3024 videntur,
2530 2953 2590 3004 et
2651 2946 2796 3004 haec

553 3049 813 3127 posteris
874 3052 1271 3128 temporibus,
1340 3070 1472 3111 cum
1536 3053 1597 3111 in
1673 3051 1972 3129 proverbii
2037 3050 2527 3110 cousuetudinem
2591 3046 2796 3106 venire

486 3141 509 3156 “’
556 3152 926 3229 coepissent,
986 3155 1046 3214 iu
1093 3154 1425 3214 cotidianae
1485 3155 1644 3214 vitae
1705 3173 1874 3214 usum
1920 3154 2247 3231 paullulum
2294 3157 2534 3212 mutata.
2622 3147 2795 3222 Quod

558 3256 619 3314 in
666 3258 914 3316 oraculo
961 3258 1131 3316 etiam
1168 3250 1393 3333 δῶρον
1440 3241 1500 3315 δ’
1532 3243 1633 3315 ὅτι
1669 3251 1765 3334 δῷ
1796 3273 1895 3324 τις
1927 3248 2179 3313 ἐπαίνει
2212 3254 2533 3328 invenitur,
2577 3249 2796 3310 eisdem

559 3360 927 3436 argumentis
958 3359 1302 3420 defenditur
1332 3377 1487 3436 quae
1518 3358 1693 3418 modo
1724 3357 2069 3434 significavi.
2157 3361 2529 3432 Quamquam
2570 3355 2796 3413 certum

561 3461 886 3539 quidquam
933 3461 1009 3521 de
1055 3462 1167 3522 hac
1210 3460 1563 3538 quaestione
1610 3459 1864 3536 proferri
1915 3459 2139 3536 nequit.

1629 3847 1749 3931 Π.

734 4046 923 4105 Etiam
986 4047 1104 4106 alia
1163 4045 1397 4105 accedit
1453 4061 1638 4104 causa
1692 4060 1814 4120 qua
1866 4061 1940 4102 ex
1985 4043 2071 4102 eis
2116 4058 2274 4117 quae
2322 4038 2491 4098 attuli
2541 4035 2803 4096 oraculis

566 4151 870 4228 complura
915 4151 976 4210 in
1022 4150 1424 4227 suspicionem
1472 4149 1800 4206 vocantur:
1845 4143 2007 4221 quod
2055 4161 2194 4218 uon,
2225 4145 2291 4202 ut
2323 4142 2499 4218 longe
2528 4139 2806 4217 plurima,

564 4254 924 4317 hexametris
977 4250 1083 4311 sed
1143 4250 1391 4314 iambico
1452 4252 1640 4310 metro
1700 4243 2043 4328 conscripta
2101 4249 2262 4308 suut.
2344 4241 2626 4324 Antiquis
2684 4240 2800 4299 iam
