3166 4871
582 318 665 379 60
1583 309 1842 367 zacher

584 493 997 572 patronymica
1040 494 1098 553 in
1145 508 1268 572 ηος
1313 497 1380 551 ut
1424 486 1779 569 Καλλιῆος,
1822 506 1978 567 quae
2023 508 2144 550 non
2187 488 2424 566 possint
2466 506 2541 548 ex
2581 481 2824 548 Kam-

582 612 716 665 ειος
773 595 878 654 sed
937 614 1057 655 non
1118 596 1227 655 nisi
1284 613 1359 654 ex
1409 590 1776 663 Καλλιατος
1837 596 1972 652 orta
2023 608 2186 667 esse,
2246 590 2461 651 deinde
2519 588 2680 667 qnod
2741 589 2824 649 di-

590 698 885 775 phthongi
917 714 974 755 ει
1006 698 1331 785 mutatione
1362 714 1469 757 eae
1498 696 1666 774 ipsae
1697 694 2119 772 inscriptiones
2148 693 2485 771 Boeoticae‚
2513 693 2571 752 in
2610 691 2826 769 quibus

580 799 997 878 patronymica
1039 798 1530 876 frequententur,
1574 798 1876 858 abstinere
1921 797 2173 857 soleant.
2259 794 2379 856 Sed
2426 794 2540 855 hoe
2581 793 2822 871 quidem

581 920 700 962 non
745 902 1013 979 intelligo
1060 900 1358 979 quomodo
1405 900 1606 960 dicere
1650 899 1943 977 potuerit,
2001 898 2283 976 quoniam
2339 916 2374 956 e
2431 896 2732 957 contrario
2781 896 2822 954 ii

581 1006 696 1082 ipsi
727 1004 902 1081 tituli,
946 1003 1049 1081 qui
1080 1003 1405 1081 praecipue
1450 1002 1878 1078 patronymicis
1910 1005 2176 1075 utuntur,
2216 999 2397 1060 etiam
2426 997 2824 1059 Boeotismum

582 1126 859 1166 severum
907 1107 1208 1179 exhibent,
1254 1111 1321 1165 ut
1362 1105 1422 1164 K
1457 1102 1510 1165 1.
1539 1100 1579 1160 2
1625 1103 1733 1177 (=
1776 1099 1865 1163 K²
1895 1098 2057 1175 38⁸).
2125 1100 2217 1161 10.
2261 1098 2351 1161 K²
2384 1098 2483 1161 33.
2521 1093 2653 1160 36¹³.
2691 1097 2826 1159 37⁸.

583 1205 874 1271 011563.
936 1204 1113 1268 1569.
1173 1205 1352 1269 1571.
1415 1205 1594 1266 1574.
1654 1203 1834 1266 1577.
1885 1201 2064 1265 1588.
2159 1205 2429 1266 Alterum
2480 1208 2678 1265 autem
2734 1222 2827 1264 ar·

580 1316 926 1388 gementum
974 1312 1048 1370 ob
1092 1310 1152 1369 id
1206 1311 1403 1387 ipsum
1448 1309 1669 1369 nullius
1714 1307 1997 1369 momenti
2041 1311 2135 1369 est
2188 1325 2307 1384 quo
2353 1307 2590 1367 Abrens
2636 1307 2829 1368 utitur

582 1414 754 1492 quasi
819 1431 964 1473 suae
1028 1414 1359 1474 sententiae
1435 1411 1833 1488 adminiculo,
1907 1410 2069 1487 quod
2134 1409 2407 1470 Thessali
2481 1428 2726 1487 quoque
2789 1428 2828 1468 a

584 1510 882 1586 Καλλίας
945 1515 1224 1576 derivant
1282 1515 1760 1591 patronymicum
1824 1510 2222 1583 Καλλιαῑοςε
2281 1513 2458 1572 immo
2520 1513 2637 1572 hoc
2693 1513 2828 1589 ipso

582 1621 941 1679 Boeotorum
989 1623 1050 1678 et
1092 1617 1524 1679 Thessalorum
1571 1618 1629 1676 in
1689 1616 1986 1693 fingendis
2043 1615 2472 1694 patronymicis
2530 1631 2865 1675 consensu·

584 1722 1054 1798 demonstratur,
1113 1737 1213 1790 ιος
1266 1720 1616 1781 Boeoticum
1675 1706 1899 1779 factum
1952 1736 2082 1780 esse
2145 1737 2222 1779 ex
2279 1733 2431 1788 ειος.
2527 1717 2830 1779 Attendas

586 1841 809 1900 quaeso
855 1824 1114 1883 animum
1162 1822 1239 1882 ad
1285 1823 1435 1882 haec
1480 1839 1636 1899 quae
1681 1840 2032 1901 proponam.
2117 1820 2275 1883 Tres
2310 1821 2494 1897 solae,
2537 1800 2836 1898 quantum'

585 1945 698 2004 ego
751 1928 903 2004 scio,
960 1930 1173 2003 gentes
1218 1926 1486 1987 Graecae
1545 1925 1708 1985 hune
1768 1942 1990 1984 morem
2052 1924 2428 1999 habuerunt,
2485 1929 2554 1983 ut
2609 1922 2832 1983 nomini

583 2030 835 2108 proprio
881 2029 1173 2089 adderent
1215 2028 1696 2106 patronymicum
1735 2025 1814 2087 ad
1854 2031 2085 2104 patrem
2115 2025 2571 2104 designandum,
2598 2025 2835 2103 Lesbii,

583 2132 874 2207 Thessali,
904 2131 1148 2192 Boeoti.
1232 2130 1415 2209 Apud
1458 2130 1767 2191 Lesbios
1809 2130 1960 2189 haec
2004 2129 2422 2206 patronymica
2461 2128 2742 2189 desinunt
2767 2127 2834 2187 in

560 2250 751 2315 ,erog
795 2221 1109 2312 (Ἡρωίδα
1146 2229 1246 2292 τῶ
1283 2226 1832 2311 Τερτικωνείω
1861 2217 2309 2308 τῶἩραεὶω
2339 2230 2536 2292 Conse
2564 2232 2627 2291 it.
2655 2230 2837 2291 Lesb.

584 2355 643 2413 p.
676 2332 774 2412 35,
817 2337 888 2395 A.
921 2332 1020 2396 37.
1062 2332 1205 2394 τῶν
1231 2319 1954 2413 Ἀπολλοδωρεὶων
1999 2334 2077 2394 ib.
2121 2334 2182 2395 O.
2219 2331 2314 2393 19.
2400 2326 2645 2393 Ζωίλω
2689 2328 2834 2392 Δα-

583 2431 1021 2517 μοὸικείω,
1072 2422 1320 2515 Ἐχεΐδα
1369 2431 1808 2498 Θεοκλείω
1853 2438 1915 2497 in
1970 2438 2059 2499 tit.
2101 2437 2277 2498 Lesb.
2328 2438 2389 2497 in
2441 2437 2639 2497 insula
2683 2437 2836 2497 Delo

588 2547 868 2619 reperto,
925 2541 1068 2601 Ahr.
1125 2543 1266 2601 Dor.
1327 2561 1383 2618 p.
1428 2537 1551 2598 495
1597 2558 1720 2619 sq.,
1773 2535 2079 2619 012265,
2110 2541 2165 2601 b.
2222 2541 2414 2617 Rang.
2465 2540 2651 2617 antiq.
2692 2536 2838 2599 770.

593 2631 937 2718 Ἡφαιστὶς
986 2636 1446 2726 Θεοδωρεὶᾳ
1488 2632 1658 2722 γυνή
1703 2642 1901 2704 Gonze
1929 2643 1994 2702 it.
2023 2642 2199 2703 Lesb.
2244 2661 2302 2720 p.
2333 2639 2434 2721 34,
2477 2642 2595 2703 tab.
2633 2642 2750 2702 XII
2779 2638 2839 2702 2.

583 2731 907 2824 Άρχίππα
932 2730 1351 2805 Ἄθαναεία
1380 2764 1475 2823 ap.
1510 2746 1687 2807 eund.
1723 2765 1782 2823 p.
1821 2742 1912 2824 17,
1956 2751 1998 2807 t.
2026 2746 2130 2823 IX,
2159 2742 2217 2806 6.
2303 2734 2609 2818 Διορότω
2640 2741 2841 2805 Κλε-
2905 2811 2920 2820 ,

586 2842 960 2925 ωνυμείω
992 2833 1384 2925 ειᾍγεμάχω
1403 2832 1812 2926 Άγγελείω
1843 2854 1904 2908 et
1932 2834 2842 2927 ΠυθοφάηςἹερργένειος

585 2953 647 3010 in
693 2951 780 3010 tit.
818 2949 994 3010 Lesb.
1028 2950 1327 3026 Erythrae
1371 2954 1617 3027 reperto
1661 2950 1754 3011 ed.
1798 2952 2068 3026 Kenner,
2112 2949 2303 3010 Wien.
2334 2949 2503 3010 acad.
2531 2950 2842 3027 Sitsungs-

586 3052 712 3114 ber.
767 3049 957 3129 1872,
1023 3071 1080 3129 p.
1126 3048 1250 3110 335
1310 3067 1432 3130 sq.;
1476 3052 1552 3113 cf.
1612 3053 1855 3131 Sauppii
1932 3058 2241 3114 comment.
2295 3045 2372 3112 de
2427 3052 2606 3113 duab.
2661 3053 2843 3114 iuscr.

589 3155 765 3216 Lesb.
812 3156 973 3216 Gott.
1010 3151 1188 3233 1870,
1233 3174 1294 3233 p.
1323 3152 1465 3228 26):
1509 3156 1792 3217 nnumin
1839 3171 1985 3226 αος
2029 3153 2161 3232 (pro
2207 3152 2437 3228 αιος)ε
2463 3138 2838 3234 Άγεμόρτω

540 3268 547 3274 ’
585 3246 1069 3318 Melanteioi
1116 3254 1406 3335 013524‚
1450 3259 1598 3319 Ahr.
1642 3260 1787 3319 Dor.
1831 3277 1889 3335 p.
1923 3253 2079 3336 4993
2118 3287 2204 3299 —
2232 3256 2398 3335 apud
2442 3257 2842 3319 Thessalos

592 3377 749 3437 quae
792 3377 830 3418 a
873 3359 1213 3420 nominibus
1265 3361 1329 3420 in
1383 3377 1462 3431 ας
1514 3360 1912 3439 descendunt,
1965 3361 2026 3423 in
2061 3377 2295 3442 Ιαιος,
2352 3378 2510 3438 quae
2561 3360 2639 3421 ab
2690 3359 2843 3438 aliis,

587 3462 646 3521 in
693 3477 882 3535 ειος,
929 3465 995 3521 ut
1038 3455 1461 3534 Αἰνιαδαῑος,
1504 3456 1929 3540 Αἰᾶχινατος,
1973 3467 2038 3524 at
2057 3446 2558 3543 Ἀγαπύρρειος,
2581 3446 2841 3541 Ἀγελά-

593 3579 770 3634 ειος,·
812 3594 896 3604 -
943 3563 1106 3640 apud
1152 3564 1499 3643 Boeotos,
1542 3583 1698 3642 quae
1743 3585 1781 3625 a
1824 3565 2160 3627 nominibus
2197 3566 2255 3627 in
2288 3582 2378 3636 ας
2418 3566 2734 3645 pullulant,
2775 3566 2840 3626 in

586 3682 771 3747 ηος,
830 3684 987 3743 quae
1030 3684 1069 3724 a
1111 3667 1356 3743 ceteris,
1416 3667 1478 3727 in
1534 3683 1680 3738 ιος.
1781 3669 1967 3744 Atqui
2017 3668 2227 3729 Boeoti
2286 3686 2446 3729 nova
2502 3668 2845 3730 litteratura

587 3771 831 3844 recepta
876 3786 916 3847 η
961 3786 1070 3845 pro
1117 3785 1219 3846 αι,
1277 3786 1301 3826 ι
1344 3788 1455 3847 pro
1501 3787 1559 3829 ει
1614 3770 1990 3848 scribebant;
2051 3771 2283 3830 nullum
2342 3774 2542 3832 autem
2596 3770 2840 3831 illorum

586 3872 1143 3947 patronymicorum
1188 3872 1249 3931 in
1294 3871 1471 3933 titulo
1515 3873 1799 3950 antiquae
1845 3873 2236 3952 litteraturae,
2278 3891 2484 3934 omnes
2525 3873 2589 3933 in
2632 3891 2841 3934 recen-

587 3972 745 4064 tibus
790 3977 1064 4033 exstant:
1106 4004 1195 4016 --
1236 3975 1376 4052 quis
1419 3978 1511 4035 est
1554 3976 1702 4052 quin
1747 3975 2058 4037 confestim
2101 3976 2416 4053 intelligat,
2457 3977 2636 4036 etiam
2674 3975 2841 4052 apud

590 4077 856 4136 Boeotos
900 4077 1319 4153 patronymica
1358 4076 1468 4137 illa
1497 4076 1803 4154 quondam
1835 4078 2313 4139 terminationem
2343 4094 2479 4148 ειος
2508 4077 2841 4139 habuisse?

588 4178 730 4239 Una
772 4181 1004 4239 tantum
1048 4197 1116 4239 re
1159 4179 1367 4248 Boeoti
1417 4179 1703 4240 differunt
1743 4198 1782 4240 a
1825 4180 2164 4260 Thessalis,
2217 4180 2380 4258 quod
2422 4181 2846 4259 patronymica

589 4298 626 4338 a
700 4280 1043 4341 nominibus
1120 4281 1182 4341 in
1254 4298 1333 4361 ης
1410 4280 1606 4360 (stirp.
1665 4279 1794 4355 -εσ)
1866 4283 2139 4345 derivata
2213 4300 2334 4343 non
2412 4279 2700 4344 desinunt
2778 4284 2844 4346 in
2891 4312 2906 4319 ·
