3166 4871
583 310 699 370 194
1620 301 1876 357 Zacher

585 478 1165 562 καταχρηστικῶς·
1228 475 1478 561 κυρίως
1524 469 1650 560 γὰρ
1694 467 1736 559 ἡ
1781 477 1908 539 τοῦ
1967 474 2297 551 λέοντος
2355 464 2526 560 ούρὰ
2579 464 2832 540 ἄλκαὶα

580 582 913 658 καλεῖται,
977 569 1082 643 ὅτι
1143 567 1227 643 δι’
1283 568 1486 662 αὐτῆς
1547 573 1797 642 ἑαυτὸν
1856 572 2215 663 ἐποτρύνει
2272 577 2385 641 καὶ
2447 576 2679 662 ἐγείρει
2736 577 2832 654 εἷς

576 673 820 768 ἀλκήν·
882 680 1055 765 ,,αιέὶ
1114 671 1175 745 δ’
1234 673 1443 745 αὑτὸν
1501 675 1859 765 ἐποτρύνει
1902 680 2362 764 μαχέσασθαι“
2406 685 2497 760 (n.
2539 689 2613 764 Y,
2661 684 2831 759 171).

577 790 772 851 Schol.
826 791 942 868 Ap.
995 789 1105 850 Rh.
1148 791 1262 866 IV,
1322 785 1512 847 1614:
1579 773 1821 847 ἀλκαὶα
1882 782 2138 866 λέγεται
2198 777 2240 868 ἡ
2302 785 2428 849 τοῦ
2490 782 2829 859 λέοντος

577 876 750 971 ούρά
794 877 928 951 ἀπὸ
974 888 1101 951 τοῦ
1147 876 1230 950 δι’
1259 874 1466 969 αῧτῆς
1498 883 1590 961 εἰς
1620 874 1839 970 ἇλκὴν
1868 884 2253 971 τρέπεσθαι.
2296 886 2414 950 καὶ
2442 878 2480 951 ὃ
2511 880 2829 970 ποιητής·

577 982 744 1074 οὐρῇ
805 989 876 1054 δὲ
944 983 1264 1073 πλευράς·
1308 1011 1380 1052 τε
1446 987 1559 1052 καὶ
1622 987 1798 1071 ἰοχία
1859 978 2349 1074 ἀμφοτέρωθεν
2410 988 2829 1054 Macrin-affl

577 1097 668 1172 (ll.
713 1099 795 1176 Y,
857 1094 1020 1169 170).
1121 1091 1632 1174 Καλλίμαχος
1699 1091 1771 1155 δὲ
1837 1089 1937 1168 (fr.
1999 1093 2147 1169 317)
2212 1093 2437 1167 κακῶς
2503 1089 2611 1156 ἐπὶ
2679 1093 2829 1155 τῶν

575 1196 796 1277 μυῶν
841 1195 1080 1276 (μυιῶν
1112 1198 1243 1259 cod.
1273 1195 1482 1271 Laur.)
1526 1192 1834 1257 τέθεικεν
1878 1184 2195 1277 ,,ἇλκαίας
2239 1184 2561 1275 ἀφύσσα“.
2604 1184 2647 1278 ἢ
2686 1183 2827 1257 ἀπὸ

577 1298 706 1360 τοῦ
750 1287 1007 1374 ἄλκεῖν,
1066 1285 1104 1358 ὅ
1161 1293 1301 1360 ἐστι
1355 1297 1670 1380 βοηθεῖν,
1727 1287 1769 1379 ἡ
1817 1293 1908 1371 εἷς
1953 1286 2168 1380 ἀλκὴν
2209 1296 2628 1380 παρορμῶσα
2659 1346 2673 1360 .
2707 1346 2722 1358 .
2758 1345 2773 1359 .
2808 1346 2823 1359 .

577 1399 826 1483 κυρίως
884 1396 954 1461 δὲ
1011 1389 1052 1481 ἡ
1110 1399 1237 1462 τοῦ
1296 1396 1570 1472 λέοντος
1630 1388 1800 1481 ούρά
1856 1386 2102 1461 ιῖλκαία
2158 1396 2436 1482 λέγεται.
2503 1395 2578 1462 ἐν
2623 1397 2695 1462 δὲ
2740 1399 2826 1481 τῇ

576 1502 880 1585 κωμικῇ
925 1500 1133 1581 λέξει
1179 1488 1262 1564 ού
1304 1493 1522 1583 μόνον
1565 1492 1608 1584 ἡ
1654 1501 1783 1564 τοῦ
1828 1499 2107 1576 λέοντος
2151 1490 2322 1585 ούρὰ
2351 1490 2613 1577 ἄλκαία,
2657 1490 2827 1564 ἀλλὰ

578 1603 708 1668 καὶ
767 1600 1022 1667 ἵππου
1077 1601 1209 1665 καὶ
1268 1596 1453 1680 βοὸς
1506 1601 1640 1665 καὶ
1694 1604 1853 1666 τῶν
1899 1600 2297 1687 ἐμφερῶν,
2366 1592 2512 1668 ὅσα
2556 1592 2821 1687 ὥσπερ

577 1696 1075 1791 ἀλεξητηρὶῳ
1117 1706 1207 1786 τῆ
1251 1693 1450 1791 ούρᾷ
1490 1698 1793 1788 χρῆται.
1883 1710 2164 1772 Similiter
2196 1712 2307 1770 EM
2337 1729 2385 1771 s·
2414 1730 2470 1772 v.
2533 1709 2825 1789 Apparet,

575 1812 905 1891 veriloquio
951 1816 1182 1872 tantum
1226 1810 1388 1889 quod
1436 1811 1546 1871 sibi
1576 1811 1884 1872 finxerant
1911 1815 2150 1873 veteres
2179 1814 2596 1890 grammaticos
2624 1818 2822 1873 motos

576 1934 723 1992 eene,
767 1918 834 1976 ut
877 1915 1066 1975 leonis
1111 1913 1360 1974 caudam
1407 1914 1654 1992 proprie
1700 1915 1814 1976 hoc
1858 1915 2152 1976 vocabulo
2197 1915 2488 1994 appellari
2535 1914 2823 1994 dicerent,

573 2016 970 2096 veriloquium
1018 2020 1214 2077 autem
1259 2016 1405 2077 illud
1453 2035 1633 2094 quam
1678 2018 1946 2095 ineptum
1994 2018 2099 2096 eit,
2144 2036 2318 2078 nemo
2366 2037 2483 2079 non
2532 2018 2827 2095 intellegit

573 2123 796 2190 (tamen
856 2125 920 2180 et
960 2121 1019 2179 in
1063 2120 1382 2181 Thesauro
1443 2122 1504 2180 et
1558 2121 1618 2181 in
1664 2120 1953 2181 Paseowii
1995 2121 2187 2181 lexico
2231 2121 2552 2197 repetitum
2598 2118 2826 2199 legas);

572 2223 648 2284 cf.
692 2223 840 2284 Lob.
883 2223 1080 2283 Parul.
1122 2242 1180 2300 p.
1212 2218 1353 2283 306.
1439 2223 1576 2283 Non
1622 2223 1697 2283 ab
1743 2206 1916 2302 ἀλκή
1949 2224 2266 2300 repetitum
2299 2228 2407 2298 eet,
2449 2223 2557 2283 sed
2588 2223 2664 2283 ab
2693 2222 2824 2284 rad.

573 2310 706 2384 ἇλκ
751 2343 909 2403 quae
953 2325 1012 2384 in
1061 2310 1384 2396 ἄλαλκον,
1429 2310 1783 2397 ἀλκάθειν,
1827 2311 2103 2401 ἀλέξειν,
2147 2331 2216 2386 ut
2258 2325 2450 2387 cauda
2495 2326 2580 2386 sic
2612 2329 2825 2387 vocata

573 2428 676 2507 sit,
720 2428 865 2506 quia
909 2446 1143 2488 muscae
1174 2427 1444 2505 aliaeque
1477 2428 1761 2490 bestiolae
1791 2410 2566 2509 defenditjciaegmvjpmv
2596 2433 2712 2507 est,
2757 2434 2826 2490 ut

574 2532 659 2592 ait
700 2531 885 2591 schol.
928 2531 1043 2607 Ap.
1089 2530 1199 2591 Rh.
1287 2531 1566 2592 Ceterum
1615 2531 1897 2593 traditum
1945 2536 2037 2593 est
2079 2532 2437 2594 vocabulum
2484 2531 2644 2609 apud
2686 2532 2824 2591 Nic.

573 2634 658 2694 th.
693 2630 833 2693 122.
876 2629 1018 2693 225.
1063 2634 1177 2710 Ap.
1208 2634 1319 2693 Rh.
1363 2631 1420 2709 4,
1456 2630 1639 2710 1614,
1682 2634 1901 2711 quibus
1945 2634 2005 2693 in
2053 2634 2202 2696 locis
2249 2634 2351 2695 alii
2397 2633 2531 2695 libri
2577 2619 2822 2714 αλκαὶη

573 2736 672 2796 alii
717 2722 961 2815 ὁλκαίη
1006 2735 1259 2813 habeut3
1326 2734 1402 2796 cf.
1432 2754 1588 2813 quae
1632 2735 1791 2796 infra
1834 2754 1880 2796 a.
1911 2754 1966 2797 v.
2010 2721 2288 2807 όλκαῖος
2331 2735 2367 2808 θ
2398 2731 2480 2794 73
2527 2736 2824 2841 dicentur.

574 2839 901 2898 Praeterea
945 2835 1100 2915 Opp.
1144 2837 1278 2898 Hal.
1324 2836 1380 2915 5,
1424 2833 1567 2898 264.
1612 2837 1741 2898 Ael.
1787 2837 1843 2898 h.
1888 2857 1940 2898 a.
1987 2834 2332 2916 5,39.16‚
2384 2836 2478 2899 10.

744 2940 967 3000 Eadem
1012 2938 1373 3017 significatio
1417 2939 1617 3000 activa
1660 2939 1898 3000 videtur
1942 2957 2071 3002 esse
2114 2940 2397 3019 adjectivi

744 3025 1073 3110 αλκαῖος
1119 3042 1261 3102 Eur.
1293 3042 1430 3102 Hel.
1469 3039 1661 3099 1152:
1716 3028 1953 3122 ἀρετὰς
1995 3037 2277 3122 πολέμῳ
2320 3040 2575 3102 κτᾶσθε
2620 3033 2825 3122 δορὰς

574 3128 864 3203 ἀλκαίου
907 3161 978 3202 τε
1027 3133 1312 3223 λόγχαις.

747 3231 1162 3325 αμοιβαῖος
1207 3252 1274 3308 ut
1317 3233 1592 3325 ἀμοιβάς
1635 3271 1718 3293 ==
1763 3232 2211 3325 αμειβόμενος.
2297 3246 2469 3309 Pind.
2515 3247 2690 3327 01.1‚
2734 3235 2819 3305 39

572 3333 886 3426 αμοιβαῖα
951 3347 1172 3408 θεοῖσι
1244 3344 1518 3408 δεῖπνα
1553 3343 1890 3427 παρέχων.
2000 3350 2250 3460 Emped.
2309 3346 2422 3411 68.
2500 3339 2689 3430 Χρόν
2690 3366 2822 3422 οιο,

574 3434 612 3508 ὅ
658 3461 818 3525 σφιν
874 3433 1218 3527 ἀμοιβαῖος
1260 3445 1556 3521 πλατέος
1600 3440 2051 3531 παρελήλαται
2118 3436 2345 3531 όρκου.
2449 3452 2592 3513 Hdt.
2635 3448 2702 3530 6,
2747 3450 2822 3510 4:

581 3541 670 3611 Τὰ
723 3536 1038 3630 ἀμοιβαῖα
1087 3542 1172 3611 τὰ
1227 3536 1364 3612 απὸ
1417 3550 1560 3612 τῶν
1617 3548 1935 3631 Περσέων
1979 3539 2529 3633 αντιπεμπόμενα
2573 3496 2821 3630 βιβλία.

572 3654 745 3713 Pluto
790 3673 838 3714 r.
867 3672 923 3730 p.
955 3651 1013 3733 3,
1067 3673 1125 3732 p.
1156 3650 1279 3712 394
1310 3656 1359 3715 Β
1391 3639 1602 3714 Ὅταν
1646 3673 1746 3726 τις
1790 3645 1873 3715 τὰ
1918 3640 2235 3735 αμοιβαῑα
2277 3652 2679 3735 καταλείπῃ,
2742 3656 2822 3717 de

572 3755 842 3833 dialogis.
947 3757 1245 3835 Persaepe
1307 3758 1466 3834 apud
1541 3759 1868 3835 scriptores
1933 3759 2313 3837 posteriores.
2415 3759 2505 3821 cf.
2579 3757 2823 3837 χλαῖνα

570 3845 848 3936 ἀμοιβάς
891 3877 987 3937 up.
1028 3860 1202 3920 Hom.
1247 3857 1360 3920 Od.
1404 3860 1443 3935 ξ
1471 3857 1614 3920 521.

742 3944 1175 4039 ἇμολγαῖος
1218 3979 1315 4037 ap.
1358 3961 1546 4024 Leon.
1590 3963 1730 4022 Tar.
1776 3963 1852 4023 cf.
1895 3982 1956 4040 p.
2005 3961 2124 4022 176
2155 3983 2245 4041 eq.

741 4061 1066 4136 βολαῖος
1119 4062 1194 4124 de
1239 4064 1471 4142 thynno
1517 4064 1739 4125 dictum
1784 4066 2259 4142 interpretantur
2287 4066 2675 4145 impetuosus,
2716 4073 2824 4144 „ut

568 4163 844 4241 βολαῖος
902 4154 1164 4235 θύννος
1222 4184 1318 4244 ap.
1363 4168 1526 4227 Euat.
1571 4185 1628 4244 p.
1680 4164 1857 4246 1404,
1905 4163 2004 4246 52,
2064 4169 2166 4245 qni
2226 4188 2264 4229 a
2322 4158 2495 4248 βολή
2556 4169 2823 4248 deducit,

569 4268 703 4328 eod.
748 4268 942 4346 modo,
985 4287 1105 4345 quo
1153 4287 1246 4345 ap.
1292 4268 1508 4330 Athen.
1540 4266 1598 4347 7,
1639 4289 1696 4347 p.
1735 4266 1858 4327 302
1888 4271 1937 4330 Β
1982 4256 2341 4351 ὁρμητικός
2386 4289 2520 4331 esse
2566 4267 2822 4332 dicitur“
