3166 4871
1130 364 1218 419 no
1251 364 1456 420 nomin.
1490 364 1550 420 ιιι
1585 382 1750 431 -αως,
1820 368 1855 433 ς
1880 370 1962 421 53.
2535 372 2654 432 145

414 545 475 601 et
517 527 861 620 ἡλιαστής.
949 541 1163 620 Itaque
1222 528 1379 602 ἁλία
1435 542 1677 620 quidem
1732 562 1851 617 non
1914 542 2070 603 idem
2113 543 2451 621 significare
2491 543 2656 621 quod

410 630 644 721 ἡλιαία
685 642 994 705 Loheekio
1034 642 1247 722 (paral.
1277 641 1428 719 320)
1458 645 1860 725 concedimus,
1902 645 2009 705 sed
2041 631 2197 704 ἁλία
2226 644 2659 723 significatione

412 744 654 805 diversa
698 747 890 807 utitur
925 746 1051 825 jam
1097 747 1173 808 ab
1215 748 1348 826 ipso
1391 748 1558 810 vocis
1601 734 1832 826 ἡλιαία
1860 750 2187 826 prototypo
2214 735 2403 827 ἡλία,
2396 767 2410 780 ·
2452 747 2658 825 itaque

410 866 531 910 non
577 847 800 911 suffixo
846 865 959 908 αιοι
1001 849 1153 911 haee
1197 848 1516 913 diversitas
1562 852 1776 912 effecta
1820 854 1980 913 eet.

582 935 970 1029 ηλυγαῐος
1011 951 1175 1013 Suid.
1219 982 1303 991 —
1348 944 1843 1032 ἐπηλυγαῑος
1885 972 1975 1031 gr.
2018 953 2080 1013 in
2125 951 2316 1013 Bekk.
2361 972 2459 1013 an.

583 1050 933 1128 ζωνατος
976 1052 1188 1130 Synes.

584 1151 1084 1226 θαλασσαῑος
1127 1156 1301 1216 Pind.
1346 1157 1520 1234 Pyth.
1549 1152 1611 1234 2,
1640 1154 1721 1215 50
1765 1176 1877 1235 pro
1921 1159 2141 1220 usitato
2184 1146 2573 1229 θαλάσσιος.

586 1252 929 1337 θερμαία
980 1244 1265 1337 Ἄρτεμις
1320 1258 1533 1338 Arist„
1594 1277 1752 1337 quae
1809 1253 2040 1321 balneis
2098 1266 2161 1321 et
2192 1263 2393 1339 ‚aquis
2451 1260 2659 1321 calidis

411 1365 674 1443 113⁸oessss

585 1461 948 1544 θηκατος,
993 1457 1257 1544 οἴκημα,
1301 1482 1541 1525 eamera
1583 1464 1941 1541 sepulcralis
1984 1464 2125 1525 Hdt.
2154 1466 2230 1543 11,
2261 1460 2360 1525 86.

587 1565 989 1637 θυννατος
1019 1568 1151 1633 leet.
1173 1567 1339 1645 vulg.
1370 1585 1465 1644 ap.
1496 1566 1635 1628 Ath.
1662 1563 1720 1646 3,
1749 1585 1808 1644 p.
1838 1564 1959 1626 116
1982 1569 2054 1648 Ε,
2080 1566 2379 1627 θυννατα
2407 1561 2662 1647 ταρίχη,

413 1668 520 1730 ubi
563 1669 747 1728 Dind.
790 1688 867 1730 ex
911 1669 1043 1729 eod.
1096 1670 1357 1730 restituit
1399 1657 1722 1743 θύννεια,
1774 1688 1951 1747 quem
2009 1670 2187 1731 Mein.
2242 1671 2532 1748 sequitur.
2572 1699 2660 1710 —

413 1767 821 1832 θυνναῖον
848 1773 1182 1841 vocabatur
1219 1772 1565 1833 solemnitas
1596 1790 1733 1833 eum
1763 1774 1950 1834 saeris
1976 1774 2039 1833 in
2069 1773 2340 1852 Neptuni
2372 1774 2659 1834 honorem

413 1873 610 1935 saetis.
709 1874 919 1952 Antig.
975 1875 1108 1936 Car.
1150 1894 1247 1952 ap.
1289 1874 1429 1935 Ath.
1461 1871 1518 1954 7,
1560 1894 1623 1953 p.
1650 1871 1773 1933 297
1796 1877 1868 1939 Ε.
1953 1875 2251 1953 Thynnue
2307 1894 2427 1937 non
2482 1874 2661 1936 modo

412 1964 675 2047 θύννος
703 1977 1052 2057 vocabatur,
1092 1977 1199 2038 sed
1230 1977 1406 2038 etiam
1445 1966 1674 2036 θύννα
1703 1966 1963 2048 θυννάς
2006 1971 2267 2048 θυννίς.
2355 1976 2661 2039 Feminam

415 2072 778 2152 θυννίδα,
810 2099 1031 2141 marem
1096 2068 1367 2139 θύννον
1434 2081 1677 2157 saepius
1736 2084 1913 2141 voeat
1970 2079 2247 2158 Aristot,
2305 2080 2471 2140 velut
2524 2080 2663 2143 hist.

417 2181 596 2241 anim.
629 2180 687 2261 5,
716 2177 774 2242 9.
809 2179 916 2261 113
960 2200 1118 2261 quae
1146 2181 1442 2243 voeabula
1482 2200 1520 2242 a
1549 2182 1794 2245 Cratino
1838 2200 2084 2259 quoque
2127 2186 2190 2245 et
2219 2181 2557 2261 Speusippo
2600 2187 2663 2243 et

418 2283 781 2361 Epicharmo
824 2283 1105 2347 distincta
1163 2303 1296 2345 esse
1354 2283 1540 2345 tradit
1583 2284 1935 2346 Athenaeus
1981 2281 2053 2362 7,
2097 2280 2252 2343 303:
2310 2283 2418 2345 sed
2474 2285 2662 2360 vulgo

419 2386 572 2448 haee
613 2387 860 2449 nomina
899 2387 1239 2467 promiscue
1269 2390 1563 2466 usurpata
1601 2392 1663 2449 et
1690 2376 1919 2447 θύννοι
1948 2404 2192 2466 quoque
2219 2385 2297 2450 ad
2326 2387 2443 2448 hoe
2468 2403 2665 2464 genus

417 2490 671 2567 piscium
745 2491 985 2552 omnino
1056 2490 1460 2553 denotandum
1529 2488 1861 2551 adhibitum
1929 2507 2063 2551 esse
2134 2508 2215 2552 ex.
2267 2490 2665 2567 Hipponactis

419 2593 796 2655 Areheetrati
819 2591 1180 2671 'Antiphanie
1209 2593 1358 2654 loeis
1386 2593 1463 2653 ab
1492 2592 1704 2654 eodem
1736 2593 1932 2654 citatis
1959 2593 2363 2669 intelligimus.
2448 2593 2664 2669 Itaque

418 2696 551 2772 ipse
581 2694 931 2756 Athenaeus
962 2697 1001 2756 l.
1031 2697 1096 2756 l.:
1140 2680 1257 2766 οὓς
1301 2686 1471 2755 ἔνιοι
1514 2682 1818 2765 θύννους
1853 2691 2161 2768 καλοῦσι,
2209 2679 2544 2774 Ἀθηναῖοι
2589 2687 2661 2753 δὲ

419 2791 775 2871 θυννίδας,
819 2801 881 2859 et
907 2799 1021 2859 EM
1050 2817 1110 2876 p.
1139 2794 1282 2876 459,
1312 2794 1419 2859 25:
1449 2786 1728 2869 θύννος.
1769 2790 1853 2857 ἐν
1881 2793 1975 2875 τῇ
2003 2793 2239 2874 κοινῇ
2270 2790 2663 2878 συνηθείᾳ

420 2889 704 2961 θύννα.

589 3000 943 3083 θυραῖος
984 3007 1139 3080 trag.
1182 3031 1266 3042 —
1309 2988 1351 3082 ἡ
1394 2995 1700 3081 θυραία
1740 3002 2015 3062 Ammon.
2043 3001 2311 3078 Heeyeh.
2343 3005 2666 3080 „apertura

420 3104 500 3165 ad
549 3104 906 3167 inserendae
963 3106 1177 3167 valvae
1235 3096 1481 3165 relieta“
1522 3101 1672 3164 Lob.
1716 3106 1905 3181 paral.
1948 3122 2008 3182 p.
2037 3099 2181 3163 309.
2223 3133 2308 3143 -—
2350 3091 2664 3182 προθύ-

422 3223 653 3285 ραιος
694 3209 928 3282 Dianae
980 3208 1288 3285 epitheton
1345 3209 1406 3268 in
1465 3208 1671 3284 hymn.
1714 3205 1900 3284 Orph.
1936 3204 2078 3284 1,4,
2112 3201 2206 3265 12.
2291 3205 2452 3266 Sext.
2497 3205 2667 3281 Emp-

424 3309 562 3371 adv.
607 3306 873 3388 matht),
906 3306 1058 3389 185,
1116 3329 1176 3389 p.
1207 3306 1348 3370 592.
1391 3340 1476 3350 —-
1518 3299 1610 3368 τὰ
1653 3297 2133 3388 προθύραια
2174 3332 2258 3354 =
2303 3296 2666 3388 πρόθυρον

422 3412 482 3472 h.
524 3412 700 3474 Hom.
744 3414 928 3474 Mero.
972 3409 1115 3474 384.

593 3508 705 3577 53.
794 3508 1167 3593 ἰακχατος
1211 3508 1544 3591 στέφανος
1588 3515 1803 3576 Philet.
1844 3532 1943 3594 ap.
1985 3513 2127 3574 Ath.
2170 3511 2265 3594 ῙΞη
2292 3508 2416 3571 678
2439 3511 2529 3594 Α,
2554 3530 2667 3590 pro

422 3605 643 3695 ἰάκχα,
688 3636 807 3696 quo
851 3617 1034 3681 verbo
1078 3618 1338 3694 Sicyonii
1384 3617 1461 3678 ad
1507 3616 1963 3696 signifieandam
2007 3634 2286 3680 eoronam
2327 3614 2669 3678 utebantur.

422 3721 725 3782 Timareh.
768 3720 911 3782 ibid.
954 3724 1016 3781 et
1057 3720 1321 3798 Heeyeh.

598 3816 874 3902 ἰκμαῑο
889 3843 937 3894 ς.
985 3824 1187 3886 Iovem
1210 3815 1480 3900 ίκμαῑῠν
1499 3822 1657 3884 Ceae
1680 3822 1910 3883 cultum
1934 3839 2086 3900 esee,
2107 3821 2337 3898 primns
2357 3819 2540 3882 tradit
2555 3817 2670 3895 Ap.

425 3926 538 3986 Rh.
565 3925 642 4004 11,
667 3922 814 3986 522.
880 3928 973 3987 De
1001 3925 1116 3987 hoe
1146 3926 1310 3987 cultu
1340 3944 1397 3986 v.
1420 3925 1601 3987 Geth.
1632 3925 1820 4003 Myth.
1856 3919 1993 4002 192,
2022 3920 2079 3983 2.
2132 3917 2272 4001 197,
2302 3918 2340 3980 3
2364 3941 2418 3982 a.
2453 3915 2590 3999 199,
2613 3914 2670 3979 8.

429 4026 579 4089 Inde
625 4044 842 4088 nomen
886 4029 1198 4107 antiquum
1258 4045 1391 4088 esse
1450 4027 1827 4104 intelligitur.
1913 4026 2311 4104 Plerumque,
2368 4027 2430 4084 et
2462 4023 2589 4102 jam
2633 4040 2671 4081 a

424 4129 614 4191 sehol.
656 4129 936 4208 Apollon.
1022 4120 1201 4203 (Διὸς
1245 4119 1432 4209 ἱερὸν
1478 4117 1797 4208 ἱδρύσατο
1830 4120 2099 4206 ἰκμαίου
2131 4116 2329 4186 ἕνεκα
2356 4122 2482 4185 τοῦ
2510 4112 2669 4193 τοὺς

426 4219 722 4312 ὄμβρους
750 4225 1083 4312 γενέσθω.
1174 4221 1331 4302 Διὸς
1374 4217 1699 4307 ίκμαίοιο.·
1745 4219 1941 4289 ἕνεκα
1983 4225 2103 4308 τῆς
2131 4217 2450 4305 ἰκμάδος),
2492 4242 2670 4285 voea-

426 4333 638 4396 bulum
700 4334 1006 4397 derivatur
1063 4335 1140 4394 ah
1195 4322 1387 4412 ἰκμάς
1444 4333 1676 4393 humor.
1774 4333 1993 4408 Neque
2051 4348 2164 4406 ego
2208 4327 2451 4406 quidem
2494 4344 2672 4405 nego,

2269 4442 2331 4492 10
