3166 4871
488 293 616 358 390

491 469 858 529 stitutionem
923 470 1401 545 cognoscendam
1463 471 1639 531 etiam
1717 488 1921 532 omnes
1996 487 2100 530 eos
2174 470 2381 530 titulos
2461 469 2735 530 conferre

492 571 700 647 liceat,
763 571 865 648 qui
927 571 1024 631 vel
1088 572 1530 650 primumpilum
1593 575 1989 651 perscriptum
2035 574 2134 634 vel
2180 571 2428 634 formam
2474 573 2734 651 aliquam

495 672 997 752 compendiosam,
1029 678 1095 734 ut
1131 693 1223 752 „p.
1245 673 1362 752 p.“,
1394 674 1735 754 „primipil“
1767 681 1880 737 etc.
1904 675 2143 755 habent,
2174 677 2449 737 nimirum
2470 677 2737 753 exceptis

492 776 609 836 illis
655 776 1087 855 monumentis,
1146 796 1302 854 quae
1367 777 1646 856 primipili
1709 778 2194 858 centurionibus,
2253 778 2390 839 dum
2456 778 2738 839 centuriis

492 883 832 958 praeerant,
877 879 1072 958 posita
1115 897 1244 941 esse
1289 885 1557 959 apparet.

1099 1129 1206 1196 De
1252 1128 1505 1197 ordIne
1553 1129 2138 1213 prImipilarium.

668 1288 950 1350 Ordinem
1017 1290 1200 1350 fnisse
1259 1290 1713 1369 primipilarium
1791 1292 1971 1352 certis
2040 1292 2459 1368 imperatorum
2526 1289 2741 1350 edictis

497 1391 814 1451 constitum
863 1396 923 1452 et
966 1411 1002 1451 a
1039 1393 1406 1469 reliquorum
1452 1394 1872 1454 centurionum
1918 1394 2297 1455 emeritorum
2345 1411 2592 1453 numero
2624 1391 2740 1452 dis·

487 1495 766 1572 junctum
831 1494 1237 1572 compluribus
1291 1497 1651 1574 scriptorum
1709 1497 1852 1557 locis
1897 1498 2342 1575 comprobatur:
2415 1497 2559 1556 Tac.
2603 1514 2742 1555 ann.

494 1596 572 1655 11.
621 1601 717 1656 11.
768 1614 841 1667 „e
887 1615 1135 1657 numero
1182 1598 1638 1675 primipilarium
1686 1597 2035 1677 Aemilius“,
2077 1600 2177 1659 lv.
2221 1603 2297 1659 72
2346 1596 2677 1670 „Olennius
2707 1615 2742 1656 e

496 1697 998 1777 primipilaribus“
1062 1699 1195 1759 hist.
1242 1700 1346 1759 111.
1397 1705 1497 1762 ¹70.
1585 1700 1827 1761 Sueton.
1874 1701 2140 1777 Caligula
2185 1704 2298 1763 38:
2350 1702 2744 1773 „testamenta

498 1800 955 1878 primipilarium
990 1806 1053 1861 ut
1082 1802 1322 1880 ingrata
1352 1801 1654 1863 rescidit“.
1706 1791 1944 1880 Fragm.
1982 1804 2163 1863 Vatic.
2208 1803 2281 1862 de
2325 1801 2742 1863 donationibus

503 1908 656 1964 141:
701 1904 1179 1982 Primipilaribus
1226 1907 1301 1990 ob
1333 1904 1393 1965 id
1424 1906 1640 1983 ipsum,
1684 1905 1845 1983 quod
1879 1906 2274 1984 primipilares
2302 1908 2459 1975 sunt,
2504 1902 2741 1964 vacatio

498 2024 534 2064 a
579 2006 781 2065 tutelis
828 2025 863 2063 a
907 2005 1062 2066 Divo
1110 2006 1418 2067 Hadriano
1466 2007 1596 2068 dari
1640 2009 1856 2084 coepit.
1903 2008 2085 2067 multa
2128 2008 2261 2067 alia.

670 2125 847 2184 Hunc
909 2126 1174 2186 ordinem
1233 2128 1608 2205 potissimum
1692 2128 1922 2188 civilem
2001 2126 2182 2187 fuisse
2260 2126 2575 2186 verisimile
2634 2127 2743 2201 est,

499 2232 698 2287 tamen
761 2232 850 2287 est
908 2221 1071 2305 quod
1131 2247 1262 2288 eum
1328 2229 1404 2290 ad
1469 2223 1850 2291 numerorum
1915 2230 2253 2289 militarium
2299 2226 2739 2289 similitudinem

501 2327 932 2389 conformatum
981 2348 1114 2391 esse
1160 2332 1519 2392 existimem:
1565 2331 1961 2392 Centuriones
2007 2333 2180 2408 enim,
2226 2336 2292 2390 ut
2331 2329 2488 2390 infra
2518 2327 2744 2388 videbi-

500 2449 662 2508 mus,
726 2451 843 2492 non
905 2452 1041 2492 raro
1100 2452 1284 2510 supra
1347 2435 1774 2513 primipilatum
1842 2434 1918 2494 ad
1976 2435 2210 2494 militias
2254 2438 2563 2511 equestres
2606 2450 2744 2509 pro·

499 2534 915 2612 vehebantur,
965 2535 1115 2595 tales
1160 2537 1560 2615 primipilares
1605 2542 1800 2597 autem
1850 2556 1968 2597 non
2014 2539 2211 2598 statim
2258 2556 2331 2596 ex
2378 2534 2742 2613 primipilatu

501 2638 559 2696 in
608 2638 927 2714 municipia
979 2637 1281 2715 digressos
1327 2640 1451 2712 sed,
1498 2640 1636 2699 dum
1687 2640 1761 2700 ab
1810 2639 2272 2718 imperatoribus
2320 2637 2488 2699 novis
2533 2635 2744 2697 officiis

501 2737 991 2817 praeficerentur,
1056 2742 1295 2801 vinculo
1351 2741 1609 2824 quodam
1677 2740 1975 2801 communi
2042 2743 2200 2803 inter
2265 2758 2330 2800 se
2392 2740 2745 2817 conjunctos

503 2840 662 2918 apud
729 2842 1053 2901 exercitum
1116 2842 1333 2921 fuisse,
1406 2862 1438 2904 e
1493 2844 1579 2902 rei
1624 2845 1811 2922 ipsius
1853 2848 2068 2904 natura
2112 2843 2397 2913 efficitur3
2464 2861 2601 2902 nam
2642 2842 2745 2900 im-

503 2949 811 3021 peratores
871 2947 917 3005 si
982 2964 1157 3022 quem
1223 2947 1647 3025 primipilarem
1704 2947 1882 3006 altius
1943 2964 2297 3023 promovere
2360 2945 2611 3022 vellent,
2670 2962 2746 3003 ex

507 3047 829 3123 municipio
876 3066 1009 3107 eum
1054 3050 1431 3109 arcessivisse
1477 3050 1719 3110 omniuo
1752 3047 1912 3109 credi
1945 3068 2063 3109 nou
2097 3051 2311 3126 potest.
2385 3048 2516 3107 Hoc
2547 3050 2744 3106 autem

503 3151 793 3225 temporis
853 3152 1141 3228 spatium,
1201 3152 1362 3228 quod
1420 3153 1581 3212 inter
1644 3152 2064 3228 primipilatum
2112 3155 2172 3211 et
2215 3151 2489 3226 superius
2534 3166 2749 3209 munus

506 3252 885 3329 interjectum
933 3257 1091 3325 erat,
1153 3254 1392 3330 longum
1440 3272 1573 3314 esse
1622 3255 1842 3332 potuit,
1903 3272 2036 3313 cum
2084 3272 2202 3313 non
2249 3252 2488 3330 saepius
2531 3251 2608 3311 ad
2655 3269 2746 3312 or·

507 3354 738 3413 (linaria
812 3374 1058 3415 munera
1132 3358 1434 3432 equestria
1518 3375 1694 3433 quam
1777 3355 1853 3415 ad
1923 3354 2424 3425 extraordinaria,
2498 3355 2748 3413 maxime
2815 3380 2820 3383 ’

507 3453 840 3516 castrorum
901 3457 1341 3534 praefecturam
1409 3457 1663 3536 provehi
1720 3458 2009 3528 solerent,
2069 3476 2268 3535 neque
2311 3458 2458 3516 talia
2501 3473 2750 3515 munera

506 3560 665 3618 omni
726 3542 993 3637 tempore
1050 3578 1299 3621 vacasse
1361 3560 1681 3621 verisimile
1742 3561 1832 3620 sit.
1920 3591 2007 3601 —
2096 3560 2288 3635 Quam
2349 3559 2426 3618 ob
2469 3575 2592 3617 rem
2640 3558 2750 3617 hos

506 3661 906 3739 primipilares
967 3663 1407 3740 quodammodo
1465 3665 1525 3723 in
1581 3663 1889 3723 cohortem
1951 3664 2048 3723 vel
2094 3679 2435 3736 numerum,
2498 3662 2601 3738 qui
2646 3660 2749 3719 im-

508 3769 842 3842 peratorem
889 3766 1016 3826 sive
1062 3767 1317 3826 vicarios
1365 3767 1496 3843 ejus
1540 3765 1645 3842 qui
1692 3765 2052 3825 exercitibus
2096 3767 2449 3841 praeerant,
2508 3780 2751 3839 quoque

508 3886 719 3927 versus
774 3868 1166 3930 comitabatur
1227 3874 1467 3930 coactos
1512 3868 1699 3929 fuisse
1744 3872 1890 3946 puto
1910 3866 1985 3945 ⁹);
2044 3868 2161 3928 hoc
2210 3868 2292 3927 ita
2346 3885 2409 3927 se
2455 3865 2755 3941 habuisse,

677 4103 723 4165 ⁹)
757 4098 874 4156 fere
911 4105 976 4154 ut
1010 4099 1212 4156 cohors
1248 4101 1549 4155 amicorum
1588 4100 1680 4155 vel
1716 4099 2007 4167 comitum,
2054 4099 2150 4168 qui
2197 4114 2321 4152 cum
2358 4096 2515 4151 firma
2548 4093 2753 4151 consti-

508 4184 728 4240 tutione
763 4192 1032 4254 carerent,
1069 4191 1250 4240 tamen
1286 4186 1343 4238 in
1383 4192 1583 4239 senatu
1625 4184 2061 4239 nominabantur
2094 4189 2154 4239 et
2189 4182 2529 4251 reipublicae
2564 4195 2748 4248 sump-

511 4268 661 4325 tibus
698 4270 1005 4339 alebantur,
1041 4272 1099 4326 in
1137 4270 1336 4326 castris
1372 4286 1595 4340 quoque
1631 4270 1920 4340 proprium
1959 4270 2142 4325 locum
2178 4267 2472 4323 habebant.
2520 4264 2750 4337 (Hygin.
