3166 4871
618 287 738 349 136
1609 279 1874 337 zacher

615 460 1088 537 patronymicam
1133 459 1210 519 ab
1255 476 1327 519 eo
1372 457 1625 520 formam
1671 458 1998 519 derivatam
2043 475 2345 534 nusquam
2397 460 2641 533 praeter
2696 456 2867 516 hune

614 564 805 640 ipsum
853 561 1116 639 titulum,
1173 561 1248 621 de
1309 579 1431 637 quo
1475 560 1813 691 ambigitur.
1901 559 2301 634 Quamobrem
2344 558 2711 636 Rhaugabeo
2757 576 2867 635 po-

613 665 732 725 tius
777 664 1082 724 assentior.

783 764 975 825 Multo
1021 765 1263 843 saepius
1306 782 1343 824 a
1385 764 1652 825 virorum
1708 765 2045 825 nominibus
2097 765 2359 843 propriis
2411 763 2473 823 in
2519 781 2595 833 ας
2639 763 2740 822 vel
2784 780 2865 841 ης

613 869 884 928 derivata
925 868 1199 927 invenias
1240 868 1302 926 in
1348 882 1482 937 ειος
1525 867 1892 927 desinentia:
1937 851 2457 947 Άναξαγόρειος,
2511 849 2865 943 Ἀντιγενί-

614 965 818 1041 dung,
863 955 1257 1046 Άπέλλειος,
1300 961 1721 1047 Βρασίδειος,
1771 963 2142 1048 Γοργίειος,
2189 958 2582 1048 Δημάδειος,
2626 955 2864 1045 Διαγό-

613 1088 820 1151 ρειος,
880 1055 1380 1149 Ἑπιμενίδειος,
1423 1057 1916 1149 ςΕρμαγόραος,
1975 1055 2429 1150 Εὐριπίδειος,
2489 1063 2865 1138 Κλεινίεως

613 1177 899 1234 sexcenta
944 1173 1089 1250 alia,
1149 1192 1306 1250 quae
1350 1192 1705 1234 enumerare
1753 1193 1871 1235 non
1918 1192 2073 1250 opus
2117 1179 2225 1234 est.
2313 1172 2583 1248 Quorum
2628 1171 2864 1232 deriva-

615 1283 809 1337 torum
879 1294 1223 1354 quanquam
1290 1276 1581 1353 pleraque
1648 1275 1810 1353 apud
1874 1279 2149 1353 posteros
2223 1275 2459 1335 demum
2533 1275 2865 1350 scriptores

615 1379 1016 1455 inveniuntur,
1058 1382 1258 1438 tamen
1289 1378 1653 1439 vetustiores
1682 1379 1755 1438 iis
1786 1397 1905 1439 non
1936 1379 2374 1455 abstinuerunt,
2404 1380 2465 1437 et
2497 1378 2611 1451 iam
2644 1376 2866 1435 Home·

614 1499 716 1540 rus
759 1480 940 1540 habet
990 1469 1294 1550 Μινύειος
1338 1499 1375 1540 a
1419 1469 1688 1540 Μινύαι.

799 1719 867 1774 b.
913 1717 1210 1774 Nomina
1250 1718 1324 1774 in
1368 1735 1513 1789 αιος
1558 1737 1601 1776 α
1645 1718 1995 1776 femininis
2036 1718 2110 1774 ln
2154 1736 2215 1791 a,
2260 1735 2301 1797 η
2347 1717 2672 1774 derivata.

780 1882 889 1955 47.
943 1873 1311 1967 ἀγελαῖος
1353 1890 1527 1950 Hom.
1572 1890 1694 1950 Att.
1739 1874 2287 1967 ἀγελαιο-τροφία)
2329 1875 2680 1966 -τροφικός
2709 1887 2867 1947 Plat.

783 1974 1107 2071 ἀγραῑος
1162 1992 1472 2053 venaticus
1517 1991 1671 2071 Opp.
1717 1976 2064 2051 Ἁπόλλων
2111 1975 2384 2069 ἀγραῑος
2427 1990 2605 2051 Paus.
2650 1975 2868 2067 Ἄρτε-

609 2110 717 2171 μις
759 2077 1000 2172 ἀγραία
1043 2094 1195 2153 Plat-

784 2178 1165 2275 ἀγοραῖος
1207 2195 1350 2256 Hdt.
1396 2195 1518 2257 Att.
1562 2195 1695 2257 OIA
1724 2192 1824 2255 23.

782 2281 1151 2375 ἀγυιατος
1195 2298 1374 2374 Soph.
1418 2298 1492 2358 fr.
1537 2294 1656 2355 211
1706 2297 1886 2358 Dind.

783 2385 1163 2471 ἀελλατος
1207 2400 1387 2478 Soph.

783 2486 1078 2582 ἀκραία
1120 2504 1371 2564 Iunonis
1414 2507 1475 2563 et
1517 2504 1772 2564 Veneris
1816 2523 2147 2581 cognomen
2191 2504 2350 2583 apud
2396 2504 2540 2563 Eur.
2578 2508 2638 2563 et
2680 2503 2867 2562 Paus.

611 2603 920 2681 Significat
985 2623 1115 2665 eam
1177 2623 1331 2681 quae
1383 2606 1443 2665 in
1503 2608 1748 2666 summis
1805 2607 2104 2667 montibus
2163 2599 2262 2680 (ἐν
2316 2592 2573 2686 ἄκραις)
2629 2605 2865 2665 habitat

611 2708 710 2766 vel
741 2708 975 2767 colitur.
1049 2707 1367 2768 Diversum
1401 2714 1493 2768 est
1523 2691 1801 2787 ἀκραῑος
1828 2728 1940 2786 pro
1971 2693 2176 2789 ἀκρός
2216 2728 2313 2786 ap.
2343 2708 2581 2787 Galen.;
2612 2727 2667 2768 v.
2697 2702 2861 2778 §68.

610 2838 698 2849 —-
739 2795 1230 2889 ὑποάκραιος
1273 2811 1455 2870 inser.
1499 2811 1561 2869 in
1605 2810 1817 2872 Philol.
1861 2813 2024 2892 vm,
2066 2832 2125 2890 p.
2161 2808 2299 2871 170.

783 2894 1017 2971 ἀκταϊ
1027 2928 1109 2982 ος
1154 2912 1315 2988 apud
1360 2917 1598 2973 veteres
1640 2913 1876 2975 Atticos
1920 2932 2042 2975 non
2088 2915 2305 2976 dicitur
2349 2916 2463 2976 nisi
2508 2914 2584 2975 de
2614 2914 2856 2992 oppidis

615 3014 874 3075 Aeolicis
919 3014 1290 3075 exadversus
1332 3015 1587 3076 insulam
1620 3016 1878 3077 Lesbum
1922 3018 2150 3096 positis,
2193 3008 2261 3076 αἱ
2306 3001 2575 3077 ἀκταῑαι
2618 3005 2855 3086 πόλεις

610 3117 801 3177 Thuc.
833 3114 901 3196 4,
946 3114 1044 3177 52.
1105 3117 1238 3178 CIA
1269 3113 1345 3175 37
1395 3117 1475 3177 z“
1527 3115 1619 3178 12.
1706 3120 2077 3180 Posteriores
2136 3124 2348 3197 poetae
2410 3120 2701 3181 vocabulo
2761 3120 2853 3180 usi

610 3222 751 3280 sunt
810 3223 933 3280 tum
995 3238 1106 3298 pro
1170 3209 1491 3290 ἑπάκτιος
1552 3225 1678 3281 tum
1742 3239 1850 3298 pro
1896 3206 2214 3296 Αττικός,
2278 3226 2339 3283 et
2400 3206 2680 3281 ἀκταία
2737 3239 2852 3298 pro

613 3304 797 3399 ἀκτή,
839 3322 876 3381 i.
907 3339 958 3381 e.
979 3302 1279 3402 Αττική.
1355 3322 1505 3383 Lob.
1534 3324 1726 3400 paral.
1754 3343 1812 3401 p.
1834 3320 1977 3384 302.
2050 3326 2375 3386 Pausanias
2404 3325 2642 3404 quidem
2673 3323 2859 3383 tradit

625 3421 670 3499 Ι,
714 3418 771 3500 2,
816 3419 873 3499 6,
932 3423 1165 3484 Atticae
1225 3429 1366 3485 ante
1412 3425 1709 3486 Cranaum
1770 3445 1982 3487 nomen
2027 3426 2210 3488 fuisse
2254 3411 2573 3488 Ακταίαν.
2660 3428 2851 3487 Unam

614 3542 646 3584 e
677 3526 983 3585 veteribus
1028 3526 1231 3602 phylis
1262 3527 1570 3605 Cecropiis
1615 3528 1674 3588 id
1720 3547 1936 3589 nomen
1982 3529 2263 3591 habuisse
2293 3531 2540 3591 tradunt
2569 3529 2855 3607 Apollod.

614 3644 708 3702 ap.
737 3627 940 3704 Steph.
984 3630 1131 3703 Byz.
1175 3633 1236 3689 et
1279 3630 1429 3689 Poll.
1475 3661 1559 3669 —
1602 3620 2062 3705 ἐπάκταιος,
2107 3622 2613 3712 παράκταιος
2657 3631 2813 3710 Opp.

782 3713 1073 3788 ἀκταία
1118 3731 1446 3792 vocabatur
1488 3734 1676 3794 vestis
1721 3734 2045 3812 quaedam,
2090 3719 2258 3816 ὅπερ
2304 3727 2443 3794 ἐστὶ
2487 3729 2604 3794 καὶ
2643 3732 2856 3795 πολυ-

612 3826 1013 3892 τελέστατον
1070 3825 1146 3891 ἐν
1200 3841 1342 3905 τοῖς
1387 3831 1743 3915 Περσικοῖς
1786 3826 2261 3917 περιβλήμασι·
2323 3830 2464 3898 ἔστι
2520 3832 2593 3898 δὲ
2644 3835 2854 3897 τοῦτο

614 3925 973 4014 σπαθητὸν
1038 3925 1267 4013 ἰσχύος
1330 3930 1444 3995 καὶ
1509 3927 1931 4018 κουφότητος
1997 3929 2227 4018 χάριν·
2301 3935 2857 4001 καταπέπλασται

623 4031 1162 4110 [καταπέπασται
1207 4037 1507 4116 Sehwgh.]
1558 4034 1629 4099 δὲ
1670 4047 1944 4119 χρυσοῖς
1988 4037 2319 4122 κέγχροις·
2367 4033 2432 4101 οἱ
2477 4037 2549 4103 δὲ
2592 4037 2854 4122 κέγχροι

615 4127 859 4217 νήματι
903 4137 1240 4220 πορφυρῷ
1281 4130 1532 4211 πάντες
1577 4135 1669 4213 εἷς
1699 4132 1828 4222 τὴν
1858 4136 2017 4203 εἴσω
2045 4150 2291 4224 μοῖραν
2322 4130 2560 4224 ἅμματ’
2589 4136 2860 4224 ἔχουσιν

639 4224 742 4300 ’νᾶ
799 4235 1022 4319 μέσον.
1113 4244 1390 4304 Democr.
1451 4244 1670 4321 Ephes.
1716 4246 1745 4304 1
1808 4245 1882 4306 de
1926 4248 2148 4323 templo
2193 4248 2442 4327 Riphea„
2499 4269 2594 4326 ap.
2638 4250 2861 4310 Athen.
