3166 4871
535 325 658 385 366

1441 493 1504 565 R
1525 517 1565 566 e
1583 492 1676 587 gi
1700 517 1740 560 o
1834 493 1883 565 Ι.

1568 645 1768 710 Ostia

534 772 768 830 colonia
830 771 1119 829 maritima
1182 770 1324 834 suit:
1405 788 1600 845 neque
1664 770 1994 827 mirandum
2063 775 2152 828 est
2217 771 2290 828 ob
2354 789 2480 827 enm
2546 787 2783 828 causam

535 875 591 931 in
636 873 824 931 titulis
864 874 1279 948 imperatoriae
1323 874 1534 928 aetatis
1566 870 1771 930 Ostiae
1817 874 2068 947 repertis
2114 873 2376 930 invenire
2435 875 2785 946 „patronum

536 975 865 1051 coloniac“,
938 974 1266 1043 „coloniam
1324 973 1698 1033 Ostiensem“
1771 975 1888 1030 alia
1948 973 2211 1032 eiusdem
2276 974 2358 1031 rei
2417 974 2788 1031 documenta.

537 1077 689 1135 Vide
729 1077 931 1135 titulos
969 1076 1156 1133 wilm.
1190 1095 1246 1133 n.
1289 1079 1468 1150 1720,
1523 1080 1704 1148 1721,
1755 1080 1932 1144 1733,
1993 1080 2170 1148 1749,
2226 1079 2405 1134 1723.
2457 1106 2532 1113 -
2580 1077 2789 1150 Causa,

537 1196 644 1237 eur
691 1180 845 1236 hanc
891 1178 1180 1236 coloniam
1237 1178 1508 1235 deductis
1555 1178 1630 1235 ab
1678 1177 1953 1250 Augusto
2000 1178 2349 1252 tribuamus,
2398 1196 2514 1236 non
2561 1181 2770 1235 exstat.

1519 1341 1811 1405 Antium

540 1450 652 1510 suit
727 1450 958 1509 colonia
1023 1452 1321 1508 maritima
1380 1452 1492 1508 iam
1558 1469 1608 1507 a.
1658 1470 1712 1508 u.
1759 1471 1804 1507 c.
1863 1456 1985 1510 416
2051 1452 2310 1509 deducta
2372 1457 2431 1508 et
2482 1469 2518 1508 a
2578 1451 2789 1509 Tacito

537 1553 607 1611 A.
646 1557 735 1612 15.
771 1557 850 1612 23
905 1557 963 1611 et
1011 1572 1047 1610 a
1077 1551 1360 1610 Suetonio
1409 1571 1463 1610 v,
1510 1554 1713 1611 Neron
1761 1571 1808 1610 c.
1857 1557 1894 1612 9
1944 1557 2002 1611 et
2046 1554 2101 1611 in
2152 1553 2339 1611 titulis
2385 1551 2482 1613 Or.
2520 1571 2574 1610 n.
2607 1555 2792 1627 3180,

546 1658 693 1714 Mur.
740 1659 921 1730 1100,
956 1657 991 1712 5
1041 1656 1275 1713 colonia
1326 1665 1720 1730 nuncupatur.
1783 1655 1991 1730 Itaque
2023 1656 2114 1712 ins
2146 1656 2413 1714 coloniae
2444 1657 2503 1713 in
2537 1661 2790 1714 aetatem

542 1757 982 1834 imperatoriam
1030 1756 1306 1815 servavit.
1397 1757 1600 1832 Atque
1647 1757 1721 1814 ob
1768 1775 1893 1814 eam
1943 1777 2201 1832 causam,
2247 1776 2377 1815 cum
2426 1758 2609 1834 Nem,
2652 1758 2794 1834 quia

542 1860 783 1918 Antium
831 1859 1066 1917 colonia
1112 1858 1281 1916 matri
1330 1859 1655 1935 puerperio
1706 1860 1871 1918 locus
1919 1859 2152 1928 fuisset,
2200 1878 2307 1918 suo
2353 1858 2591 1918 nomine
2639 1861 2794 1917 hanc

542 1960 831 2020 coloniam
879 1979 1092 2019 rursus
1139 1959 1488 2030 deduceret,
1551 1960 1799 2019 Tacitus
1849 1962 1917 2020 A.
1953 1966 2048 2020 14.
2084 1965 2159 2021 27
2213 1967 2270 2019 et
2314 1961 2632 2021 Suetonius
2679 1961 2713 2017 Ι.
2758 1961 2796 2020 Ι.

542 2062 617 2122 de
652 2063 762 2121 hac
794 2081 857 2122 re
898 2062 1052 2121 idem
1086 2062 1436 2136 referentes,
1485 2069 1797 2122 veteranos
1833 2083 1950 2123 non
1986 2064 2292 2139 deductos,
2324 2063 2426 2122 scd
2460 2064 2795 2141 adscriptos

541 2183 673 2224 esse
736 2165 960 2223 dicunt.
1077 2166 1286 2239 Itaque
1351 2165 1641 2241 oppidani
1708 2185 1825 2224 non
1889 2166 2120 2240 expulsi
2188 2170 2361 2240 sunt,
2440 2165 2543 2223 sed
2601 2164 2791 2224 solum

545 2268 736 2328 coacti
800 2285 987 2327 novos
1047 2269 1291 2326 colonos
1359 2269 1418 2325 in
1468 2268 1765 2327 civitatem
1829 2268 2137 2344 recipcre,
2198 2268 2356 2343 quod
2420 2274 2480 2327 et
2538 2268 2794 2345 Augusti

546 2371 914 2448 temporibus
976 2388 1155 2448 saepe
1216 2370 1432 2428 factum
1481 2377 1587 2430 est.
1633 2401 1707 2410 —
1780 2371 1955 2443 Quod
2021 2371 2233 2430 Strabo
2281 2375 2337 2446 5,
2384 2375 2439 2431 3.
2487 2374 2522 2430 5
2587 2372 2795 2429 affert:

544 2462 890 2546 „Uim-tor)
944 2465 1095 2530 νυνὶ
1147 2467 1271 2548 μὲν
1319 2452 1446 2530 οὖν
1498 2457 1755 2530 ἀνεῖται
1814 2479 1959 2541 τοῖς
2020 2461 2331 2549 ᾑγιμόσιν
2395 2466 2486 2544 εἰς
2545 2463 2795 2549 σχολὴν

536 2571 650 2633 καὶ
709 2563 938 2633 ἄνεσιν
995 2573 1136 2633 τῶν
1182 2573 1576 2643 πολιτικῶν,
1651 2563 1762 2633 ὅτε
1845 2566 2116 2649 λάβοιεν
2189 2562 2428 2652 καιρὸν
2503 2570 2614 2633 καὶ
2686 2563 2798 2633 διὰ

536 2676 740 2736 τοῦτο
810 2666 1407 2755 κατῳκοδόμηνται
1465 2676 1859 2746 πολυτελεῖς
1922 2667 2210 2755 οἰκήσεις
2282 2671 2357 2735 ἐν
2431 2675 2512 2753 τῇ
2574 2667 2795 2750 πόλει,

536 2774 766 2856 συχναὶ
813 2764 982 2857 πρὸς
1027 2764 1143 2848 τὰς
1188 2769 1503 2847 τοιαύτας
1548 2770 1898 2858 ἐπιδημίας
1926 2780 1948 2804 “
2016 2781 2072 2837 id
2119 2781 2194 2838 ad
2243 2780 2647 2839 condicionem
2680 2781 2794 2839 rei-

538 2883 821 2959 publicae
869 2883 1342 2958 cognoscendam
1395 2883 1540 2941 nihii
1583 2884 1774 2941 affert.

1468 3047 1872 3112 Minturnae

544 3155 656 3214 fuit
702 3155 940 3214 colonia
988 3156 1308 3231 maritima3
1368 3174 1564 3231 neque
1615 3157 1942 3214 mirandum
1991 3164 2082 3215 est
2121 3156 2272 3227 ideo,
2321 3158 2478 3232 quod
2515 3158 2571 3215 in
2605 3158 2796 3215 titulis

537 3258 827 3316 Hadriani
879 3259 1163 3334 temporis
1211 3259 1248 3314 Ι.
1296 3259 1371 3316 N.
1418 3278 1472 3315 n.
1518 3262 1704 3331 4059,
1750 3262 1926 3317 4060
1976 3259 2206 3316 colonia
2256 3263 2650 3334 nuncupatur.
2708 3288 2796 3298 —

538 3359 711 3431 Quod
758 3359 1036 3435 Hyginus
1095 3359 1280 3417 refert
1322 3379 1376 3437 p.
1431 3363 1549 3419 178
1623 3359 1696 3418 de
1744 3361 1996 3433 Augusti
2054 3360 2514 3418 deductionibus
2562 3361 2795 3419 dicens:

544 3462 736 3532 „sieut
794 3461 853 3518 in
915 3461 1239 3536 Compania
1280 3458 1503 3535 [finibus
1570 3463 2066 3521 Minturnensium
2143 3481 2398 3538 quorum
2477 3482 2632 3522 nova
2692 3462 2794 3520 ad·

537 3564 789 3639 signatio
849 3568 1016 3623 trans
1075 3564 1320 3623 fluvium
1381 3565 1566 3623 Lirim
1627 3566 1919 3624 limitibus
1966 3567 2345 3625 continetur:
2414 3566 2563 3624 citra
2609 3565 2792 3623 Lirim

536 3671 743 3742 postea
804 3664 1186 3742 adsignatum
1249 3686 1356 3743 per
1403 3666 1812 3744 professiones
1862 3672 2127 3725 veterum
2177 3685 2624 3744 possessorum,
2691 3668 2795 3726 nbi

538 3770 649 3827 iam
710 3773 1181 3846 opportunarum
1243 3769 1444 3828 finium
1512 3771 1984 3828 commutatione
2044 3770 2265 3827 relictis
2327 3772 2550 3845 primae
2597 3769 2793 3843 adsig-

538 3872 739 3930 nation
801 3871 1069 3931 terminis
1132 3889 1291 3930 more
1348 3870 1616 3930 arcifinio
1679 3870 2062 3947 possidetur“
2133 3892 2251 3931 non
2311 3877 2539 3931 tantum
2589 3871 2794 3932 valere

538 3973 673 4031 mihi
719 3972 971 4044 videtur,
1021 3979 1083 4033 ut
1128 3975 1283 4033 inter
1326 3971 1552 4051 oppida
1596 3974 1669 4032 ab
1705 3974 1979 4049 Augusto
2027 3973 2288 4032 dedueta
2336 3972 2796 4048 duodetriginta

532 4080 966 4135 numeraretur.

709 4293 753 4358 ¹)
786 4286 855 4342 cf.
893 4289 961 4342 de
998 4291 1100 4343 col.
1138 4291 1312 4344 mal-it.
1352 4290 1558 4359 Marqu.
1598 4290 1799 4346 enchir.
1841 4296 1870 4345 4
1910 4309 1962 4360 p.
2008 4297 2093 4346 38.
