<?xml version="1.0" encoding="UTF-8"?>
<!DOCTYPE html PUBLIC "-//W3C//DTD XHTML 1.0 Transitional//EN"
    "http://www.w3.org/TR/xhtml1/DTD/xhtml1-transitional.dtd">
<html xmlns="http://www.w3.org/1999/xhtml" xml:lang="en" lang="en">
 <head>
  <title>
</title>
<meta http-equiv="Content-Type" content="text/html;charset=utf-8" />
  <meta name='ocr-system' content='tesseract 3.04.00' />
  <meta name='ocr-capabilities' content='ocr_page ocr_carea ocr_par ocr_line ocrx_word'/>
</head>
<body>
  <div class='ocr_page' id='page_1' title='image "./dissertationesp00hallgoog_0342.png"; bbox 0 0 3166 4871; ppageno 0'>
   <div class='ocr_carea' id='block_1_1' title="bbox 483 281 606 342">
    <p class='ocr_par' dir='ltr' id='par_1_1' title="bbox 483 281 606 342">
     <span class='ocr_line' id='line_1_1' title="bbox 483 281 606 342; baseline 0.008 -1"><span class='ocrx_word' id='word_1_1' title='bbox 483 281 606 342; x_wconf 73' lang='lat'><strong>316</strong></span> 
     </span>
    </p>
   </div>
   <div class='ocr_carea' id='block_1_2' title="bbox 458 442 2742 3820">
    <p class='ocr_par' dir='ltr' id='par_1_2' title="bbox 458 442 2742 3820">
     <span class='ocr_line' id='line_1_2' title="bbox 482 442 2736 535; baseline 0 -22"><span class='ocrx_word' id='word_1_2' title='bbox 482 444 563 513; x_wconf 80' lang='grc' dir='ltr'><strong>τὸ</strong></span> <span class='ocrx_word' id='word_1_3' title='bbox 591 442 841 533; x_wconf 72' lang='grc' dir='ltr'><strong><em>μιαρόν</em></strong></span> <span class='ocrx_word' id='word_1_4' title='bbox 868 472 986 516; x_wconf 90' lang='lat' dir='ltr'><strong>non</strong></span> <span class='ocrx_word' id='word_1_5' title='bbox 1020 471 1269 532; x_wconf 82' lang='lat' dir='ltr'><strong>prorsus</strong></span> <span class='ocrx_word' id='word_1_6' title='bbox 1301 456 1666 515; x_wconf 82' lang='lat' dir='ltr'><strong>contrarium</strong></span> <span class='ocrx_word' id='word_1_7' title='bbox 1713 472 1848 518; x_wconf 90' lang='lat' dir='ltr'><strong>esse</strong></span> <span class='ocrx_word' id='word_1_8' title='bbox 1889 457 2141 534; x_wconf 84' lang='lat' dir='ltr'><strong>tragico,</strong></span> <span class='ocrx_word' id='word_1_9' title='bbox 2184 455 2290 516; x_wconf 83' lang='lat' dir='ltr'><strong>sed</strong></span> <span class='ocrx_word' id='word_1_10' title='bbox 2335 445 2736 535; x_wconf 76' lang='grc' dir='ltr'><strong><em>υπερβολήν,</em></strong></span> 
     </span>
     <span class='ocr_line' id='line_1_3' title="bbox 483 556 2734 638; baseline 0 -21"><span class='ocrx_word' id='word_1_11' title='bbox 483 575 679 635; x_wconf 88' lang='lat' dir='ltr'><strong>neque</strong></span> <span class='ocrx_word' id='word_1_12' title='bbox 725 558 828 635; x_wconf 88' lang='lat' dir='ltr'><strong>qui</strong></span> <span class='ocrx_word' id='word_1_13' title='bbox 868 557 1013 618; x_wconf 87' lang='lat' dir='ltr'><strong>talia</strong></span> <span class='ocrx_word' id='word_1_14' title='bbox 1057 561 1409 636; x_wconf 88' lang='lat' dir='ltr'><strong>perpetrant</strong></span> <span class='ocrx_word' id='word_1_15' title='bbox 1452 560 1558 618; x_wconf 89' lang='lat' dir='ltr'><strong>aut</strong></span> <span class='ocrx_word' id='word_1_16' title='bbox 1601 558 1950 638; x_wconf 86' lang='lat' dir='ltr'><strong>instituunt,</strong></span> <span class='ocrx_word' id='word_1_17' title='bbox 1993 556 2265 619; x_wconf 78' lang='lat' dir='ltr'><strong>Orestem</strong></span> <span class='ocrx_word' id='word_1_18' title='bbox 2313 559 2734 620; x_wconf 76' lang='lat' dir='ltr'><strong>Alcmaeonem</strong></span> 
     </span>
     <span class='ocr_line' id='line_1_4' title="bbox 481 659 2736 738; baseline -0 -16"><span class='ocrx_word' id='word_1_19' title='bbox 481 659 751 722; x_wconf 77' lang='lat' dir='ltr'><strong>Medeam</strong></span> <span class='ocrx_word' id='word_1_20' title='bbox 796 660 1190 738; x_wconf 86' lang='lat' dir='ltr'><strong>Haemonem,</strong></span> <span class='ocrx_word' id='word_1_21' title='bbox 1256 661 1542 722; x_wconf 86' lang='lat' dir='ltr'><strong>scelestos</strong></span> <span class='ocrx_word' id='word_1_22' title='bbox 1598 662 1784 738; x_wconf 88' lang='lat' dir='ltr'><strong>atque</strong></span> <span class='ocrx_word' id='word_1_23' title='bbox 1829 661 2214 722; x_wconf 81' lang='lat' dir='ltr'><strong>detestabiles</strong></span> <span class='ocrx_word' id='word_1_24' title='bbox 2257 660 2529 722; x_wconf 81' lang='lat' dir='ltr'><strong>homines</strong></span> <span class='ocrx_word' id='word_1_25' title='bbox 2573 661 2736 721; x_wconf 81' lang='lat' dir='ltr'><strong>visos</strong></span> 
     </span>
     <span class='ocr_line' id='line_1_5' title="bbox 483 762 2737 840; baseline 0 -16"><span class='ocrx_word' id='word_1_26' title='bbox 483 780 614 824; x_wconf 85' lang='lat' dir='ltr'><strong>esse</strong></span> <span class='ocrx_word' id='word_1_27' title='bbox 679 762 946 824; x_wconf 76' lang='lat' dir='ltr'><strong>Graecis.</strong></span> <span class='ocrx_word' id='word_1_28' title='bbox 1052 762 1206 837; x_wconf 82' lang='lat' dir='ltr'><strong>Quis</strong></span> <span class='ocrx_word' id='word_1_29' title='bbox 1279 764 1437 824; x_wconf 87' lang='lat' dir='ltr'><strong>enim</strong></span> <span class='ocrx_word' id='word_1_30' title='bbox 1510 762 1733 839; x_wconf 81' lang='lat' dir='ltr'><strong>credat,</strong></span> <span class='ocrx_word' id='word_1_31' title='bbox 1807 764 1856 823; x_wconf 84' lang='lat' dir='ltr'><strong>si</strong></span> <span class='ocrx_word' id='word_1_32' title='bbox 1931 762 2045 824; x_wconf 86' lang='lat' dir='ltr'><strong>hoc</strong></span> <span class='ocrx_word' id='word_1_33' title='bbox 2119 763 2449 825; x_wconf 72' lang='lat' dir='ltr'><strong>sensissent</strong></span> <span class='ocrx_word' id='word_1_34' title='bbox 2502 762 2737 840; x_wconf 79' lang='lat' dir='ltr'><strong>Graeci,</strong></span> 
     </span>
     <span class='ocr_line' id='line_1_6' title="bbox 483 864 2736 944; baseline -0 -17"><span class='ocrx_word' id='word_1_35' title='bbox 483 866 694 927; x_wconf 73' lang='lat' dir='ltr'><strong>Medea</strong></span> <span class='ocrx_word' id='word_1_36' title='bbox 736 864 1042 943; x_wconf 84' lang='lat' dir='ltr'><strong>Euripidis</strong></span> <span class='ocrx_word' id='word_1_37' title='bbox 1084 870 1205 925; x_wconf 84' lang='lat' dir='ltr'><strong>tam</strong></span> <span class='ocrx_word' id='word_1_38' title='bbox 1252 865 1587 926; x_wconf 85' lang='lat' dir='ltr'><strong>delectatos</strong></span> <span class='ocrx_word' id='word_1_39' title='bbox 1633 882 1736 926; x_wconf 83' lang='lat' dir='ltr'><strong>eos</strong></span> <span class='ocrx_word' id='word_1_40' title='bbox 1779 864 2012 927; x_wconf 77' lang='lat' dir='ltr'><strong>fuisse?</strong></span> <span class='ocrx_word' id='word_1_41' title='bbox 2057 871 2239 944; x_wconf 88' lang='lat' dir='ltr'><strong>atque</strong></span> <span class='ocrx_word' id='word_1_42' title='bbox 2270 871 2480 943; x_wconf 74' lang='lat' dir='ltr'><strong>poetas</strong></span> <span class='ocrx_word' id='word_1_43' title='bbox 2510 864 2736 927; x_wconf 73' lang='lat' dir='ltr'><strong>Orestis</strong></span> 
     </span>
     <span class='ocr_line' id='line_1_7' title="bbox 482 967 2736 1047; baseline -0.001 -16"><span class='ocrx_word' id='word_1_44' title='bbox 482 973 543 1031; x_wconf 90' lang='lat' dir='ltr'><strong>et</strong></span> <span class='ocrx_word' id='word_1_45' title='bbox 586 969 866 1030; x_wconf 76' lang='lat' dir='ltr'><strong>Electrae</strong></span> <span class='ocrx_word' id='word_1_46' title='bbox 908 967 1172 1029; x_wconf 78' lang='lat' dir='ltr'><strong>fabulam</strong></span> <span class='ocrx_word' id='word_1_47' title='bbox 1220 974 1341 1027; x_wconf 87' lang='lat' dir='ltr'><strong>tam</strong></span> <span class='ocrx_word' id='word_1_48' title='bbox 1387 985 1571 1047; x_wconf 84' lang='lat' dir='ltr'><strong>saepe</strong></span> <span class='ocrx_word' id='word_1_49' title='bbox 1614 969 1954 1030; x_wconf 75' lang='lat' dir='ltr'><strong>tractasse?</strong></span> <span class='ocrx_word' id='word_1_50' title='bbox 2025 969 2228 1047; x_wconf 90' lang='lat' dir='ltr'><strong>Immo,</strong></span> <span class='ocrx_word' id='word_1_51' title='bbox 2273 968 2435 1047; x_wconf 83' lang='lat' dir='ltr'><strong>quod</strong></span> <span class='ocrx_word' id='word_1_52' title='bbox 2464 968 2736 1029; x_wconf 87' lang='lat' dir='ltr'><strong>homines</strong></span> 
     </span>
     <span class='ocr_line' id='line_1_8' title="bbox 483 1070 2734 1149; baseline 0 -18"><span class='ocrx_word' id='word_1_53' title='bbox 483 1071 751 1149; x_wconf 88' lang='lat' dir='ltr'><strong>alioquin</strong></span> <span class='ocrx_word' id='word_1_54' title='bbox 799 1089 921 1131; x_wconf 90' lang='lat' dir='ltr'><strong>non</strong></span> <span class='ocrx_word' id='word_1_55' title='bbox 964 1071 1153 1130; x_wconf 84' lang='lat' dir='ltr'><strong>malos</strong></span> <span class='ocrx_word' id='word_1_56' title='bbox 1199 1075 1319 1130; x_wconf 84' lang='lat' dir='ltr'><strong>tam</strong></span> <span class='ocrx_word' id='word_1_57' title='bbox 1367 1070 1533 1130; x_wconf 85' lang='lat' dir='ltr'><strong>fatali</strong></span> <span class='ocrx_word' id='word_1_58' title='bbox 1579 1088 1784 1131; x_wconf 90' lang='lat' dir='ltr'><strong>rerum</strong></span> <span class='ocrx_word' id='word_1_59' title='bbox 1829 1070 2179 1132; x_wconf 79' lang='lat' dir='ltr'><strong>condicione</strong></span> <span class='ocrx_word' id='word_1_60' title='bbox 2224 1070 2544 1132; x_wconf 84' lang='lat' dir='ltr'><strong>obstrictos</strong></span> <span class='ocrx_word' id='word_1_61' title='bbox 2576 1070 2734 1132; x_wconf 84' lang='lat' dir='ltr'><strong>vide·</strong></span> 
     </span>
     <span class='ocr_line' id='line_1_9' title="bbox 480 1173 2738 1253; baseline 0 -18"><span class='ocrx_word' id='word_1_62' title='bbox 480 1174 651 1253; x_wconf 86' lang='lat' dir='ltr'><strong>bant,</strong></span> <span class='ocrx_word' id='word_1_63' title='bbox 719 1177 789 1234; x_wconf 84' lang='lat' dir='ltr'><strong>ut</strong></span> <span class='ocrx_word' id='word_1_64' title='bbox 855 1174 1227 1234; x_wconf 82' lang='lat' dir='ltr'><strong>atrocissima</strong></span> <span class='ocrx_word' id='word_1_65' title='bbox 1293 1173 1564 1234; x_wconf 85' lang='lat' dir='ltr'><strong>facinora</strong></span> <span class='ocrx_word' id='word_1_66' title='bbox 1638 1175 2009 1235; x_wconf 78' lang='lat' dir='ltr'><strong>committere</strong></span> <span class='ocrx_word' id='word_1_67' title='bbox 2072 1174 2391 1251; x_wconf 79' lang='lat' dir='ltr'><strong>deberent,</strong></span> <span class='ocrx_word' id='word_1_68' title='bbox 2463 1174 2738 1251; x_wconf 82' lang='lat' dir='ltr'><strong>quamvis</strong></span> 
     </span>
     <span class='ocr_line' id='line_1_10' title="bbox 480 1274 2734 1355; baseline -0.001 -18"><span class='ocrx_word' id='word_1_69' title='bbox 480 1277 720 1355; x_wconf 85' lang='lat' dir='ltr'><strong>scirent,</strong></span> <span class='ocrx_word' id='word_1_70' title='bbox 762 1280 990 1352; x_wconf 87' lang='lat' dir='ltr'><strong>quanta</strong></span> <span class='ocrx_word' id='word_1_71' title='bbox 1034 1280 1193 1336; x_wconf 89' lang='lat' dir='ltr'><strong>esset</strong></span> <span class='ocrx_word' id='word_1_72' title='bbox 1237 1276 1415 1353; x_wconf 90' lang='lat' dir='ltr'><strong>culpa</strong></span> <span class='ocrx_word' id='word_1_73' title='bbox 1459 1281 1519 1336; x_wconf 89' lang='lat' dir='ltr'><strong>et</strong></span> <span class='ocrx_word' id='word_1_74' title='bbox 1563 1281 1790 1354; x_wconf 85' lang='lat' dir='ltr'><strong>quanta</strong></span> <span class='ocrx_word' id='word_1_75' title='bbox 1832 1295 2028 1354; x_wconf 87' lang='lat' dir='ltr'><strong>poena</strong></span> <span class='ocrx_word' id='word_1_76' title='bbox 2042 1274 2149 1355; x_wconf 76' lang='lat'><strong>⁶⁸),</strong></span> <span class='ocrx_word' id='word_1_77' title='bbox 2191 1276 2447 1337; x_wconf 87' lang='lat' dir='ltr'><strong>maxime</strong></span> <span class='ocrx_word' id='word_1_78' title='bbox 2491 1275 2734 1336; x_wconf 83' lang='lat' dir='ltr'><strong>misera-</strong></span> 
     </span>
     <span class='ocr_line' id='line_1_11' title="bbox 481 1376 2738 1458; baseline -0 -18"><span class='ocrx_word' id='word_1_79' title='bbox 481 1380 720 1440; x_wconf 82' lang='lat' dir='ltr'><strong>bantur.</strong></span> <span class='ocrx_word' id='word_1_80' title='bbox 809 1380 1116 1453; x_wconf 75' lang='lat' dir='ltr'><strong>Quaenam</strong></span> <span class='ocrx_word' id='word_1_81' title='bbox 1162 1381 1271 1457; x_wconf 37' lang='lat' dir='ltr'><strong>est·</strong></span> <span class='ocrx_word' id='word_1_82' title='bbox 1298 1379 1526 1439; x_wconf 75' lang='lat' dir='ltr'><strong>tristior</strong></span> <span class='ocrx_word' id='word_1_83' title='bbox 1564 1377 1834 1457; x_wconf 81' lang='lat' dir='ltr'><strong>fortuna,</strong></span> <span class='ocrx_word' id='word_1_84' title='bbox 1879 1396 2059 1456; x_wconf 88' lang='lat' dir='ltr'><strong>quam</strong></span> <span class='ocrx_word' id='word_1_85' title='bbox 2089 1376 2323 1439; x_wconf 83' lang='lat' dir='ltr'><strong>Orestis</strong></span> <span class='ocrx_word' id='word_1_86' title='bbox 2354 1381 2415 1439; x_wconf 82' lang='lat' dir='ltr'><strong>et</strong></span> <span class='ocrx_word' id='word_1_87' title='bbox 2443 1378 2738 1458; x_wconf 80' lang='lat' dir='ltr'><strong>Electrae,</strong></span> 
     </span>
     <span class='ocr_line' id='line_1_12' title="bbox 482 1480 2736 1560; baseline -0 -18"><span class='ocrx_word' id='word_1_88' title='bbox 482 1481 699 1560; x_wconf 85' lang='lat' dir='ltr'><strong>quibus</strong></span> <span class='ocrx_word' id='word_1_89' title='bbox 764 1488 937 1560; x_wconf 85' lang='lat' dir='ltr'><strong>patre</strong></span> <span class='ocrx_word' id='word_1_90' title='bbox 998 1482 1195 1542; x_wconf 87' lang='lat' dir='ltr'><strong>oceiso</strong></span> <span class='ocrx_word' id='word_1_91' title='bbox 1258 1480 1518 1542; x_wconf 78' lang='lat' dir='ltr'><strong>officinm</strong></span> <span class='ocrx_word' id='word_1_92' title='bbox 1581 1484 1673 1542; x_wconf 83' lang='lat' dir='ltr'><strong>eet</strong></span> <span class='ocrx_word' id='word_1_93' title='bbox 1737 1481 1994 1542; x_wconf 74' lang='lat' dir='ltr'><strong>necandi</strong></span> <span class='ocrx_word' id='word_1_94' title='bbox 2060 1485 2307 1542; x_wconf 89' lang='lat' dir='ltr'><strong>matrem</strong></span> <span class='ocrx_word' id='word_1_95' title='bbox 2373 1481 2684 1542; x_wconf 82' lang='lat' dir='ltr'><strong>seelestam</strong></span> <span class='ocrx_word' id='word_1_96' title='bbox 2704 1481 2736 1542; x_wconf 82' lang='lat'><strong>¹?</strong></span> 
     </span>
     <span class='ocr_line' id='line_1_13' title="bbox 483 1582 2737 1664; baseline 0 -19"><span class='ocrx_word' id='word_1_97' title='bbox 483 1603 639 1664; x_wconf 85' lang='lat' dir='ltr'><strong>quae</strong></span> <span class='ocrx_word' id='word_1_98' title='bbox 662 1584 1061 1645; x_wconf 82' lang='lat' dir='ltr'><strong>miserabilior</strong></span> <span class='ocrx_word' id='word_1_99' title='bbox 1084 1602 1261 1662; x_wconf 88' lang='lat' dir='ltr'><strong>quam</strong></span> <span class='ocrx_word' id='word_1_100' title='bbox 1281 1582 1530 1645; x_wconf 74' lang='lat' dir='ltr'><strong>Medeae</strong></span> <span class='ocrx_word' id='word_1_101' title='bbox 1557 1583 1831 1645; x_wconf 78' lang='lat' dir='ltr'><strong>desertae</strong></span> <span class='ocrx_word' id='word_1_102' title='bbox 1854 1602 1891 1643; x_wconf 89' lang='lat' dir='ltr'><strong>a</strong></span> <span class='ocrx_word' id='word_1_103' title='bbox 1911 1583 2142 1661; x_wconf 85' lang='lat' dir='ltr'><strong>marito,</strong></span> <span class='ocrx_word' id='word_1_104' title='bbox 2167 1583 2370 1644; x_wconf 72' lang='lat' dir='ltr'><strong>liberis</strong></span> <span class='ocrx_word' id='word_1_105' title='bbox 2391 1583 2737 1649; x_wconf 77' lang='lat' dir='ltr'><strong>orbandae?</strong></span> 
     </span>
     <span class='ocr_line' id='line_1_14' title="bbox 653 1685 2740 1764; baseline 0 -17"><span class='ocrx_word' id='word_1_106' title='bbox 653 1685 773 1761; x_wconf 75' lang='lat' dir='ltr'><strong>Qui</strong></span> <span class='ocrx_word' id='word_1_107' title='bbox 812 1688 865 1747; x_wconf 80' lang='lat' dir='ltr'><strong>ai</strong></span> <span class='ocrx_word' id='word_1_108' title='bbox 910 1686 1140 1747; x_wconf 78' lang='lat' dir='ltr'><strong>faciunt</strong></span> <span class='ocrx_word' id='word_1_109' title='bbox 1183 1686 1261 1746; x_wconf 81' lang='lat' dir='ltr'><strong>ad</strong></span> <span class='ocrx_word' id='word_1_110' title='bbox 1306 1686 1469 1763; x_wconf 84' lang='lat' dir='ltr'><strong>quod</strong></span> <span class='ocrx_word' id='word_1_111' title='bbox 1512 1685 1919 1764; x_wconf 84' lang='lat' dir='ltr'><strong>impelluntur,</strong></span> <span class='ocrx_word' id='word_1_112' title='bbox 1970 1690 2273 1764; x_wconf 83' lang='lat' dir='ltr'><strong>tamquam</strong></span> <span class='ocrx_word' id='word_1_113' title='bbox 2321 1686 2636 1748; x_wconf 85' lang='lat' dir='ltr'><strong>medentur</strong></span> <span class='ocrx_word' id='word_1_114' title='bbox 2677 1689 2740 1748; x_wconf 87' lang='lat' dir='ltr'><strong>et</strong></span> 
     </span>
     <span class='ocr_line' id='line_1_15' title="bbox 484 1788 2739 1866; baseline -0.001 -16"><span class='ocrx_word' id='word_1_115' title='bbox 484 1790 786 1850; x_wconf 66' lang='lat' dir='ltr'><strong>atrocitafi</strong></span> <span class='ocrx_word' id='word_1_116' title='bbox 830 1788 1109 1850; x_wconf 82' lang='lat' dir='ltr'><strong>fortunae</strong></span> <span class='ocrx_word' id='word_1_117' title='bbox 1154 1792 1216 1850; x_wconf 85' lang='lat' dir='ltr'><strong>et</strong></span> <span class='ocrx_word' id='word_1_118' title='bbox 1260 1788 1453 1849; x_wconf 88' lang='lat' dir='ltr'><strong>dolori</strong></span> <span class='ocrx_word' id='word_1_119' title='bbox 1500 1791 1942 1866; x_wconf 83' lang='lat' dir='ltr'><strong>spectatorum:</strong></span> <span class='ocrx_word' id='word_1_120' title='bbox 2005 1807 2141 1849; x_wconf 87' lang='lat' dir='ltr'><strong>nam</strong></span> <span class='ocrx_word' id='word_1_121' title='bbox 2185 1792 2248 1848; x_wconf 86' lang='lat' dir='ltr'><strong>et</strong></span> <span class='ocrx_word' id='word_1_122' title='bbox 2291 1788 2400 1849; x_wconf 82' lang='lat' dir='ltr'><strong>ulti</strong></span> <span class='ocrx_word' id='word_1_123' title='bbox 2445 1794 2587 1850; x_wconf 86' lang='lat' dir='ltr'><strong>sunt</strong></span> <span class='ocrx_word' id='word_1_124' title='bbox 2628 1789 2739 1849; x_wconf 89' lang='lat' dir='ltr'><strong>ini-</strong></span> 
     </span>
     <span class='ocr_line' id='line_1_16' title="bbox 484 1890 2735 1970; baseline 0 -18"><span class='ocrx_word' id='word_1_125' title='bbox 484 1893 667 1954; x_wconf 88' lang='lat' dir='ltr'><strong>micos</strong></span> <span class='ocrx_word' id='word_1_126' title='bbox 712 1897 808 1970; x_wconf 86' lang='lat' dir='ltr'><strong>et,</strong></span> <span class='ocrx_word' id='word_1_127' title='bbox 866 1891 1031 1970; x_wconf 83' lang='lat' dir='ltr'><strong>quod</strong></span> <span class='ocrx_word' id='word_1_128' title='bbox 1075 1892 1387 1970; x_wconf 88' lang='lat' dir='ltr'><strong>patiuntur</strong></span> <span class='ocrx_word' id='word_1_129' title='bbox 1431 1892 1602 1970; x_wconf 83' lang='lat' dir='ltr'><strong>inde,</strong></span> <span class='ocrx_word' id='word_1_130' title='bbox 1662 1910 1782 1952; x_wconf 87' lang='lat' dir='ltr'><strong>non</strong></span> <span class='ocrx_word' id='word_1_131' title='bbox 1841 1893 1956 1952; x_wconf 86' lang='lat' dir='ltr'><strong>iam</strong></span> <span class='ocrx_word' id='word_1_132' title='bbox 2016 1892 2267 1953; x_wconf 84' lang='lat' dir='ltr'><strong>aliorum</strong></span> <span class='ocrx_word' id='word_1_133' title='bbox 2311 1896 2571 1968; x_wconf 84' lang='lat' dir='ltr'><strong>tantum,</strong></span> <span class='ocrx_word' id='word_1_134' title='bbox 2625 1890 2735 1952; x_wconf 71' lang='lat' dir='ltr'><strong>sed</strong></span> 
     </span>
     <span class='ocr_line' id='line_1_17' title="bbox 481 1992 2735 2073; baseline 0 -18"><span class='ocrx_word' id='word_1_135' title='bbox 481 1996 748 2073; x_wconf 88' lang='lat' dir='ltr'><strong>ipsorum</strong></span> <span class='ocrx_word' id='word_1_136' title='bbox 810 2013 1054 2073; x_wconf 88' lang='lat' dir='ltr'><strong>quoque</strong></span> <span class='ocrx_word' id='word_1_137' title='bbox 1117 1995 1299 2073; x_wconf 84' lang='lat' dir='ltr'><strong>culpa</strong></span> <span class='ocrx_word' id='word_1_138' title='bbox 1352 1999 1459 2055; x_wconf 85' lang='lat' dir='ltr'><strong>est.</strong></span> <span class='ocrx_word' id='word_1_139' title='bbox 1561 1993 1851 2069; x_wconf 79' lang='lat' dir='ltr'><strong>Quamvis</strong></span> <span class='ocrx_word' id='word_1_140' title='bbox 1912 1994 2067 2055; x_wconf 89' lang='lat' dir='ltr'><strong>enim</strong></span> <span class='ocrx_word' id='word_1_141' title='bbox 2129 1995 2376 2070; x_wconf 49' lang='lat' dir='ltr'><strong>coacti,⁴</strong></span> <span class='ocrx_word' id='word_1_142' title='bbox 2409 1992 2735 2055; x_wconf 80' lang='lat' dir='ltr'><strong>voluntarii</strong></span> 
     </span>
     <span class='ocr_line' id='line_1_18' title="bbox 484 2095 2735 2177; baseline -0.002 -18"><span class='ocrx_word' id='word_1_143' title='bbox 484 2103 685 2159; x_wconf 84' lang='lat' dir='ltr'><strong>tamen</strong></span> <span class='ocrx_word' id='word_1_144' title='bbox 732 2102 1155 2177; x_wconf 83' lang='lat' dir='ltr'><strong>peccaverunt.</strong></span> <span class='ocrx_word' id='word_1_145' title='bbox 1239 2097 1456 2174; x_wconf 83' lang='lat' dir='ltr'><strong>Itaque</strong></span> <span class='ocrx_word' id='word_1_146' title='bbox 1500 2097 1855 2158; x_wconf 69' lang='lat' dir='ltr'><strong>Aristotelea</strong></span> <span class='ocrx_word' id='word_1_147' title='bbox 1913 2097 1990 2157; x_wconf 81' lang='lat' dir='ltr'><strong>de</strong></span> <span class='ocrx_word' id='word_1_148' title='bbox 2035 2098 2129 2158; x_wconf 82' lang='lat' dir='ltr'><strong>his</strong></span> <span class='ocrx_word' id='word_1_149' title='bbox 2171 2098 2352 2158; x_wconf 84' lang='lat' dir='ltr'><strong>rebus</strong></span> <span class='ocrx_word' id='word_1_150' title='bbox 2396 2115 2519 2158; x_wconf 91' lang='lat' dir='ltr'><strong>non</strong></span> <span class='ocrx_word' id='word_1_151' title='bbox 2565 2095 2735 2157; x_wconf 83' lang='lat' dir='ltr'><strong>dicit:</strong></span> 
     </span>
     <span class='ocr_line' id='line_1_19' title="bbox 483 2183 2736 2281; baseline -0.001 -20"><span class='ocrx_word' id='word_1_152' title='bbox 483 2190 690 2261; x_wconf 80' lang='grc' dir='ltr'><strong><em>τοῦτό</em></strong></span> <span class='ocrx_word' id='word_1_153' title='bbox 754 2192 892 2261; x_wconf 78' lang='grc' dir='ltr'><strong><em>ἐστι</em></strong></span> <span class='ocrx_word' id='word_1_154' title='bbox 954 2190 1228 2281; x_wconf 70' lang='grc' dir='ltr'><strong><em>μιαρόν,</em></strong></span> <span class='ocrx_word' id='word_1_155' title='bbox 1292 2200 1397 2261; x_wconf 85' lang='lat' dir='ltr'><strong>sed</strong></span> <span class='ocrx_word' id='word_1_156' title='bbox 1461 2188 1542 2259; x_wconf 81' lang='grc' dir='ltr'><strong>τὸ</strong></span> <span class='ocrx_word' id='word_1_157' title='bbox 1603 2184 1849 2278; x_wconf 73' lang='grc' dir='ltr'><strong><em>μιαρὸν</em></strong></span> <span class='ocrx_word' id='word_1_158' title='bbox 1906 2190 2065 2278; x_wconf 82' lang='grc' dir='ltr'><strong><em>ἔχει,</em></strong></span> <span class='ocrx_word' id='word_1_159' title='bbox 2132 2200 2230 2261; x_wconf 85' lang='lat' dir='ltr'><strong>vel</strong></span> <span class='ocrx_word' id='word_1_160' title='bbox 2284 2188 2600 2280; x_wconf 74' lang='grc' dir='ltr'><strong><em>πρόςεατι</em></strong></span> <span class='ocrx_word' id='word_1_161' title='bbox 2654 2183 2736 2258; x_wconf 79' lang='grc' dir='ltr'><strong>τὸ</strong></span> 
     </span>
     <span class='ocr_line' id='line_1_20' title="bbox 458 2291 2736 2384; baseline 0 -22"><span class='ocrx_word' id='word_1_162' title='bbox 458 2293 755 2384; x_wconf 78' lang='grc' dir='ltr'><strong><em>·μιαρόν;</em></strong></span> <span class='ocrx_word' id='word_1_163' title='bbox 798 2305 850 2363; x_wconf 85' lang='lat' dir='ltr'><strong>si</strong></span> <span class='ocrx_word' id='word_1_164' title='bbox 894 2303 1119 2364; x_wconf 79' lang='lat' dir='ltr'><strong>factum</strong></span> <span class='ocrx_word' id='word_1_165' title='bbox 1167 2306 1257 2363; x_wconf 86' lang='lat' dir='ltr'><strong>est</strong></span> <span class='ocrx_word' id='word_1_166' title='bbox 1299 2291 1554 2376; x_wconf 79' lang='grc' dir='ltr'><strong><em>πάθος,</em></strong></span> <span class='ocrx_word' id='word_1_167' title='bbox 1615 2291 1942 2382; x_wconf 80' lang='grc' dir='ltr'><strong><em>τραγικόν</em></strong></span> <span class='ocrx_word' id='word_1_168' title='bbox 1984 2303 2156 2381; x_wconf 79' lang='lat' dir='ltr'><strong>dicit,</strong></span> <span class='ocrx_word' id='word_1_169' title='bbox 2201 2303 2237 2363; x_wconf 92' lang='lat' dir='ltr'><strong>i.</strong></span> <span class='ocrx_word' id='word_1_170' title='bbox 2266 2320 2320 2363; x_wconf 89' lang='lat' dir='ltr'><strong>e.</strong></span> <span class='ocrx_word' id='word_1_171' title='bbox 2364 2302 2528 2381; x_wconf 79' lang='lat' dir='ltr'><strong>quod</strong></span> <span class='ocrx_word' id='word_1_172' title='bbox 2571 2304 2736 2363; x_wconf 83' lang='lat' dir='ltr'><strong>recte</strong></span> 
     </span>
     <span class='ocr_line' id='line_1_21' title="bbox 485 2404 2736 2483; baseline -0 -15"><span class='ocrx_word' id='word_1_173' title='bbox 485 2407 848 2468; x_wconf 72' lang='lat' dir='ltr'><strong>miseremur.</strong></span> <span class='ocrx_word' id='word_1_174' title='bbox 934 2406 1197 2467; x_wconf 84' lang='lat' dir='ltr'><strong>Tertiam</strong></span> <span class='ocrx_word' id='word_1_175' title='bbox 1258 2405 1442 2483; x_wconf 85' lang='lat' dir='ltr'><strong>igitur</strong></span> <span class='ocrx_word' id='word_1_176' title='bbox 1494 2405 1712 2483; x_wconf 71' lang='lat' dir='ltr'><strong>capitIs</strong></span> <span class='ocrx_word' id='word_1_177' title='bbox 1755 2406 1913 2467; x_wconf 82' lang='lat' dir='ltr'>XIV.</span> <span class='ocrx_word' id='word_1_178' title='bbox 1956 2404 2218 2466; x_wconf 84' lang='lat' dir='ltr'><strong>fabulam</strong></span> <span class='ocrx_word' id='word_1_179' title='bbox 2277 2405 2557 2483; x_wconf 83' lang='lat' dir='ltr'><strong>optimam</strong></span> <span class='ocrx_word' id='word_1_180' title='bbox 2605 2421 2736 2467; x_wconf 85' lang='lat' dir='ltr'><strong>esse</strong></span> 
     </span>
     <span class='ocr_line' id='line_1_22' title="bbox 485 2506 2738 2587; baseline -0 -17"><span class='ocrx_word' id='word_1_181' title='bbox 485 2527 723 2587; x_wconf 85' lang='lat' dir='ltr'><strong>censeo,</strong></span> <span class='ocrx_word' id='word_1_182' title='bbox 763 2539 851 2550; x_wconf 91' lang='lat'>—</span> <span class='ocrx_word' id='word_1_183' title='bbox 893 2508 1085 2587; x_wconf 86' lang='lat' dir='ltr'><strong>qualis</strong></span> <span class='ocrx_word' id='word_1_184' title='bbox 1130 2512 1221 2568; x_wconf 85' lang='lat' dir='ltr'><strong>est</strong></span> <span class='ocrx_word' id='word_1_185' title='bbox 1261 2508 1577 2586; x_wconf 80' lang='lat' dir='ltr'><strong>Sophoclis</strong></span> <span class='ocrx_word' id='word_1_186' title='bbox 1622 2508 1921 2586; x_wconf 78' lang='lat' dir='ltr'><strong>Oedipus,</strong></span> <span class='ocrx_word' id='word_1_187' title='bbox 1980 2527 2157 2585; x_wconf 83' lang='lat' dir='ltr'><strong>quem</strong></span> <span class='ocrx_word' id='word_1_188' title='bbox 2217 2508 2470 2570; x_wconf 84' lang='lat' dir='ltr'><strong>maxime</strong></span> <span class='ocrx_word' id='word_1_189' title='bbox 2514 2506 2738 2585; x_wconf 87' lang='lat' dir='ltr'><strong>ubique</strong></span> 
     </span>
     <span class='ocr_line' id='line_1_23' title="bbox 484 2609 2740 2690; baseline -0.002 -17"><span class='ocrx_word' id='word_1_190' title='bbox 484 2612 702 2690; x_wconf 80' lang='lat' dir='ltr'><strong>probat</strong></span> <span class='ocrx_word' id='word_1_191' title='bbox 742 2612 1100 2673; x_wconf 71' lang='lat' dir='ltr'><strong>Aristotelea</strong></span> <span class='ocrx_word' id='word_1_192' title='bbox 1139 2639 1229 2654; x_wconf 90' lang='lat'><strong>--</strong></span> <span class='ocrx_word' id='word_1_193' title='bbox 1271 2610 1544 2688; x_wconf 78' lang='lat' dir='ltr'><strong>proxime</strong></span> <span class='ocrx_word' id='word_1_194' title='bbox 1588 2609 1877 2672; x_wconf 77' lang='lat' dir='ltr'><strong>accedere</strong></span> <span class='ocrx_word' id='word_1_195' title='bbox 1921 2609 2265 2688; x_wconf 80' lang='lat' dir='ltr'><strong>secundam,</strong></span> <span class='ocrx_word' id='word_1_196' title='bbox 2308 2612 2376 2670; x_wconf 89' lang='lat' dir='ltr'><strong>et</strong></span> <span class='ocrx_word' id='word_1_197' title='bbox 2402 2627 2532 2670; x_wconf 77' lang='lat' dir='ltr'><strong>eam</strong></span> <span class='ocrx_word' id='word_1_198' title='bbox 2561 2610 2740 2687; x_wconf 76' lang='lat' dir='ltr'><strong>sequi</strong></span> 
     </span>
     <span class='ocr_line' id='line_1_24' title="bbox 485 2711 2737 2792; baseline -0 -18"><span class='ocrx_word' id='word_1_199' title='bbox 485 2718 792 2792; x_wconf 80' lang='lat' dir='ltr'><strong>quartam,</strong></span> <span class='ocrx_word' id='word_1_200' title='bbox 851 2714 1168 2792; x_wconf 78' lang='lat' dir='ltr'><strong>pessimam</strong></span> <span class='ocrx_word' id='word_1_201' title='bbox 1224 2713 1498 2790; x_wconf 79' lang='lat' dir='ltr'><strong>primam.</strong></span> <span class='ocrx_word' id='word_1_202' title='bbox 1583 2713 1682 2775; x_wconf 81' lang='lat' dir='ltr'><strong>Sic</strong></span> <span class='ocrx_word' id='word_1_203' title='bbox 1727 2717 1930 2773; x_wconf 76' lang='lat' dir='ltr'><strong>autem</strong></span> <span class='ocrx_word' id='word_1_204' title='bbox 1977 2711 2360 2773; x_wconf 67' lang='lat' dir='ltr'><strong>Aristotelem</strong></span> <span class='ocrx_word' id='word_1_205' title='bbox 2420 2712 2737 2790; x_wconf 70' lang='lat' dir='ltr'><strong>scripsisse</strong></span> 
     </span>
     <span class='ocr_line' id='line_1_25' title="bbox 487 2816 1209 2893; baseline -0.003 -16"><span class='ocrx_word' id='word_1_206' title='bbox 487 2816 745 2893; x_wconf 87' lang='lat' dir='ltr'><strong>conicio,</strong></span> <span class='ocrx_word' id='word_1_207' title='bbox 792 2816 867 2876; x_wconf 80' lang='lat' dir='ltr'><strong>cf.</strong></span> <span class='ocrx_word' id='word_1_208' title='bbox 913 2833 1051 2876; x_wconf 86' lang='lat' dir='ltr'><strong>ann.</strong></span> <span class='ocrx_word' id='word_1_209' title='bbox 1098 2818 1209 2876; x_wconf 79' lang='lat'><strong>62:</strong></span> 
     </span>
     <span class='ocr_line' id='line_1_26' title="bbox 628 2900 2739 2998; baseline -0.003 -18"><span class='ocrx_word' id='word_1_210' title='bbox 628 2919 679 2979; x_wconf 88' lang='grc' dir='ltr'><strong>Ι.</strong></span> <span class='ocrx_word' id='word_1_211' title='bbox 770 2923 829 2980; x_wconf 85' lang='lat'><strong>1.·</strong></span> <span class='ocrx_word' id='word_1_212' title='bbox 897 2903 978 2977; x_wconf 83' lang='grc' dir='ltr'><strong>τὸ</strong></span> <span class='ocrx_word' id='word_1_213' title='bbox 1047 2911 1172 2997; x_wconf 72' lang='grc' dir='ltr'><strong>μὲν</strong></span> <span class='ocrx_word' id='word_1_214' title='bbox 1244 2902 1668 2996; x_wconf 77' lang='grc' dir='ltr'><strong><em>γινώσκοντα</em></strong></span> <span class='ocrx_word' id='word_1_215' title='bbox 1747 2913 2069 2997; x_wconf 85' lang='grc' dir='ltr'><strong><em>μελλῆσαι</em></strong></span> <span class='ocrx_word' id='word_1_216' title='bbox 2141 2909 2257 2975; x_wconf 81' lang='grc' dir='ltr'><strong>καὶ</strong></span> <span class='ocrx_word' id='word_1_217' title='bbox 2328 2900 2422 2998; x_wconf 82' lang='grc' dir='ltr'><strong>μὴ</strong></span> <span class='ocrx_word' id='word_1_218' title='bbox 2485 2911 2739 2998; x_wconf 72' lang='grc' dir='ltr'><strong><em>,πρᾶξαι</em></strong></span> 
     </span>
     <span class='ocr_line' id='line_1_27' title="bbox 899 3017 1412 3082; baseline -0.004 0"><span class='ocrx_word' id='word_1_219' title='bbox 899 3017 1412 3082; x_wconf 83' lang='grc' dir='ltr'><em>ΧΕΙΡΙΣΤΟΝ.</em></span> 
     </span>
     <span class='ocr_line' id='line_1_28' title="bbox 762 3113 1962 3203; baseline -0.003 -17"><span class='ocrx_word' id='word_1_220' title='bbox 762 3128 821 3186; x_wconf 78' lang='grc'><strong>2.</strong></span> <span class='ocrx_word' id='word_1_221' title='bbox 893 3113 975 3184; x_wconf 83' lang='grc' dir='ltr'><strong>τὸ</strong></span> <span class='ocrx_word' id='word_1_222' title='bbox 1022 3116 1094 3183; x_wconf 79' lang='grc' dir='ltr'><strong>δὲ</strong></span> <span class='ocrx_word' id='word_1_223' title='bbox 1138 3120 1386 3203; x_wconf 73' lang='grc' dir='ltr'><strong><em>πρᾶξαι</em></strong></span> <span class='ocrx_word' id='word_1_224' title='bbox 1428 3118 1962 3184; x_wconf 80' lang='grc' dir='ltr'><em>ΚΡΑΤΙΣΤΟΝ.</em></span> 
     </span>
     <span class='ocr_line' id='line_1_29' title="bbox 762 3208 2742 3303; baseline -0.002 -16"><span class='ocrx_word' id='word_1_225' title='bbox 762 3230 819 3288; x_wconf 64' lang='lat'><strong>30</strong></span> <span class='ocrx_word' id='word_1_226' title='bbox 894 3272 906 3286; x_wconf 89' lang='lat'><strong>.</strong></span> <span class='ocrx_word' id='word_1_227' title='bbox 956 3271 970 3286; x_wconf 91' lang='lat'><strong>.</strong></span> <span class='ocrx_word' id='word_1_228' title='bbox 1018 3271 1030 3285; x_wconf 89' lang='lat'><strong>.</strong></span> <span class='ocrx_word' id='word_1_229' title='bbox 1080 3251 1129 3285; x_wconf 56' lang='grc'><strong>.’</strong></span> <span class='ocrx_word' id='word_1_230' title='bbox 1146 3269 1407 3285; x_wconf 92' lang='grc'><strong>.....</strong></span> <span class='ocrx_word' id='word_1_231' title='bbox 1457 3218 1788 3299; x_wconf 75' lang='grc' dir='ltr'><strong><em>βέλτιον</em></strong></span> <span class='ocrx_word' id='word_1_232' title='bbox 1861 3216 1935 3284; x_wconf 74' lang='grc' dir='ltr'><strong>δὲ</strong></span> <span class='ocrx_word' id='word_1_233' title='bbox 2006 3209 2088 3284; x_wconf 82' lang='grc' dir='ltr'><strong>τὸ</strong></span> <span class='ocrx_word' id='word_1_234' title='bbox 2163 3208 2548 3303; x_wconf 69' lang='grc' dir='ltr'><strong><em>ἀγνοοῦντα</em></strong></span> <span class='ocrx_word' id='word_1_235' title='bbox 2616 3217 2742 3302; x_wconf 74' lang='grc' dir='ltr'><strong>μὲν</strong></span> 
     </span>
     <span class='ocr_line' id='line_1_30' title="bbox 1446 3310 2736 3408; baseline -0.001 -22"><span class='ocrx_word' id='word_1_236' title='bbox 1446 3323 1715 3406; x_wconf 75' lang='grc' dir='ltr'><strong><em>πρᾶξαι,</em></strong></span> <span class='ocrx_word' id='word_1_237' title='bbox 1759 3315 2110 3408; x_wconf 75' lang='grc' dir='ltr'><strong><em>πράξαντα</em></strong></span> <span class='ocrx_word' id='word_1_238' title='bbox 2155 3319 2227 3386; x_wconf 73' lang='grc' dir='ltr'><strong>δὲ</strong></span> <span class='ocrx_word' id='word_1_239' title='bbox 2270 3310 2736 3405; x_wconf 75' lang='grc' dir='ltr'><strong><em>ἇναγνωρίσαι.</em></strong></span> 
     </span>
     <span class='ocr_line' id='line_1_31' title="bbox 572 3419 2741 3511; baseline -0.002 -16"><span class='ocrx_word' id='word_1_240' title='bbox 572 3434 678 3495; x_wconf 91' lang='lat'>111.</span> <span class='ocrx_word' id='word_1_241' title='bbox 765 3436 823 3498; x_wconf 81' lang='grc'><strong>4.</strong></span> <span class='ocrx_word' id='word_1_242' title='bbox 896 3427 1362 3493; x_wconf 76' lang='grc' dir='ltr'><em>ΔΕΥΤΕΡΟΝ</em></span> <span class='ocrx_word' id='word_1_243' title='bbox 1410 3423 1481 3490; x_wconf 74' lang='grc' dir='ltr'><strong>δὲ</strong></span> <span class='ocrx_word' id='word_1_244' title='bbox 1531 3419 1613 3489; x_wconf 83' lang='grc' dir='ltr'><strong>τὸ</strong></span> <span class='ocrx_word' id='word_1_245' title='bbox 1657 3428 2051 3490; x_wconf 79' lang='grc' dir='ltr'><strong><em>τελευταῖον</em></strong></span> <span class='ocrx_word' id='word_1_246' title='bbox 2112 3419 2216 3504; x_wconf 86' lang='grc' dir='ltr'><strong>(τό</strong></span> <span class='ocrx_word' id='word_1_247' title='bbox 2259 3426 2575 3511; x_wconf 84' lang='grc' dir='ltr'><strong><em>μελλῆσαι</em></strong></span> <span class='ocrx_word' id='word_1_248' title='bbox 2615 3422 2741 3508; x_wconf 77' lang='grc' dir='ltr'><strong>μὲν</strong></span> 
     </span>
     <span class='ocr_line' id='line_1_32' title="bbox 893 3517 1961 3613; baseline -0.003 -19"><span class='ocrx_word' id='word_1_249' title='bbox 893 3518 1295 3613; x_wconf 65' lang='grc' dir='ltr'><strong><em>ἀγνοοῦντα,</em></strong></span> <span class='ocrx_word' id='word_1_250' title='bbox 1343 3517 1801 3613; x_wconf 78' lang='grc' dir='ltr'><strong><em>ἀναγνωρίσαι</em></strong></span> <span class='ocrx_word' id='word_1_251' title='bbox 1845 3526 1961 3608; x_wconf 80' lang='grc' dir='ltr'><strong>δέ.)</strong></span> 
     </span>
     <span class='ocr_line' id='line_1_33' title="bbox 488 3636 2740 3715; baseline -0.002 -17"><span class='ocrx_word' id='word_1_252' title='bbox 488 3637 659 3712; x_wconf 85' lang='lat' dir='ltr'><strong>Quae</strong></span> <span class='ocrx_word' id='word_1_253' title='bbox 684 3655 880 3715; x_wconf 63' lang='lat' dir='ltr'><strong>quam</strong></span> <span class='ocrx_word' id='word_1_254' title='bbox 926 3638 1079 3700; x_wconf 84' lang='lat' dir='ltr'><strong>bene</strong></span> <span class='ocrx_word' id='word_1_255' title='bbox 1124 3637 1492 3699; x_wconf 86' lang='lat' dir='ltr'><strong>conveniant</strong></span> <span class='ocrx_word' id='word_1_256' title='bbox 1533 3654 1669 3698; x_wconf 84' lang='lat' dir='ltr'><strong>cum</strong></span> <span class='ocrx_word' id='word_1_257' title='bbox 1714 3636 1931 3715; x_wconf 85' lang='lat' dir='ltr'><strong>capitis</strong></span> <span class='ocrx_word' id='word_1_258' title='bbox 1975 3636 2135 3697; x_wconf 85' lang='lat' dir='ltr'>XIII.</span> <span class='ocrx_word' id='word_1_259' title='bbox 2177 3636 2538 3714; x_wconf 81' lang='lat' dir='ltr'><strong>praeceptis,</strong></span> <span class='ocrx_word' id='word_1_260' title='bbox 2582 3651 2740 3695; x_wconf 87' lang='lat' dir='ltr'><strong>unus</strong></span> 
     </span>
     <span class='ocr_line' id='line_1_34' title="bbox 486 3736 1069 3820; baseline -0.003 -18"><span class='ocrx_word' id='word_1_261' title='bbox 486 3740 744 3820; x_wconf 87' lang='lat' dir='ltr'><strong>quisque</strong></span> <span class='ocrx_word' id='word_1_262' title='bbox 786 3739 956 3800; x_wconf 77' lang='lat' dir='ltr'><strong>videt</strong></span> <span class='ocrx_word' id='word_1_263' title='bbox 971 3736 1069 3813; x_wconf 73' lang='lat'><strong>⁶⁶).</strong></span> 
     </span>
    </p>
   </div>
   <div class='ocr_carea' id='block_1_3' title="bbox 600 3177 674 3237">
    <p class='ocr_par' dir='ltr' id='par_1_3' title="bbox 600 3177 674 3237">
     <span class='ocr_line' id='line_1_35' title="bbox 600 3177 674 3237; baseline -0.014 0"><span class='ocrx_word' id='word_1_264' title='bbox 600 3177 674 3237; x_wconf 92' lang='lat'><strong>11.</strong></span> 
     </span>
    </p>
   </div>
   <div class='ocr_carea' id='block_1_4' title="bbox 486 3856 895 3868">
    <p class='ocr_par' dir='ltr' id='par_1_4' title="bbox 486 3856 895 3868">
     <span class='ocr_line' id='line_1_36' title="bbox 486 3856 895 3868; baseline 0 0"><span class='ocrx_word' id='word_1_265' title='bbox 486 3856 895 3868; x_wconf 95' lang='lat' dir='ltr'><strong> </strong></span> 
     </span>
    </p>
   </div>
   <div class='ocr_carea' id='block_1_5' title="bbox 488 3918 2740 4334">
    <p class='ocr_par' dir='ltr' id='par_1_5' title="bbox 488 3918 2740 4334">
     <span class='ocr_line' id='line_1_37' title="bbox 657 3918 1324 3987; baseline -0.001 -13"><span class='ocrx_word' id='word_1_266' title='bbox 657 3922 727 3987; x_wconf 81' lang='lat'><strong>⁸⁸)</strong></span> <span class='ocrx_word' id='word_1_267' title='bbox 761 3918 833 3974; x_wconf 72' lang='lat' dir='ltr'><strong>of.</strong></span> <span class='ocrx_word' id='word_1_268' title='bbox 868 3919 1018 3974; x_wconf 66' lang='lat' dir='ltr'><strong>Med.</strong></span> <span class='ocrx_word' id='word_1_269' title='bbox 1060 3923 1202 3975; x_wconf 74' lang='lat'><strong>1⁰46.</strong></span> <span class='ocrx_word' id='word_1_270' title='bbox 1242 3924 1324 3973; x_wconf 80' lang='lat'><strong>47.</strong></span> 
     </span>
     <span class='ocr_line' id='line_1_38' title="bbox 894 3998 2317 4077; baseline -0.003 -17"><span class='ocrx_word' id='word_1_271' title='bbox 894 4001 956 4060; x_wconf 76' lang='grc' dir='ltr'><strong>τί</strong></span> <span class='ocrx_word' id='word_1_272' title='bbox 986 4007 1076 4061; x_wconf 73' lang='grc' dir='ltr'><strong>δεῖ</strong></span> <span class='ocrx_word' id='word_1_273' title='bbox 1104 4021 1181 4072; x_wconf 76' lang='grc' dir='ltr'><strong>με</strong></span> <span class='ocrx_word' id='word_1_274' title='bbox 1216 3998 1455 4077; x_wconf 70' lang='grc' dir='ltr'><strong><em>πατέρα»</em></strong></span> <span class='ocrx_word' id='word_1_275' title='bbox 1477 4007 1661 4060; x_wconf 68' lang='grc' dir='ltr'><strong><em>τῶνδε</em></strong></span> <span class='ocrx_word' id='word_1_276' title='bbox 1698 4008 1818 4070; x_wconf 82' lang='grc' dir='ltr'><strong><em>τοῖς</em></strong></span> <span class='ocrx_word' id='word_1_277' title='bbox 1851 3998 2079 4059; x_wconf 77' lang='grc' dir='ltr'><strong><em>τούτων</em></strong></span> <span class='ocrx_word' id='word_1_278' title='bbox 2112 4007 2317 4067; x_wconf 75' lang='grc' dir='ltr'><strong><em>κακοῖς</em></strong></span> 
     </span>
     <span class='ocr_line' id='line_1_39' title="bbox 896 4083 2226 4161; baseline -0.003 -16"><span class='ocrx_word' id='word_1_279' title='bbox 896 4094 1194 4146; x_wconf 78' lang='grc' dir='ltr'><strong><em>λυποῦσαν</em></strong></span> <span class='ocrx_word' id='word_1_280' title='bbox 1229 4083 1409 4161; x_wconf 72' lang='grc' dir='ltr'><strong><em>αὐτὴν</em></strong></span> <span class='ocrx_word' id='word_1_281' title='bbox 1442 4087 1525 4156; x_wconf 72' lang='grc' dir='ltr'><strong>δὶς</strong></span> <span class='ocrx_word' id='word_1_282' title='bbox 1558 4085 1709 4146; x_wconf 81' lang='grc' dir='ltr'><strong><em>τόσα</em></strong></span> <span class='ocrx_word' id='word_1_283' title='bbox 1744 4093 2001 4145; x_wconf 74' lang='grc' dir='ltr'><strong><em>κτᾶσθαι</em></strong></span> <span class='ocrx_word' id='word_1_284' title='bbox 2038 4083 2226 4154; x_wconf 66' lang='lat' dir='ltr'><strong>xuni,-</strong></span> 
     </span>
     <span class='ocr_line' id='line_1_40' title="bbox 658 4162 2740 4250; baseline -0.005 -17"><span class='ocrx_word' id='word_1_285' title='bbox 658 4180 728 4244; x_wconf 48' lang='grc' dir='ltr'><strong>οἃ)</strong></span> <span class='ocrx_word' id='word_1_286' title='bbox 761 4169 1005 4247; x_wconf 76' lang='grc' dir='ltr'><strong><em>δευτέρα</em></strong></span> <span class='ocrx_word' id='word_1_287' title='bbox 1049 4167 1099 4230; x_wconf 79' lang='grc' dir='ltr'><strong>δ’</strong></span> <span class='ocrx_word' id='word_1_288' title='bbox 1145 4168 1416 4250; x_wconf 70' lang='grc' dir='ltr'><strong><em>ἡπρώτη</em></strong></span> <span class='ocrx_word' id='word_1_289' title='bbox 1453 4171 1738 4246; x_wconf 74' lang='grc' dir='ltr'><strong>λεγομένη</strong></span> <span class='ocrx_word' id='word_1_290' title='bbox 1778 4167 1890 4231; x_wconf 68' lang='grc' dir='ltr'><strong>ὕπὸ</strong></span> <span class='ocrx_word' id='word_1_291' title='bbox 1944 4177 2119 4229; x_wconf 78' lang='grc' dir='ltr'><strong><em>τινῶν</em></strong></span> <span class='ocrx_word' id='word_1_292' title='bbox 2174 4165 2295 4228; x_wconf 77' lang='grc' dir='ltr'><strong><em>ἐστι</em></strong></span> <span class='ocrx_word' id='word_1_293' title='bbox 2352 4165 2651 4235; x_wconf 73' lang='grc' dir='ltr'><strong><em>σύστασις,</em></strong></span> <span class='ocrx_word' id='word_1_294' title='bbox 2704 4162 2740 4241; x_wconf 75' lang='grc' dir='ltr'><em>ἦ</em></span> 
     </span>
     <span class='ocr_line' id='line_1_41' title="bbox 488 4253 2738 4334; baseline -0.002 -17"><span class='ocrx_word' id='word_1_295' title='bbox 488 4266 690 4333; x_wconf 81' lang='grc' dir='ltr'><strong><em>διπλῆν</em></strong></span> <span class='ocrx_word' id='word_1_296' title='bbox 723 4280 788 4318; x_wconf 83' lang='grc' dir='ltr'><strong>τε</strong></span> <span class='ocrx_word' id='word_1_297' title='bbox 824 4258 928 4334; x_wconf 77' lang='grc' dir='ltr'><strong>τὴν</strong></span> <span class='ocrx_word' id='word_1_298' title='bbox 964 4257 1242 4318; x_wconf 79' lang='grc' dir='ltr'><strong><em>σύστασιν</em></strong></span> <span class='ocrx_word' id='word_1_299' title='bbox 1279 4256 1510 4333; x_wconf 78' lang='grc' dir='ltr'><strong><em>ἔχουσα,</em></strong></span> <span class='ocrx_word' id='word_1_300' title='bbox 1547 4257 1831 4333; x_wconf 76' lang='grc' dir='ltr'><strong><em>καθάπερ</em></strong></span> <span class='ocrx_word' id='word_1_301' title='bbox 1867 4255 1896 4315; x_wconf 68' lang='lat' dir='ltr'><strong>r‘·</strong></span> <span class='ocrx_word' id='word_1_302' title='bbox 1937 4253 2243 4325; x_wconf 75' lang='grc' dir='ltr'><strong><em>Ὀδύσσεια,</em></strong></span> <span class='ocrx_word' id='word_1_303' title='bbox 2279 4253 2381 4312; x_wconf 74' lang='grc' dir='ltr'><strong>καὶ</strong></span> <span class='ocrx_word' id='word_1_304' title='bbox 2405 4258 2738 4313; x_wconf 81' lang='grc' dir='ltr'><strong><em>τελευτῶσα</em></strong></span> 
     </span>
    </p>
   </div>
  </div>
 </body>
</html>
