3166 4871
2398 245 2522 308 293

310 422 452 496 satis,
492 439 566 481 ne
609 420 811 480 fabula
851 419 1112 497 caderet,
1155 425 1457 480 caverent.
1527 419 1609 480 At
1637 418 1798 496 quod
1828 418 2178 480 ceciderunt
2204 417 2523 497 interdum,

302 522 635 589 Aristotetes
677 541 797 583 non
840 522 1076 601 fabulis,
1118 522 1224 582 sed
1269 522 1658 582 histrionibus
1702 521 1847 582 vitio
1893 523 2090 583 vertit.
2109 518 2185 594 ²³)

452 626 573 684 Iam
638 644 783 686 vero
847 626 1101 686 alterum
1175 624 1340 703 quod
1413 642 1602 702 supra
1672 625 2096 702 proposuimus
2169 628 2381 702 restat,
2455 627 2521 683 ut

302 745 583 788 sumamus
624 728 1013 788 Aristotelem
1056 728 1226 787 aliter
1271 727 1346 787 de
1391 726 1714 803 tragoediis
1766 726 1886 787 illis
1937 727 2196 788 sensisse
2240 744 2312 786 ac
2355 725 2519 787 thea-

300 834 506 889 trorum
555 831 991 891 multitudinem
1033 830 1354 891 indoctam.
1426 830 1506 889 Et
1533 848 1611 889 ne
1643 829 1797 889 hanc
1828 828 2067 907 quidem
2097 828 2256 889 viam
2285 828 2521 906 ingredi

300 933 401 990 viri
441 932 596 993 docti
618 930 695 1003 24)
740 934 1188 1011 dubitaverunt,
1232 931 1552 992 dummodo
1597 950 1673 992 ne
1702 931 2026 1010 Euripides
2069 931 2244 991 nimis
2287 930 2523 991 laudari

296 1034 598 1096 videretur.
752 1038 761 1047 ”

457 1137 632 1212 Quod
664 1140 714 1198 si
745 1141 909 1211 recte
940 1138 1231 1198 vidissent
1257 1134 1347 1197 illi
1372 1136 1634 1215 quidem,
1678 1136 2033 1197 Aristoteles
2064 1136 2140 1196 ad
2170 1134 2520 1196 refutandos

292 1239 669 1318 adversarios,
715 1241 818 1319 qui
863 1241 1027 1318 quod
1071 1259 1256 1318 supra
1298 1258 1475 1316 quam
1522 1241 1774 1300 maxime
1820 1244 2093 1299 suaserat
2118 1239 2191 1298 ·in
2234 1237 2520 1316 Euripide

294 1343 723 1421 vituperabant,
787 1363 857 1404 eo
930 1362 1073 1404 usus
1141 1347 1301 1403 esset
1361 1348 1740 1420 argumento,
1806 1342 1901 1402 cui
1963 1342 2090 1419 ipse
2154 1341 2333 1401 fidem
2397 1358 2518 1401 non

291 1443 538 1505 haberet.
627 1448 780 1506 Nam
824 1450 1227 1524 spectatorum
1272 1445 1588 1523 iudicium,
1647 1445 1761 1505 nisi
1802 1444 1931 1521 ipse
1975 1444 2298 1522 probabat,
2359 1442 2518 1502 haud

290 1549 473 1622 magni
532 1548 957 1625 philosophum
1000 1550 1349 1608 aestimasse
1408 1552 1469 1607 et
1513 1549 1629 1607 hoc
1675 1546 2043 1624 comprobat,
2098 1545 2259 1623 quod
2312 1545 2519 1623 paullo

288 1648 457 1708 infra·
490 1654 758 1711 nostrum
825 1651 1020 1710 locum
1088 1649 1161 1709 de
1228 1650 1631 1710 imbecillitate
1698 1650 1935 1709 illorum
2003 1644 2396 1726 queram-²⁵),
2460 1652 2521 1706 et

286 1751 463 1827 ipsum
496 1753 649 1812 illud
694 1747 1103 1830 θαυμαστῶς
1147 1741 1589 1830 στοχάζονται
1632 1732 1733 1810 ὦν
1775 1740 2154 1827 βούλονται,
2200 1768 2320 1826 quo
2351 1768 2518 1827 egre·

285 1853 427 1927 giam
471 1856 806 1933 Agathonis
865 1861 1051 1915 artem
1116 1858 1519 1932 spectatorum
1581 1855 1877 1939 voluptati
1939 1852 2340 1931 morigerandi
2385 1870 2518 1912 cum

285 1954 464 2017 ironia
509 1959 773 2037 quadam
790 1955 867 2031 ²⁶)
910 1958 1235 2035 praedicat.

444 2060 670 2121 Nostro
717 2067 916 2122 autem
981 2061 1111 2122 loco
1178 2061 1383 2121 similis
1454 2060 1705 2120 rationis
1772 2078 1847 2121 ne
1914 2057 2216 2118 minimum
2281 2056 2521 2134 quidem

286 2162 593 2239 vestigium
637 2164 893 2224 inveniri
937 2167 1164 2240 potest:
1211 2182 1345 2222 nam
1393 2162 1555 2239 quod
1600 2164 1975 2238 spectatores
2006 2162 2346 2221 sentiebant
2375 2177 2520 2219 suae

287 2261 589 2327 doctrinae
648 2268 967 2326 maximum
1025 2267 1446 2326 documentum
1505 2282 1635 2324 esse
1688 2264 2041 2324 Aristoteles
2095 2263 2256 2322 dicit.
2343 2261 2519 2335 Quod

284 2348 436 2427 recte
498 2387 565 2428 se
628 2367 851 2430 habere
911 2369 960 2427 si
1005 2369 1134 2446 ipse
1180 2367 1290 2428 sibi
1336 2386 1456 2427 non
1502 2384 1856 2445 persuasum
1901 2366 2235 2444 habuisset,
2294 2367 2522 2442 quanta

285 2468 340 2526 in
383 2489 451 2531 eo
499 2476 660 2533 esset
702 2472 968 2533 fallacia!
1056 2472 1138 2532 At
1182 2489 1375 2548 nsque
1418 2489 1488 2532 eo
1533 2471 1648 2530 viri
1693 2470 1777 2529 illi
1824 2470 1978 2529 docti
2015 2468 2318 2546 Euripidis
2355 2465 2520 2526 laudi

283 2571 651 2635 obtrectandi
697 2576 893 2636 studio
939 2575 1183 2636 deducti
1229 2579 1397 2648 sunt,
1453 2579 1523 2634 ut
1567 2574 1952 2634 Aristotelem
2012 2571 2315 2649 sophistae
2357 2587 2520 2631 men-

282 2674 441 2736 dacis
516 2696 700 2754 quam
774 2678 1116 2755 philosophi
1178 2678 1450 2737 veritatis
1526 2675 1914 2736 amantissimi
1977 2677 2182 2752 partes
2244 2676 2519 2750 agentem

278 2777 468 2840 facere
533 2780 796 2840 mallent.
897 2782 1114 2857 Neque
1175 2797 1319 2839 vero
1384 2779 1506 2838 ulla
1564 2796 1780 2839 caussa
1838 2781 1955 2854 est,
2017 2795 2126 2836 cur
2182 2773 2367 2835 verba
2419 2775 2521 2834 illa

279 2871 384 2938 ἐπὶ
424 2877 571 2940 τῶν
620 2879 888 2962 σκηνῶν
931 2899 990 2940 κ.
1023 2898 1078 2941 τ.
1115 2880 1171 2940 λ.
1219 2880 1601 2942 Aristotelem
1649 2885 1850 2956 caute,
1910 2884 1978 2939 ut
2020 2878 2306 2940 Schwabe
2361 2875 2522 2954 dicit,

278 2983 581 3062 Euripidis
608 2985 788 3063 laudi,
818 3005 893 3046 ne
919 2985 1105 3045 maior
1128 2984 1314 3060 fieret,
1345 2983 1725 3061 praemisisse
1755 2985 2104 3061 statuamus.
2161 2980 2328 3039 Haec
2366 2979 2520 3038 enim

438 3202 508 3266 ²³)
545 3197 785 3253 Rectius
819 3197 997 3267 igitur
1039 3197 1259 3253 Vahlen
1294 3197 1465 3251 Beitr.
1500 3195 1582 3262 11,
1626 3198 1719 3248 102
1765 3194 1940 3248 verba
1980 3193 2078 3247 illa
2112 3185 2183 3247 ἂν
2217 3194 2522 3262 κατορθω-

280 3283 460 3337 acham
490 3284 577 3338 ita
625 3283 1055 3354 interpretatur3
1103 3287 1583 3351 „vorausgesetzt,
1631 3280 1765 3334 dasz
1809 3279 1904 3333 die
1953 3277 2321 3347 Aufflihrung
2367 3276 2523 3330 nicht
2591 3352 2595 3356 .

276 3369 609 3437 misslingt.“

438 3457 509 3520 ²⁴)
546 3453 741 3509 Aliter
787 3453 1046 3524 equidem
1099 3452 1348 3521 accipere
1400 3468 1511 3506 non
1566 3466 1823 3520 possum,
1883 3448 2037 3517 quod
2088 3445 2362 3503 Susemihl
2415 3445 2521 3500 hoc
2637 3451 2642 3456 “

276 3539 501 3594 verbum
538 3540 906 3607 ‚erscheinen‘
953 3538 1320 3606 amplioribus
1366 3538 1570 3592 litteris
1619 3534 1888 3591 excussit.
1936 3534 2004 3588 ct.
2040 3539 2226 3588 annot.
2263 3536 2344 3585 Ἠ.
2416 3531 2523 3585 Cui

276 3626 529 3679 assentiri
568 3625 793 3679 videtur
827 3625 1135 3692 Baumgart
1168 3623 1203 3678 l.
1238 3623 1272 3676 l.
1309 3628 1392 3689 90,
1431 3621 1757 3676 Aristotelis
1793 3620 1970 3674 verba
2006 3613 2102 3674 ἐπὶ
2135 3623 2255 3672 τῶν
2291 3621 2521 3686 σκηνῶν

276 3727 325 3762 κ,
361 3727 404 3763 τ.
443 3714 493 3765 λ.
533 3710 620 3766 sic
652 3708 1100 3778 interpretando:
1153 3708 1286 3770 „das
1335 3707 1514 3761 heiszt
1561 3706 1704 3761 doch
1741 3704 1889 3759 wohl
1923 3705 2015 3759 bei
2051 3704 2150 3758 der
2183 3718 2385 3771 menge
2422 3702 2521 3757 der

279 3792 719 3862 zuhorerschaft,
756 3794 845 3848 die
881 3794 1021 3848 eben
1059 3793 1116 3847 in
1152 3793 1259 3847 den
1296 3791 1551 3846 theatern
1588 3791 1868 3859 vereinigt
1901 3791 2022 3845 ist.“

440 3885 514 3950 ²⁵)
554 3883 723 3935 δοκεῖ
756 3876 819 3936 δὲ
855 3875 1055 3951 πρώτη
1083 3869 1228 3933 εἶναι
1252 3870 1310 3946 (ἢ
1335 3879 1502 3946 διπλῆ
1527 3873 1825 3942 σύστασις)
1862 3870 1954 3929 διὰ
1977 3870 2080 3945 τὴν
2103 3879 2222 3929 τῶν
2249 3868 2522 3943 θεάτρων

277 3962 618 4021 ἀσθένειαν·
668 3958 1061 4020 ἀκολουθοῦσι
1112 3959 1225 4033 γὰρ
1270 3957 1327 4016 οὶ
1360 3959 1595 4031 ποιηταὶ
1646 3955 1775 4016 κατ’
1825 3953 1996 4030 εὐχὴν
2046 3965 2350 4022 ποιοῦντες
2401 3963 2523 4022 τοῖς

278 4052 528 4116 θεαταῖς.

440 4141 513 4207 ²⁶)
550 4135 625 4192 cf.
656 4135 889 4202 Vahlen,
913 4135 1175 4202 Beitriige
1202 4134 1271 4200 ll,
1302 4137 1415 4187 148.
1464 4131 1762 4200 Susemihl,
1788 4135 1903 4185 259.
1928 4128 2004 4184 A.
2037 4134 2144 4185 188.
2191 4128 2522 4195 Ueberweg‚

277 4222 519 4278 Aristot.
556 4223 700 4278 liber
735 4222 823 4277 die
858 4219 1218 4286 Dichtkunst,
1254 4217 1308 4273 S.
1345 4222 1427 4273 81.
1463 4219 1532 4273 A.
1570 4222 1652 4272 89.
