3166 4871
499 1338 632 1417 Suo
679 1358 807 1414 inre
853 1354 1124 1414 Wehlius
1170 1356 1226 1412 in
1273 1353 1442 1412 initio
1489 1353 1791 1430 perbonae
1846 1352 2284 1410 dissertationis
2329 1348 2569 1423 (Obser-

329 1464 472 1516 vatt.
518 1460 669 1518 critt.
716 1460 775 1517 in
823 1458 1187 1516 Petronium.
1233 1458 1474 1515 Bonnae
1525 1454 1733 1527 1861.)
1794 1455 2068 1530 queritur
2131 1454 2391 1512 studium
2439 1454 2570 1512 libri

329 1561 702 1637 Petroniam,
763 1561 865 1637 qui
924 1559 1227 1635 egregium
1302 1577 1372 1617 ac
1443 1558 1620 1634 plane
1682 1558 1920 1618 unicum
1984 1558 2177 1616 locum
2240 1557 2298 1615 in
2362 1555 2572 1614 litteris

329 1663 558 1722 Latinis
618 1665 731 1723 sibi
787 1662 1079 1735 vindicet,
1139 1663 1309 1720 nimis
1372 1661 1607 1737 neglegi
1674 1667 1731 1720 et
1789 1679 1980 1737 usque
2030 1660 2103 1717 ad
2150 1659 2294 1718 illud
2342 1663 2574 1734 tempus

328 1767 386 1824 id
436 1785 506 1825 eo
552 1768 826 1826 excusari
872 1769 1126 1842 poterat,
1172 1766 1330 1842 quod
1379 1765 1545 1823 nulla
1592 1764 1815 1822 exstitit
1861 1763 2058 1831 editio,
2105 1780 2260 1837 quae
2291 1761 2569 1820 librorum

327 1888 504 1928 manu
560 1871 916 1944 scriptorum
976 1871 1120 1928 satis
1179 1874 1519 1926 accuratam
1588 1865 1905 1941 praeberet
1965 1864 2378 1937 cognitionem.
2468 1863 2571 1921 sed

329 1968 502 2026 etiam
560 1946 872 2043 postquam
935 1969 1288 2026 Buecheleri
1352 1966 1535 2024 editio
1600 1985 1649 2023 a.
1703 1969 1864 2024 1862
1928 1965 2149 2041 publici
2207 1965 2352 2023 iuris
2414 1965 2573 2023 facta

330 2076 452 2144 est,
497 2087 652 2144 quae
696 2075 856 2127 certe
903 2068 1163 2126 omnium
1209 2085 1374 2142 spem
1421 2068 1762 2143 superavit,
1817 2085 1913 2125 res
1960 2084 2079 2125 non
2126 2065 2302 2125 valde
2348 2071 2574 2125 mutata

331 2177 437 2229 est.
524 2189 660 2228 nam
719 2175 962 2246 praeter
1019 2187 1244 2245 paucos
1288 2186 1625 2245 parvosque
1669 2168 1935 2243 libellos,
1998 2185 2151 2245 quos
2212 2169 2574 2227 Huebnerus

330 2272 614 2344 (Grundr.
638 2291 712 2331 zn
733 2272 962 2332 Vorles.
986 2272 1119 2330 ueb.
1146 2289 1323 2330 roem.
1349 2272 1486 2330 Litt.
1512 2269 1767 2330 Gesch.⁴
1798 2290 1855 2348 p.
1884 2274 2006 2330 140
2023 2270 2215 2349 seqq.)
2247 2275 2576 2345 enumerat,

332 2375 649 2452 perpaucis
707 2374 851 2433 locis
912 2374 985 2432 de
1032 2374 1294 2432 Petronii
1361 2372 1513 2431 libro
1572 2372 1799 2450 aliquid
1863 2372 2229 2449 disputatum
2290 2374 2490 2432 inveni
2515 2372 2576 2443 ¹).

331 2480 582 2538 maxime
626 2487 823 2538 autem
870 2476 1191 2537 dolendum
1240 2482 1352 2546 est,
1410 2476 1571 2552 qnod
1630 2477 1881 2536 alterum
1929 2477 2207 2537 editionis
2252 2478 2573 2537 Buechele·
2652 2469 2657 2476 ’

332 2581 537 2640 rianae
583 2581 894 2654 volumen,
953 2598 1074 2658 quo
1132 2580 1622 2640 commentarium
1683 2579 2035 2656 iudicesque
2080 2598 2144 2640 se
2190 2581 2575 2656 comprehen-

333 2703 535 2743 surum
585 2703 715 2744 esse
759 2684 1030 2761 promisit
1061 2683 1158 2754 (cf.
1189 2683 1379 2761 praef.
1410 2702 1466 2760 p.
1501 2680 1861 2756 XXXXIII),
1909 2683 2170 2743 nondum
2218 2684 2437 2742 editum
2472 2688 2575 2742 est.

501 2788 703 2864 Atque
750 2788 826 2858 id,
873 2786 1035 2864 quod
1085 2786 1227 2860 dixi,
1271 2787 1534 2845 Petronii
1585 2784 1848 2845 studium
1894 2787 2282 2845 vehementer
2327 2786 2582 2861 neglegi,

333 2907 404 2946 eo
435 2891 630 2947 minus
661 2895 862 2964 potest
892 2889 1199 2964 explicari,
1244 2889 1388 2963 qnia
1420 2886 1513 2945 hic
1544 2887 1695 2945 liber
1727 2893 1787 2946 et
1816 2893 2062 2964 propter
2101 2905 2196 2946 res
2242 2892 2302 2946 et
2332 2892 2579 2961 propter

331 2989 723 3047 elocutionem
753 2990 962 3056 summi
994 2997 1086 3046 est
1116 2989 1414 3047 momenti.
1477 2987 1552 3046 de
1586 2989 1938 3046 formatione
1971 2988 2212 3064 quidem
2257 2989 2575 3046 verborum

333 3091 434 3149 uni
505 3090 761 3148 sermoni
834 3090 1067 3165 plebeio
1140 3090 1357 3148 usitata
1414 3089 1502 3148 bis
1563 3089 2003 3148 accuratissime
2063 3089 2427 3166 disputatum
2489 3096 2583 3148 est

332 3193 392 3260 (a
446 3191 760 3265 Ludwigio
805 3204 818 3247 t
862 3191 937 3250 de
997 3192 1260 3250 Petronii
1319 3209 1491 3250 serm.
1547 3191 1703 3267 pleb.
1764 3192 1901 3250 diss.
1960 3191 2122 3268 Lips.
2174 3194 2340 3252 1870
2399 3197 2460 3250 et
2501 3192 2577 3250 ab

313 3280 402 3353 ⁴A.
447 3312 484 3352 a
527 3293 857 3353 Guericke:
903 3294 979 3354 de
1025 3294 1166 3370 ling.
1212 3293 1372 3370 vulg.
1414 3294 1581 3370 reliq.
1613 3293 1779 3371 apud
1813 3296 2058 3353 Petron.
2104 3300 2163 3353 et
2205 3294 2266 3353 in
2312 3295 2578 3370 inscript.

333 3397 616 3473 parietar.
660 3396 1001 3472 Pompeian.
1048 3396 1184 3455 diss.
1231 3397 1460 3472 Regim.
1509 3393 1717 3473 1875),
1762 3396 1838 3456 de
1885 3398 2122 3473 syntaxi
2170 3401 2372 3455 autem
2419 3403 2579 3457 uter-

335 3517 451 3574 que
497 3516 688 3575 pauca
731 3503 957 3558 tantum
1004 3497 1237 3558 adiecit.
1326 3517 1512 3576 quare
1560 3498 1719 3557 haud
1764 3500 2032 3574 ineptum
2064 3499 2300 3559 videtur
2329 3499 2388 3560 in
2424 3500 2578 3559 hanc

510 3699 549 3760 ¹)
582 3695 807 3748 Praeter
861 3711 1069 3763 paucas
1123 3695 1512 3749 adnotationes
1558 3709 1592 3748 a
1644 3695 1891 3749 Luciano
1948 3696 2204 3760 Mueller,
2252 3696 2305 3750 J.
2362 3697 2575 3749 Vahlen

333 3788 391 3835 et
442 3780 569 3834 aliis
622 3780 802 3834 editas
856 3782 911 3833 in
968 3779 1318 3833 Fleckeiseni
1369 3780 1549 3832 annal.
1598 3796 1651 3832 v,
1695 3785 1787 3833 119
1821 3795 1870 3833 a.
1921 3785 2049 3834 1579
2094 3797 2148 3849 p.
2186 3786 2285 3834 629
2319 3797 2471 3849 seqq.
2520 3789 2578 3835 et

334 3883 388 3934 p.
414 3870 510 3920 833
532 3880 686 3933 seqq.
723 3862 796 3917 A.
835 3865 1090 3931 Strelitz,
1141 3882 1192 3933 p.
1220 3870 1317 3918 845
1341 3879 1496 3932 seqq.
1534 3866 1599 3917 E.
1637 3865 1835 3919 Rohde
1884 3867 2182 3920 nonnullas
2219 3867 2577 3934 protulerunt

340 3952 704 4005 coniecturas.
779 3956 1066 4018 practerea
1112 3951 1179 4004 Η.
1217 3950 1479 4004 Merkens
1525 3965 1572 4003 a.
1630 3956 1757 4003 lb76
1794 3967 1985 4005 cenam
2042 3950 2471 4003 Trimalchionis
2520 3953 2574 4004 in

333 4037 684 4090 vernaculam
726 4036 968 4103 linguam
1004 4035 1190 4102 vertit,
1225 4035 1306 4088 ita
1342 4043 1556 4102 tamen,
1595 4042 1660 4089 ut
1695 4045 1848 4090 totus
1886 4037 2105 4090 libellus
2143 4037 2197 4089 in
2238 4051 2575 4104 unaquaque

334 4120 450 4175 fere
505 4121 710 4190 pagina
762 4121 1108 4188 gravissimis
1162 4121 1440 4174 erroribus
1498 4129 1726 4175 scateat.
1817 4121 2058 4190 deniqne
2105 4122 2329 4174 allatum
2384 4119 2575 4174 inveni

333 4209 664 4275 opusculum
695 4207 754 4258 C.
781 4206 1093 4270 Morawski‚
1128 4221 1158 4260 e
1195 4221 1307 4274 quo
1335 4213 1535 4272 tamen,
1573 4207 1706 4273 quia
1733 4207 1919 4273 lingua
1942 4207 2167 4276 polnica
2190 4207 2571 4274 conscriptum

335 4301 439 4360 est,
475 4293 719 4345 fructum
756 4307 958 4360 capere
995 4308 1104 4345 non
1144 4292 1318 4361 potui.

2098 4397 2165 4448 20
