3166 4871
1058 340 1145 398 De
1179 341 1383 398 nomin.
1417 343 1478 398 in
1510 357 1679 408 -αιος,
1747 343 1780 414 9
1816 346 1903 399 28.x
2532 350 2610 413 87

366 520 614 579 auctore
657 508 946 579 κάλλαια
977 519 1156 582 etiam
1198 510 1541 592 κάλλωνες
1570 523 1974 584 vocabantur:
2019 512 2312 582 κάλλαια
2353 513 2438 583 τὰ
2479 510 2615 583 ὑπὸ

362 610 451 679 τά
511 614 735 700 γένεια
808 619 951 682 τῶν
1024 607 1534 704 ἀλεκτρυόνων,
1608 607 1729 695 οὓς
1792 614 2144 697 κάλλωνας
2216 617 2280 685 οἱ
2334 609 2615 686 Ἀττικοὶ

364 716 669 802 λέγουσι,
712 724 816 785 ubi
858 724 1045 786 Piers.
1090 726 1408 803 legendum
1455 731 1664 788 censet
1701 724 2041 805 χειλῶνας.
2112 727 2233 789 Sed
2269 727 2385 789 hae
2429 733 2612 789 muta-

359 826 529 886 tione
575 845 698 887 non
742 845 898 906 opus
941 832 1049 906 est,
1109 846 1248 889 nam
1292 830 1526 890 etiamsi
1566 818 1846 889 κάλλων
1904 833 2145 909 praeter
2199 832 2359 891 huno
2414 832 2610 892 looum

358 947 484 990 non
545 929 874 1008 reperitur,
930 933 1130 991 tamen
1192 950 1313 991 non
1370 915 1745 1010 ἀνωμάλως
1789 931 2110 993 formatum
2156 937 2261 994 est.
2349 934 2502 993 Nam
2548 936 2615 994 ut

359 1018 642 1090 κάλλων
683 1020 957 1106 κάλλος,
1017 1034 1103 1093 sie
1146 1017 1375 1111 ἀγκών
1419 1019 1646 1112 ἄγκος,
1693 1023 1863 1094 αἰών
1908 1028 2063 1108 alc-¹9,
2107 1024 2337 1094 κυτών
2379 1025 2614 1105 κύτος.·

359 1134 603 1211 saepius
656 1133 899 1213 quidem
956 1135 1259 1196 sororiant
1314 1152 1454 1194 -ων
1500 1139 1560 1196 et
1604 1153 1722 1207 -ος
1774 1137 2077 1197 secundae
2121 1137 2224 1197 vel
2266 1138 2612 1218 77⁴primse:

363 1226 582 1309 βαιών
626 1226 840 1317 βαιός,
898 1226 1171 1318 κνήκων
1214 1227 1490 1318 κνηκός,
1546 1228 1791 1315 κύφων
1834 1228 2080 1315 κυφός,
2134 1229 2382 1299 κώδων
2424 1229 2610 1321 κώδη

360 1333 610 1413 κωδὶα,
667 1328 929 1398 κώθων
970 1328 1233 1411 κωθός,
1289 1329 1618 1417 κολοφών
1661 1329 1957 1421 κορυφή,
2013 1330 2307 1420 μάλθων
2358 1332 2613 1420 μάλθα,

360 1431 607 1501 πυλών
647 1430 867 1523 πύλη,
920 1431 1160 1518 τυφών
1203 1439 1447 1518 τῦφος,
1502 1432 1762 1521 χλιδῶν
1800 1433 2014 1522 χλιδή.
2100 1445 2311 1521 Itaque
2368 1445 2637 1522 regulae·

362 1561 489 1604 non
553 1547 922 1623 repugnaret
977 1533 1258 1604 κάλλων
1303 1564 1340 1605 a
1384 1533 1593 1618 καλός
1635 1564 1749 1624 pro
1798 1535 2040 1621 xazjdg
2093 1535 2411 1620 (καλλός).
2496 1547 2611 1608 Sed

361 1648 673 1725 putaverit
725 1646 1045 1726 quispiam,
1102 1635 1463 1718 κάλλωνας
1519 1649 1635 1708 hoe
1680 1648 1811 1709 loeo
1858 1653 2201 1725 corruptum
2247 1667 2378 1709 esse
2422 1668 2457 1708 e
2498 1642 2612 1708 καὶ

362 1738 733 1828 πώγωνας,
791 1767 976 1828 quum
1022 1749 1402 1811 desideretur
1446 1744 1574 1811 καί.
1618 1780 1704 1790 —-
1745 1750 1864 1812 Sed
1909 1752 2013 1829 qui
2057 1751 2477 1828 explicandum
2525 1757 2615 1812 est
2690 1771 2695 1780 ·

355 1855 559 1930 ipsum
616 1841 995 1913 κάλλαιονῖ
1095 1853 1302 1914 Potest
1360 1870 1506 1913 sane
1562 1873 1600 1914 a
1660 1842 1909 1925 κάλλος
1966 1853 2303 1915 derivatum
2361 1872 2490 1915 esse
2549 1859 2615 1914 ut

363 1944 687 2034 κραταιός
730 1974 767 2015 a
795 1944 1057 2034 κράτος.
1149 1955 1282 2017 Hoo
1326 1955 1377 2016 s'i
1406 1974 1618 2015 verum
1664 1960 1841 2035 esset,
1883 1944 2207 2015 κάλλαιον
2249 1955 2614 2036 signifiosret

363 2061 785 2118 ornamentum
830 2058 1004 2137 qnasi
1049 2076 1120 2119 ao
1165 2058 1348 2119 decus
1395 2058 1624 2136 eapitis.
1710 2057 1827 2120 Sed
1857 2058 2039 2119 habet
2068 2059 2218 2118 haee
2248 2057 2613 2134 etymologia

366 2161 572 2220 neseio
628 2159 775 2238 quid
820 2161 985 2239 quod
1044 2179 1139 2221 me
1183 2161 1478 2238 offendat,
1536 2179 1735 2238 neque
1777 2148 2110 2220 κάλλαιον
2153 2161 2393 2221 videtur
2435 2178 2610 2237 posse
2648 2147 2657 2154 ’

363 2263 639 2339 separari
684 2281 723 2323 ι
765 2263 866 2323 lat.
901 2264 1100 2338 palea
1133 2264 1374 2339 palear.
1461 2264 1622 2323 Hine
1665 2262 2051 2342 intelligitur,
2107 2263 2407 2326 vocabulo
2452 2251 2612 2322 κάλ-

359 2364 561 2424 λαιον
601 2366 840 2445 proprie
885 2365 1204 2445 significari
1248 2365 1497 2426 barbam
1542 2365 1706 2444 galli.
1794 2365 1955 2442 Quid
1986 2367 2035 2426 si
2069 2364 2409 2427 derivatum
2453 2369 2613 2426 esset

360 2488 399 2528 a
443 2468 574 2529 rad.
620 2486 733 2529 ser.
777 2469 918 2549 ‚cval
955 2470 1200 2547 moveri,
1242 2469 1358 2548 ire,
1405 2473 1474 2529 ut
1515 2469 1759 2548 proprie
1804 2469 2172 2546 significaret
2212 2461 2611 2548 „vacillans“‘?

362 2569 438 2631 of.
483 2571 586 2632 lat.
621 2572 825 2646 palla,
861 2572 1145 2647 pallium,
1191 2590 1379 2649 germ.
1425 2572 1637 2645 qualle,
1685 2572 1978 2646 wolsten

1433 2776 1539 2837 ΠΙ.

509 2922 618 2992 De
662 2924 1033 2992 vocabulis
1075 2924 1156 2991 in
1203 2946 1349 3001 αιος
1393 2942 1436 2990 a
1480 2924 1833 3009 stirpibus
1876 2924 1956 2990 in
2004 2948 2046 2988 a
2091 2923 2459 2993 derivatis.

535 3076 649 3145 28.
735 3082 946 3163 Longe
990 3083 1250 3145 maxima
1291 3082 1725 3144 vocabulorum
1770 3084 1831 3144 in
1879 3100 2023 3154 αιος
2065 3100 2209 3161 pars
2252 3101 2289 3143 a
2325 3082 2611 3159 stirpibus

358 3186 425 3245 in
471 3202 515 3242 α
562 3185 974 3247 desinentibus
1020 3185 1288 3246 derivata
1333 3188 1439 3247 est.
1525 3184 1645 3246 Sed
1705 3188 1773 3244 ιιι
1810 3184 2041 3246 barum
2094 3185 2367 3261 stirpium
2411 3189 2609 3262 proto·

357 3292 682 3367 typorum,
743 3290 830 3348 sie
876 3290 1054 3350 etiam
1101 3288 1506 3350 derivatorum
1551 3278 1775 3365 genera
1820 3287 2079 3348 diversa.
2166 3287 2404 3347 Voealis
2451 3287 2603 3348 enim

359 3391 596 3451 illarum
641 3390 838 3451 finalis
881 3408 924 3449 α
968 3395 1073 3451 sut
1118 3392 1389 3468 eorporis
1434 3392 1623 3471 ipsius
1680 3395 1746 3452 ut
1802 3393 1887 3451 its
1944 3390 2138 3451 dicam
2195 3391 2443 3470 propria
2501 3395 2610 3468 est,

359 3497 467 3554 aut
509 3492 790 3555 suffixum
836 3511 961 3571 qna
1003 3494 1154 3553 haee
1199 3494 1330 3571 ipsa
1373 3494 1558 3572 stirps
1601 3512 1675 3554 ex
1720 3495 1841 3555 alia
1885 3493 2157 3554 derivata
2214 3499 2321 3554 est.
2406 3493 2608 3571 Atque

357 3596 521 3656 illius
566 3595 810 3675 quidem
854 3595 1060 3656 elassis
1104 3594 1224 3656 dno
1269 3598 1410 3655 sunt
1451 3613 1712 3674 genera,
1769 3596 2026 3674 primum
2072 3614 2310 3674 eorum,
2352 3613 2607 3672 quornm

360 3716 405 3757 α
446 3699 640 3776 ipsius
683 3698 903 3759 radicis
947 3696 1261 3777 proprium
1305 3700 1427 3775 est,
1480 3702 1547 3758 ιιι
1590 3699 1649 3758 ἰιι
1694 3694 2017 3771 βε-βα-ιος
2032 3742 2049 3776 ,
2091 3697 2345 3758 alterum
2386 3716 2611 3775 eorum,

357 3819 618 3878 qnorum
664 3818 707 3859 α
750 3799 952 3869 suffixi
998 3798 1240 3878 quidem
1285 3803 1392 3878 est,
1436 3799 1544 3860 sed
1591 3818 1710 3861 non
1755 3801 1884 3860 eius
1929 3819 2048 3877 quo
2096 3800 2420 3872 novissima
2457 3799 2610 3859 haee

360 3904 574 3981 forms,
619 3903 780 3964 unde
827 3902 1163 3965 derivatum
1196 3903 1259 3962 in
1292 3918 1436 3974 αιος
1464 3902 1793 3979 deseendit,
1835 3888 2155 3963 terminsta
2197 3905 2303 3979 est,
2346 3906 2413 3962 ut
2454 3886 2608 3961 ἄλα-

363 4012 464 4077 ῖος
510 4024 632 4066 non
681 4022 758 4065 ex
801 4008 874 4065 st.
919 4003 1097 4083 αλ-α,
1141 4004 1249 4066 sed
1293 4021 1371 4065 ex
1417 3988 1736 4079 ἆλ-α-(]“)ο
1782 4007 2007 4065 natum.
2093 4004 2361 4065 Alterius
2407 4003 2613 4064 elassis

361 4108 479 4169 tria
522 4111 668 4168 sunt
707 4125 966 4185 genera,
1009 4107 1266 4185 primum
1312 4124 1516 4168 eorum
1564 4125 1721 4184 quae
1777 4125 1814 4166 a
1873 4106 2263 4167 substantivis
2319 4106 2447 4166 sive
2490 4124 2608 4166 ma-

361 4210 580 4272 sculini
627 4210 755 4270 sive
798 4209 1070 4270 feminini
1099 4210 1340 4288 generis
1368 4209 1689 4288 pullulant,
1732 4208 1836 4269 illa
1877 4227 2201 4288 perpauca,
2244 4208 2395 4268 haee
2438 4207 2609 4269 innn-

359 4331 555 4391 mera,
599 4314 861 4374 alterum
908 4328 1112 4373 eorum
1158 4331 1318 4391 quse
1357 4312 1433 4373 ab
1477 4311 1778 4373 adverbiis
1824 4311 2035 4389 dueta,
2093 4311 2330 4370 tertium
2374 4326 2531 4387 quae
2574 4327 2613 4369 ι
