3166 4871
587 290 710 352 340

753 465 1009 524 Pei-raro
1072 465 1360 522 minuitur
1415 469 1471 522 et
1522 480 1729 537 paene
1792 464 2023 522 tollitur
2082 481 2338 538 prorsus
2385 466 2496 524 illa
2542 469 2832 542 inaequa-

583 568 741 625 litas.
832 583 1021 640 quare
1066 568 1364 639 componit
1404 582 1596 640 saepe
1640 567 1822 624 etiam
1869 582 1975 639 ea,
2022 583 2178 640 quae
2222 570 2504 641 aequalia
2550 576 2608 628 et
2651 573 2829 629 unius

578 670 817 742 generis
861 675 1037 739 sunt,
1098 676 1154 726 et
1199 683 1299 738 ea,
1357 684 1514 741 quae
1556 684 1892 742 synonyma
1934 684 2063 727 csse
2105 669 2445 729 videamur.
2533 669 2756 744 (Hand.
2805 675 2828 732 1

582 775 726 847 540,
753 774 835 841 8).
908 772 989 829 ita
1036 772 1208 829 etiam
1255 772 1313 829 in
1360 770 1648 829 Petronio
1694 772 1752 828 in
1784 772 2047 831 carmine
2081 790 2129 830 c.
2166 775 2244 831 14
2275 771 2400 848 (15,
2430 776 2493 842 8)
2543 774 2827 849 legimus:

579 874 728 947 quid
762 874 1004 947 sociant
1051 875 1236 946 leqes,
1284 870 1387 930 ubi
1427 874 1556 930 sola
1597 873 1863 947 pecunia
1907 878 2145 948 requae,
2190 878 2298 932 aut
2343 874 2443 933 ubi
2477 883 2821 949 paupertas

577 978 818 1035 vincere
874 977 1045 1034 uuna
1101 976 1379 1050 1›otesc?,
1442 975 1541 1034 ubi
1605 976 1719 1034 iam
1782 976 1840 1033 in
1899 975 2027 1034 cod.
2075 977 2122 1034 E
2180 982 2359 1049 atque
2417 977 2519 1035 ubi
2562 996 2672 1054 pro
2718 984 2825 1036 au!

574 1078 678 1137 ubi
723 1080 1003 1155 scriptum
1053 1087 1158 1138 est.
1246 1077 1347 1136 sed
1396 1078 1509 1137 hac
1554 1078 1879 1136 mutatione
1926 1097 2043 1137 non
2092 1096 2244 1156 opus
2289 1084 2394 1138 est.

745 1189 935 1259 Saepe
979 1180 1281 1240 invenitur
1326 1185 1433 1237 aut
1474 1181 1533 1238 in
1582 1180 1892 1239 sententiis
1941 1180 2249 1255 negativis,
2303 1180 2384 1239 ita
2432 1189 2497 1240 ut
2541 1189 2648 1240 aut
2692 1183 2814 1259 ple-

573 1304 825 1361 rumque
874 1303 990 1343 non
1038 1288 1412 1359 negationem
1460 1281 1735 1357 excipiat,
1781 1281 1886 1340 sed
1935 1283 2183 1357 eiquasi
2219 1282 2672 1343 subordinatum
2720 1286 2812 1344 sit.

570 1393 767 1446 tamen
814 1388 1200 1446 inveniuntur
1249 1385 1515 1444 nonnulli
1562 1385 1710 1460 loci,
1768 1384 1987 1460 quibus
2044 1386 2282 1459 negatio
2343 1404 2451 1462 per
2511 1395 2617 1445 aa!
2662 1387 2809 1446 cxci·

569 1491 787 1566 piatur,
830 1489 913 1547 ita
961 1494 1026 1547 ut
1068 1503 1181 1545 nec
1226 1506 1337 1563 pro
1371 1505 1441 1546 eo
1472 1487 1613 1563 poni
1646 1488 1848 1563 possit.
1939 1486 2041 1546 sed
2079 1487 2174 1545 hic
2206 1505 2349 1546 usus
2381 1494 2472 1547 est
2499 1493 2809 1563 poetarum

568 1600 628 1651 et
673 1610 896 1666 eorum,
941 1589 1042 1666 qni
1088 1608 1418 1649 sermonem
1466 1590 1760 1664 poeticum
1808 1590 2127 1648 imitantur.
2216 1586 2440 1661 (Hand.
2481 1590 2504 1647 1
2544 1594 2700 1667 543,
2731 1588 2811 1666 ‚9)

565 1693 625 1753 id
673 1696 847 1752 etiam
892 1693 951 1751 in
995 1693 1157 1751 locos
1203 1692 1599 1751 Petronianos
1646 1691 1819 1749 cadit.
1907 1692 1990 1749 ita
2034 1707 2154 1749 non
2213 1693 2541 1767 praemisso
2586 1692 2810 1767 legitur

566 1804 670 1854 um
716 1817 765 1855 c.
807 1801 881 1856 61
940 1796 1066 1873 (72,
1112 1799 1233 1862 22),
1289 1797 1369 1854 82
1417 1792 1541 1864 (97,
1595 1791 1715 1870 13),
1773 1797 1892 1853 114
1948 1791 2118 1869 (145,
2168 1791 2288 1870 14),
2355 1798 2471 1855 120
2515 1795 2677 1864 (158,
2724 1792 2807 1871 6),

570 1904 689 1959 124
736 1897 915 1970 (170,
965 1897 1099 1973 17);
1158 1903 1293 1974 post
1336 1913 1413 1956 ne
1458 1916 1507 1955 c.
1557 1899 1635 1956 78
1683 1891 1820 1974 (92,
1866 1895 1958 1966 6);
2021 1902 2157 1971 post
2201 1896 2562 1970 ize-quidem
2622 1915 2671 1955 c.
2720 1900 2804 1956 88

566 2005 734 2079 (104,
766 1999 856 2072 9);
903 2006 1041 2077 post
1084 2016 1194 2058 nec
1239 1997 1299 2070 (i.
1333 2019 1382 2058 e.
1429 2003 1487 2056 et
1536 1996 1679 2070 non)
1726 2017 1774 2056 c.
1810 2002 1931 2058 110
1976 1996 2145 2075 (136,
2191 1996 2312 2076 11),
2360 2003 2478 2059 112
2525 1997 2692 2076 (140,
2725 1996 2807 2075 6),

568 2109 685 2166 123
734 2104 898 2176 (165,
935 2100 1055 2174 13).
1144 2101 1217 2161 cf.
1264 2102 1568 2161 Kueliner.
1602 2101 1656 2160 11
1702 2101 1737 2168 ξ
1774 2105 1909 2171 168,
1944 2105 1996 2160 6.

734 2205 963 2265 Deinde
1008 2211 1113 2263 aut
1156 2206 1215 2263 in
1260 2203 1828 2279 interrogationibus
1872 2221 2053 2280 saepe
2084 2203 2346 2280 ponitur.
2434 2221 2503 2262 ae
2549 2204 2799 2280 primum

560 2309 795 2386 quidem
863 2308 1019 2368 duae
1089 2308 1422 2368 sententiae
1485 2307 1952 2382 interrogativae
2015 2306 2277 2366 directae
2338 2307 2635 2382 particula
2694 2312 2800 2365 aut

561 2411 719 2471 inter
764 2429 828 2470 se
875 2411 1335 2487 coniunguntur,
1382 2409 1734 2486 plerumque
1779 2408 1876 2479 ita,
1924 2411 1990 2467 ut
2031 2408 2089 2467 in
2138 2410 2465 2485 posteriore
2504 2410 2801 2470 sententia

555 2515 894 2573 accuratius
939 2512 1329 2587 interrogatio
1376 2516 1697 2586 repetatur.
1788 2511 1861 2569 cf.
1907 2530 1957 2569 e.
1993 2515 2071 2571 13
2118 2509 2244 2588 (14,
2276 2509 2401 2587 20),
2450 2516 2526 2571 14
2559 2511 2683 2589 (15,
2716 2510 2797 2584 3),

563 2622 633 2677 17
684 2616 807 2688 (18,
845 2613 962 2685 14),
1011 2619 1089 2675 95
1136 2612 1304 2691 (115,
1338 2617 1414 2689 1),
1449 2617 1583 2677 100
1615 2612 1781 2685 (121,
1823 2617 1939 2690 14),
1991 2617 2104 2674 101
2145 2612 2312 2688 (122,
2344 2611 2425 2686 8),
2478 2619 2595 2675 107
2629 2614 2795 2692 (129,

560 2718 680 2796 16),
730 2724 845 2779 132
893 2716 1062 2793 (185,
1104 2718 1225 2792 14),
1274 2719 1392 2776 134
1436 2714 1606 2792 (188,
1647 2713 1726 2792 7),
1779 2720 1895 2777 136
1943 2714 2110 2793 (197,
2159 2715 2230 2790 1),
2292 2720 2411 2777 122
2460 2716 2626 2793 (163,
2677 2716 2793 2789 18).

552 2821 880 2881 indirectas
934 2822 1264 2880 sententiae
1311 2819 1775 2895 interrogativae
1834 2819 2129 2896 particula
2187 2826 2291 2877 aul
2344 2820 2792 2897 coniunguntur

550 3000 920 3069 scriptoribus
975 3001 1325 3067 desumptus,
1392 3013 1531 3066 quos
1588 2998 1829 3052 contulit
1881 2998 2258 3053 Buechelerus
2313 2998 2370 3051 in
2426 3000 2602 3069 symb.
2658 3000 2794 3069 phil.

548 3086 724 3140 Bonn.
768 3101 823 3154 p.
850 3089 915 3138 52
952 3091 1009 3138 et
1044 3086 1148 3146 63).
1237 3082 1512 3137 Studerus
1559 3083 1691 3136 inde
1746 3084 2012 3151 consequi
2069 3090 2233 3153 putat
2275 3085 2595 3139 Petronium
2641 3082 2792 3139 hune

547 3170 726 3224 locum
764 3170 1099 3223 scribentem
1137 3168 1356 3221 Claudii
1396 3174 1646 3236 tempora
1680 3178 1993 3236 spectasse,
2052 3170 2152 3223 sed
2208 3169 2489 3237 quomodo
2537 3170 2682 3223 iuter
2727 3185 2792 3224 se

546 3262 892 3324 congruunt,
929 3253 1078 3322 quod
1114 3252 1279 3306 modo
1315 3253 1585 3307 causidici
1623 3252 1916 3306 artificium
1956 3269 2066 3305 non
2102 3261 2210 3307 tam
2250 3254 2454 3308 bonum
2495 3270 2618 3309 esse
2653 3254 2791 3309 dici-

545 3348 660 3407 tur,
699 3355 865 3408 quam
902 3339 1262 3393 tonstreinum
1302 3347 1360 3392 et
1395 3337 1783 3406 praeconium,
1836 3337 2001 3391 modo
2040 3353 2211 3405 puero
2246 3337 2497 3394 Phileros
2547 3338 2786 3393 causidi-

544 3441 645 3478 cus
680 3425 1022 3491 ostenditur,
1085 3439 1249 3492 quein
1289 3423 1641 3476 aemuletur?
1711 3423 1770 3475 in
1807 3423 1994 3476 verbis
2041 3430 2190 3477 certe
2225 3423 2564 3478 causidicum
2601 3440 2784 3478 corru-

543 3511 747 3578 ptelam
786 3509 960 3563 latere
996 3514 1162 3577 puto,
1211 3524 1353 3576 quae
1391 3508 1630 3562 fortasse
1669 3508 1787 3561 tolli
1824 3514 2030 3577 potest,
2086 3508 2134 3562 si
2173 3509 2377 3562 utimur
2412 3506 2607 3577 fragm.
2645 3508 2783 3563 Vlll

539 3603 617 3664 (ι).
656 3599 779 3661 mis)
815 3612 848 3648 a
886 3595 1179 3659 Fulgentio
1215 3600 1518 3658 asservato,
1558 3593 1654 3661 qui
1692 3594 1911 3647 scribit:
1957 3593 2276 3649 Tricerberi
2307 3602 2489 3649 autem
2520 3593 2782 3664 fabulam

540 3683 649 3735 iam
684 3681 948 3752 superius
985 3680 1356 3751 exposuimus
1393 3681 1450 3732 in
1486 3678 1711 3733 modum
1746 3680 1917 3750 iurqii
1944 3679 2322 3750 forensisque
2346 3680 2502 3749 litiqii
2521 3681 2782 3750 positam,

538 3768 689 3821 unde
725 3774 778 3820 ec
815 3766 1122 3822 Petronius
1157 3766 1214 3818 in
1242 3765 1490 3819 Euscion
1527 3764 1637 3819 ait:
1676 3763 1953 3819 Cerberus
1987 3766 2245 3834 forensis
2281 3770 2407 3820 erat
2441 3765 2781 3819 causidicus.

540 3851 786 3906 Euscion
824 3865 1114 3919 personam
1153 3865 1279 3903 esse
1315 3849 1522 3904 debere
1546 3850 1938 3904 Petronianam
1965 3850 2340 3905 Buecheler-us
2378 3850 2587 3918 optime
2611 3850 2774 3915 vidit,

535 3939 777 3990 tortasse
812 3941 997 3989 autem
1035 3934 1282 3988 Euscion
1329 3948 1397 3987 ex
1438 3933 1683 3997 Echion,
1738 3934 1833 4003 qui
1869 3943 2062 3988 nostro
2099 3935 2220 3988 loco
2257 3935 2534 4003 loquitur,
2584 3950 2771 3987 corru-

534 4031 691 4090 ptum
729 4030 818 4075 est
842 4036 1060 4087 nomen,
1096 4031 1153 4073 et
1177 4037 1278 4088 pro
1304 4026 1453 4074 certe
1476 4019 1840 4083 causidicum,
1877 4020 2028 4089 quod
2055 4019 2406 4085 glossematis
2433 4020 2557 4072 loco
2582 4035 2778 4088 super-

533 4108 798 4175 scriptum
836 4104 1012 4160 fuisse
1048 4105 1376 4173 putaverim,
1413 4104 1703 4158 cerberum
1734 4105 2033 4176 forensem
2067 4106 2365 4171 vestigium
2392 4111 2482 4158 est
2502 4106 2777 4171 genuinae

533 4193 859 4259 scripturae.
930 4191 1030 4245 sed
1067 4205 1278 4253 vereor,
1324 4204 1395 4243 nc
1431 4190 1536 4242 iam
1579 4190 1770 4242 ludere
1807 4190 1984 4256 magis
2022 4189 2230 4254 videar,
2267 4205 2430 4257 quam
2468 4190 2774 4258 explicare,

531 4279 832 4347 gauderem
867 4285 1068 4345 tamen,
1105 4276 1152 4330 si
1187 4277 1312 4344 quis
1350 4273 1738 4329 difficultatem
1778 4273 1983 4329 leviore
2020 4275 2260 4329 remedio
2295 4275 2531 4330 tolleret.
