<?xml version="1.0" encoding="UTF-8"?>
<!DOCTYPE html PUBLIC "-//W3C//DTD XHTML 1.0 Transitional//EN"
    "http://www.w3.org/TR/xhtml1/DTD/xhtml1-transitional.dtd">
<html xmlns="http://www.w3.org/1999/xhtml" xml:lang="en" lang="en">
 <head>
  <title>
</title>
<meta http-equiv="Content-Type" content="text/html;charset=utf-8" />
  <meta name='ocr-system' content='tesseract 3.04.00' />
  <meta name='ocr-capabilities' content='ocr_page ocr_carea ocr_par ocr_line ocrx_word'/>
</head>
<body>
  <div class='ocr_page' id='page_1' title='image "./dissertationesp00hallgoog_0623.png"; bbox 0 0 3166 4871; ppageno 0'>
   <div class='ocr_carea' id='block_1_1' title="bbox 2508 296 2636 357">
    <p class='ocr_par' dir='ltr' id='par_1_1' title="bbox 2508 296 2636 357">
     <span class='ocr_line' id='line_1_1' title="bbox 2508 296 2636 357; baseline -0.008 0"><span class='ocrx_word' id='word_1_1' title='bbox 2508 296 2636 357; x_wconf 80' lang='lat'>265</span> 
     </span>
    </p>
   </div>
   <div class='ocr_carea' id='block_1_2' title="bbox 392 466 2638 4326">
    <p class='ocr_par' dir='ltr' id='par_1_2' title="bbox 393 466 2637 1862">
     <span class='ocr_line' id='line_1_2' title="bbox 394 466 2635 544; baseline 0 -16"><span class='ocrx_word' id='word_1_2' title='bbox 394 474 633 544; x_wconf 88' lang='lat' dir='ltr'>temque</span> <span class='ocrx_word' id='word_1_3' title='bbox 663 467 817 527; x_wconf 87' lang='lat' dir='ltr'>tradi</span> <span class='ocrx_word' id='word_1_4' title='bbox 862 467 1021 528; x_wconf 87' lang='lat' dir='ltr'>dicit.</span> <span class='ocrx_word' id='word_1_5' title='bbox 1109 468 1362 528; x_wconf 78' lang='lat' dir='ltr'><strong>Maxime</strong></span> <span class='ocrx_word' id='word_1_6' title='bbox 1410 471 1605 528; x_wconf 86' lang='lat' dir='ltr'>autem</span> <span class='ocrx_word' id='word_1_7' title='bbox 1639 467 1985 528; x_wconf 76' lang='lat' dir='ltr'><strong>Ciceronem</strong></span> <span class='ocrx_word' id='word_1_8' title='bbox 2025 466 2341 530; x_wconf 75' lang='lat' dir='ltr'>Simonidis</span> <span class='ocrx_word' id='word_1_9' title='bbox 2373 470 2635 529; x_wconf 90' lang='lat' dir='ltr'>carmina</span> 
     </span>
     <span class='ocr_line' id='line_1_3' title="bbox 394 569 2634 648; baseline 0.001 -20"><span class='ocrx_word' id='word_1_10' title='bbox 394 587 607 646; x_wconf 87' lang='lat' dir='ltr'>parum</span> <span class='ocrx_word' id='word_1_11' title='bbox 653 570 890 630; x_wconf 90' lang='lat' dir='ltr'>novisse</span> <span class='ocrx_word' id='word_1_12' title='bbox 942 588 1016 629; x_wconf 86' lang='lat' dir='ltr'>ex</span> <span class='ocrx_word' id='word_1_13' title='bbox 1075 587 1146 629; x_wconf 92' lang='lat' dir='ltr'>eo</span> <span class='ocrx_word' id='word_1_14' title='bbox 1194 569 1435 630; x_wconf 86' lang='lat' dir='ltr'>videtur</span> <span class='ocrx_word' id='word_1_15' title='bbox 1480 571 1746 648; x_wconf 76' lang='lat' dir='ltr'>perspici</span> <span class='ocrx_word' id='word_1_16' title='bbox 1793 588 1986 647; x_wconf 88' lang='lat' dir='ltr'>posse,</span> <span class='ocrx_word' id='word_1_17' title='bbox 2030 569 2192 647; x_wconf 91' lang='lat' dir='ltr'>quod</span> <span class='ocrx_word' id='word_1_18' title='bbox 2240 571 2439 631; x_wconf 88' lang='lat' dir='ltr'>nullus</span> <span class='ocrx_word' id='word_1_19' title='bbox 2483 572 2634 631; x_wconf 87' lang='lat' dir='ltr'>alius</span> 
     </span>
     <span class='ocr_line' id='line_1_4' title="bbox 396 671 2636 752; baseline 0.002 -22"><span class='ocrx_word' id='word_1_20' title='bbox 396 671 558 750; x_wconf 89' lang='lat' dir='ltr'>apud</span> <span class='ocrx_word' id='word_1_21' title='bbox 618 690 752 732; x_wconf 92' lang='lat' dir='ltr'>eum</span> <span class='ocrx_word' id='word_1_22' title='bbox 805 673 1107 732; x_wconf 87' lang='lat' dir='ltr'>invenitur</span> <span class='ocrx_word' id='word_1_23' title='bbox 1167 674 1345 751; x_wconf 88' lang='lat' dir='ltr'>hujus</span> <span class='ocrx_word' id='word_1_24' title='bbox 1404 691 1646 750; x_wconf 78' lang='lat' dir='ltr'>versuS,</span> <span class='ocrx_word' id='word_1_25' title='bbox 1707 674 1819 732; x_wconf 92' lang='lat' dir='ltr'>nisi</span> <span class='ocrx_word' id='word_1_26' title='bbox 1876 672 2247 734; x_wconf 88' lang='lat' dir='ltr'>notissimum</span> <span class='ocrx_word' id='word_1_27' title='bbox 2310 673 2455 733; x_wconf 87' lang='lat' dir='ltr'>illud</span> <span class='ocrx_word' id='word_1_28' title='bbox 2516 676 2636 752; x_wconf 92' lang='lat' dir='ltr'>epi-</span> 
     </span>
     <span class='ocr_line' id='line_1_5' title="bbox 396 774 2636 853; baseline 0.002 -21"><span class='ocrx_word' id='word_1_29' title='bbox 396 792 660 851; x_wconf 77' lang='lat' dir='ltr'><strong>gramma</strong></span> <span class='ocrx_word' id='word_1_30' title='bbox 717 775 776 834; x_wconf 90' lang='lat' dir='ltr'>in</span> <span class='ocrx_word' id='word_1_31' title='bbox 821 774 1171 851; x_wconf 74' lang='lat' dir='ltr'>Spartiatae,</span> <span class='ocrx_word' id='word_1_32' title='bbox 1225 776 1326 852; x_wconf 91' lang='lat' dir='ltr'>qui</span> <span class='ocrx_word' id='word_1_33' title='bbox 1373 774 1535 852; x_wconf 86' lang='lat' dir='ltr'>apud</span> <span class='ocrx_word' id='word_1_34' title='bbox 1581 775 2020 852; x_wconf 85' lang='lat' dir='ltr'>Thermopylas</span> <span class='ocrx_word' id='word_1_35' title='bbox 2065 793 2175 852; x_wconf 89' lang='lat' dir='ltr'>pro</span> <span class='ocrx_word' id='word_1_36' title='bbox 2221 776 2416 853; x_wconf 85' lang='lat' dir='ltr'>patria</span> <span class='ocrx_word' id='word_1_37' title='bbox 2462 778 2636 837; x_wconf 87' lang='lat' dir='ltr'>morti</span> 
     </span>
     <span class='ocr_line' id='line_1_6' title="bbox 396 870 2633 956; baseline 0 -20"><span class='ocrx_word' id='word_1_38' title='bbox 396 894 460 936; x_wconf 89' lang='lat' dir='ltr'>se</span> <span class='ocrx_word' id='word_1_39' title='bbox 519 875 834 938; x_wconf 84' lang='lat' dir='ltr'>dederunt.</span> <span class='ocrx_word' id='word_1_40' title='bbox 934 878 1087 937; x_wconf 86' lang='lat' dir='ltr'>Nam</span> <span class='ocrx_word' id='word_1_41' title='bbox 1134 895 1210 939; x_wconf 86' lang='lat' dir='ltr'>ex</span> <span class='ocrx_word' id='word_1_42' title='bbox 1255 896 1345 956; x_wconf 83' lang='lat' dir='ltr'>ec,</span> <span class='ocrx_word' id='word_1_43' title='bbox 1404 872 1568 956; x_wconf 85' lang='lat' dir='ltr'>quod</span> <span class='ocrx_word' id='word_1_44' title='bbox 1617 878 1751 938; x_wconf 89' lang='lat' dir='ltr'>loco</span> <span class='ocrx_word' id='word_1_45' title='bbox 1788 878 1912 955; x_wconf 68' lang='lat' dir='ltr'>⁴iam</span> <span class='ocrx_word' id='word_1_46' title='bbox 1969 896 2154 955; x_wconf 85' lang='lat' dir='ltr'>supra</span> <span class='ocrx_word' id='word_1_47' title='bbox 2197 878 2380 939; x_wconf 86' lang='lat' dir='ltr'>allato</span> <span class='ocrx_word' id='word_1_48' title='bbox 2425 870 2507 953; x_wconf 88' lang='lat' dir='ltr'>(d.</span> <span class='ocrx_word' id='word_1_49' title='bbox 2550 899 2633 940; x_wconf 88' lang='lat' dir='ltr'>or.</span> 
     </span>
     <span class='ocr_line' id='line_1_7' title="bbox 398 978 2636 1058; baseline 0.001 -18"><span class='ocrx_word' id='word_1_50' title='bbox 398 982 452 1049; x_wconf 80' lang='lat'>2,</span> <span class='ocrx_word' id='word_1_51' title='bbox 485 980 631 1045; x_wconf 80' lang='lat'><strong>352)</strong></span> <span class='ocrx_word' id='word_1_52' title='bbox 678 998 913 1039; x_wconf 88' lang='lat' dir='ltr'>carmen</span> <span class='ocrx_word' id='word_1_53' title='bbox 974 979 1119 1040; x_wconf 89' lang='lat' dir='ltr'>illud</span> <span class='ocrx_word' id='word_1_54' title='bbox 1174 981 1233 1039; x_wconf 92' lang='lat' dir='ltr'>in</span> <span class='ocrx_word' id='word_1_55' title='bbox 1278 981 1532 1058; x_wconf 81' lang='lat' dir='ltr'><strong>Scopam</strong></span> <span class='ocrx_word' id='word_1_56' title='bbox 1591 1000 1627 1040; x_wconf 93' lang='lat' dir='ltr'>a</span> <span class='ocrx_word' id='word_1_57' title='bbox 1685 978 1987 1041; x_wconf 82' lang='lat' dir='ltr'>Simonide</span> <span class='ocrx_word' id='word_1_58' title='bbox 2048 980 2269 1041; x_wconf 88' lang='lat' dir='ltr'>factum</span> <span class='ocrx_word' id='word_1_59' title='bbox 2334 989 2636 1054; x_wconf 77' lang='lat' dir='ltr'>memorat,</span> 
     </span>
     <span class='ocr_line' id='line_1_8' title="bbox 397 1082 2636 1160; baseline 0.002 -20"><span class='ocrx_word' id='word_1_60' title='bbox 397 1099 515 1141; x_wconf 89' lang='lat' dir='ltr'>non</span> <span class='ocrx_word' id='word_1_61' title='bbox 562 1083 835 1159; x_wconf 88' lang='lat' dir='ltr'>sequitur</span> <span class='ocrx_word' id='word_1_62' title='bbox 892 1082 951 1143; x_wconf 92' lang='lat' dir='ltr'>id</span> <span class='ocrx_word' id='word_1_63' title='bbox 1010 1084 1066 1143; x_wconf 92' lang='lat' dir='ltr'>ei</span> <span class='ocrx_word' id='word_1_64' title='bbox 1107 1086 1309 1143; x_wconf 90' lang='lat' dir='ltr'>notum</span> <span class='ocrx_word' id='word_1_65' title='bbox 1372 1082 1573 1143; x_wconf 86' lang='lat' dir='ltr'>fuisse.</span> <span class='ocrx_word' id='word_1_66' title='bbox 1661 1082 1930 1160; x_wconf 84' lang='lat' dir='ltr'><strong>Apparet</strong></span> <span class='ocrx_word' id='word_1_67' title='bbox 1986 1083 2139 1143; x_wconf 90' lang='lat' dir='ltr'>enim</span> <span class='ocrx_word' id='word_1_68' title='bbox 2202 1088 2383 1144; x_wconf 86' lang='lat' dir='ltr'>totam</span> <span class='ocrx_word' id='word_1_69' title='bbox 2433 1103 2636 1145; x_wconf 86' lang='lat' dir='ltr'>narra-</span> 
     </span>
     <span class='ocr_line' id='line_1_9' title="bbox 395 1184 2633 1266; baseline 0.002 -23"><span class='ocrx_word' id='word_1_70' title='bbox 395 1184 614 1244; x_wconf 86' lang='lat' dir='ltr'>tionem</span> <span class='ocrx_word' id='word_1_71' title='bbox 669 1185 773 1245; x_wconf 95' lang='lat' dir='ltr'>illo</span> <span class='ocrx_word' id='word_1_72' title='bbox 818 1185 948 1246; x_wconf 90' lang='lat' dir='ltr'>loco</span> <span class='ocrx_word' id='word_1_73' title='bbox 1002 1186 1290 1262; x_wconf 81' lang='lat' dir='ltr'>prolatam</span> <span class='ocrx_word' id='word_1_74' title='bbox 1339 1203 1411 1244; x_wconf 86' lang='lat' dir='ltr'>ex</span> <span class='ocrx_word' id='word_1_75' title='bbox 1458 1185 1691 1246; x_wconf 85' lang='lat' dir='ltr'>Graeco</span> <span class='ocrx_word' id='word_1_76' title='bbox 1745 1186 1942 1262; x_wconf 83' lang='lat' dir='ltr'>aliquo</span> <span class='ocrx_word' id='word_1_77' title='bbox 1997 1186 2289 1262; x_wconf 79' lang='lat' dir='ltr'>scriptore</span> <span class='ocrx_word' id='word_1_78' title='bbox 2336 1192 2633 1266; x_wconf 77' lang='lat' dir='ltr'>sumptam</span> 
     </span>
     <span class='ocr_line' id='line_1_10' title="bbox 396 1287 2637 1367; baseline 0.002 -21"><span class='ocrx_word' id='word_1_79' title='bbox 396 1305 543 1348; x_wconf 90' lang='lat' dir='ltr'>esse.</span> <span class='ocrx_word' id='word_1_80' title='bbox 629 1288 877 1365; x_wconf 85' lang='lat' dir='ltr'>Tyrtaei</span> <span class='ocrx_word' id='word_1_81' title='bbox 908 1292 1104 1348; x_wconf 88' lang='lat' dir='ltr'>autem</span> <span class='ocrx_word' id='word_1_82' title='bbox 1151 1293 1213 1348; x_wconf 90' lang='lat' dir='ltr'>et</span> <span class='ocrx_word' id='word_1_83' title='bbox 1248 1287 1638 1367; x_wconf 84' lang='lat' dir='ltr'>Theognidis,</span> <span class='ocrx_word' id='word_1_84' title='bbox 1683 1291 1751 1347; x_wconf 87' lang='lat' dir='ltr'>ut</span> <span class='ocrx_word' id='word_1_85' title='bbox 1778 1288 1927 1347; x_wconf 87' lang='lat' dir='ltr'>alios</span> <span class='ocrx_word' id='word_1_86' title='bbox 1959 1288 2243 1359; x_wconf 89' lang='lat' dir='ltr'>omittam,</span> <span class='ocrx_word' id='word_1_87' title='bbox 2287 1307 2363 1349; x_wconf 79' lang='lat' dir='ltr'>ne</span> <span class='ocrx_word' id='word_1_88' title='bbox 2396 1292 2637 1351; x_wconf 88' lang='lat' dir='ltr'>nomina</span> 
     </span>
     <span class='ocr_line' id='line_1_11' title="bbox 395 1389 2636 1469; baseline 0.002 -19"><span class='ocrx_word' id='word_1_89' title='bbox 395 1389 633 1467; x_wconf 86' lang='lat' dir='ltr'>quidem</span> <span class='ocrx_word' id='word_1_90' title='bbox 681 1390 928 1469; x_wconf 79' lang='lat' dir='ltr'>profert.</span> <span class='ocrx_word' id='word_1_91' title='bbox 1014 1391 1130 1452; x_wconf 87' lang='lat' dir='ltr'>Sed</span> <span class='ocrx_word' id='word_1_92' title='bbox 1179 1391 1323 1451; x_wconf 88' lang='lat' dir='ltr'>haec</span> <span class='ocrx_word' id='word_1_93' title='bbox 1371 1390 1688 1451; x_wconf 86' lang='lat' dir='ltr'>hactenus:</span> <span class='ocrx_word' id='word_1_94' title='bbox 1725 1391 1853 1468; x_wconf 88' lang='lat' dir='ltr'>jam</span> <span class='ocrx_word' id='word_1_95' title='bbox 1885 1392 2041 1450; x_wconf 91' lang='lat' dir='ltr'>enim</span> <span class='ocrx_word' id='word_1_96' title='bbox 2087 1392 2469 1469; x_wconf 84' lang='lat' dir='ltr'>perspicuum</span> <span class='ocrx_word' id='word_1_97' title='bbox 2501 1411 2636 1456; x_wconf 89' lang='lat' dir='ltr'>esse</span> 
     </span>
     <span class='ocr_line' id='line_1_12' title="bbox 394 1492 2636 1574; baseline 0.002 -20"><span class='ocrx_word' id='word_1_98' title='bbox 394 1498 541 1572; x_wconf 89' lang='lat' dir='ltr'>puto</span> <span class='ocrx_word' id='word_1_99' title='bbox 574 1493 918 1556; x_wconf 80' lang='lat' dir='ltr'>Ciceronem</span> <span class='ocrx_word' id='word_1_100' title='bbox 973 1512 1181 1571; x_wconf 86' lang='lat' dir='ltr'>parum</span> <span class='ocrx_word' id='word_1_101' title='bbox 1226 1494 1443 1569; x_wconf 80' lang='lat' dir='ltr'>legisse</span> <span class='ocrx_word' id='word_1_102' title='bbox 1496 1494 1763 1554; x_wconf 87' lang='lat' dir='ltr'>carmina</span> <span class='ocrx_word' id='word_1_103' title='bbox 1809 1493 2005 1570; x_wconf 87' lang='lat' dir='ltr'>lyriea</span> <span class='ocrx_word' id='word_1_104' title='bbox 2035 1492 2397 1555; x_wconf 86' lang='lat' dir='ltr'>Graecorum</span> <span class='ocrx_word' id='word_1_105' title='bbox 2439 1515 2636 1574; x_wconf 88' lang='lat' dir='ltr'>neque</span> 
     </span>
     <span class='ocr_line' id='line_1_13' title="bbox 393 1596 2634 1674; baseline 0.002 -19"><span class='ocrx_word' id='word_1_106' title='bbox 393 1597 477 1656; x_wconf 88' lang='lat' dir='ltr'>ita</span> <span class='ocrx_word' id='word_1_107' title='bbox 528 1615 801 1673; x_wconf 86' lang='lat' dir='ltr'>magnam</span> <span class='ocrx_word' id='word_1_108' title='bbox 848 1615 923 1656; x_wconf 85' lang='lat' dir='ltr'>ex</span> <span class='ocrx_word' id='word_1_109' title='bbox 971 1597 1061 1656; x_wconf 89' lang='lat' dir='ltr'>his</span> <span class='ocrx_word' id='word_1_110' title='bbox 1116 1597 1461 1674; x_wconf 79' lang='lat' dir='ltr'>percepisse</span> <span class='ocrx_word' id='word_1_111' title='bbox 1514 1596 2000 1657; x_wconf 85' lang='lat' dir='ltr'>delectationem:</span> <span class='ocrx_word' id='word_1_112' title='bbox 2047 1597 2269 1673; x_wconf 86' lang='lat' dir='ltr'>quibus</span> <span class='ocrx_word' id='word_1_113' title='bbox 2315 1602 2510 1659; x_wconf 88' lang='lat' dir='ltr'>autem</span> <span class='ocrx_word' id='word_1_114' title='bbox 2560 1599 2634 1660; x_wconf 90' lang='lat' dir='ltr'>de</span> 
     </span>
     <span class='ocr_line' id='line_1_14' title="bbox 395 1697 2636 1778; baseline 0.001 -19"><span class='ocrx_word' id='word_1_115' title='bbox 395 1699 623 1760; x_wconf 85' lang='lat' dir='ltr'>caussis</span> <span class='ocrx_word' id='word_1_116' title='bbox 665 1699 780 1760; x_wconf 90' lang='lat' dir='ltr'>hoc</span> <span class='ocrx_word' id='word_1_117' title='bbox 824 1697 1046 1760; x_wconf 86' lang='lat' dir='ltr'>fac-tum</span> <span class='ocrx_word' id='word_1_118' title='bbox 1092 1718 1223 1760; x_wconf 89' lang='lat' dir='ltr'>esse</span> <span class='ocrx_word' id='word_1_119' title='bbox 1272 1698 1600 1778; x_wconf 84' lang='lat' dir='ltr'>videretur,</span> <span class='ocrx_word' id='word_1_120' title='bbox 1656 1699 1823 1760; x_wconf 87' lang='lat' dir='ltr'>initio</span> <span class='ocrx_word' id='word_1_121' title='bbox 1874 1699 2056 1775; x_wconf 91' lang='lat' dir='ltr'>hujus</span> <span class='ocrx_word' id='word_1_122' title='bbox 2103 1700 2291 1777; x_wconf 90' lang='lat' dir='ltr'>partis</span> <span class='ocrx_word' id='word_1_123' title='bbox 2333 1719 2636 1777; x_wconf 85' lang='lat' dir='ltr'>exponere</span> 
     </span>
     <span class='ocr_line' id='line_1_15' title="bbox 396 1808 834 1862; baseline -0.005 0"><span class='ocrx_word' id='word_1_124' title='bbox 396 1808 646 1862; x_wconf 84' lang='lat' dir='ltr'>conatus</span> <span class='ocrx_word' id='word_1_125' title='bbox 688 1820 834 1862; x_wconf 88' lang='lat' dir='ltr'>sum.</span> 
     </span>
    </p>

    <p class='ocr_par' dir='ltr' id='par_1_3' title="bbox 392 1902 2638 3416">
     <span class='ocr_line' id='line_1_16' title="bbox 567 1902 2636 1981; baseline 0 -17"><span class='ocrx_word' id='word_1_126' title='bbox 567 1905 736 1978; x_wconf 81' lang='lat' dir='ltr'>Quae</span> <span class='ocrx_word' id='word_1_127' title='bbox 782 1922 915 1963; x_wconf 88' lang='lat' dir='ltr'>cum</span> <span class='ocrx_word' id='word_1_128' title='bbox 960 1905 1041 1963; x_wconf 89' lang='lat' dir='ltr'>ita</span> <span class='ocrx_word' id='word_1_129' title='bbox 1084 1905 1229 1978; x_wconf 90' lang='lat' dir='ltr'>sint,</span> <span class='ocrx_word' id='word_1_130' title='bbox 1280 1904 1406 1981; x_wconf 82' lang='lat' dir='ltr'>jam</span> <span class='ocrx_word' id='word_1_131' title='bbox 1457 1903 1657 1963; x_wconf 86' lang='lat' dir='ltr'>licebit</span> <span class='ocrx_word' id='word_1_132' title='bbox 1714 1903 2056 1973; x_wconf 84' lang='lat' dir='ltr'>ostendere,</span> <span class='ocrx_word' id='word_1_133' title='bbox 2117 1902 2262 1980; x_wconf 88' lang='lat' dir='ltr'>quid</span> <span class='ocrx_word' id='word_1_134' title='bbox 2322 1902 2397 1963; x_wconf 91' lang='lat' dir='ltr'>de</span> <span class='ocrx_word' id='word_1_135' title='bbox 2442 1904 2636 1981; x_wconf 86' lang='lat' dir='ltr'>poetis</span> 
     </span>
     <span class='ocr_line' id='line_1_17' title="bbox 396 2005 2638 2086; baseline 0 -20"><span class='ocrx_word' id='word_1_136' title='bbox 396 2006 652 2066; x_wconf 86' lang='lat' dir='ltr'>scenicis</span> <span class='ocrx_word' id='word_1_137' title='bbox 699 2007 1063 2067; x_wconf 87' lang='lat' dir='ltr'>Graecorum</span> <span class='ocrx_word' id='word_1_138' title='bbox 1113 2007 1382 2066; x_wconf 86' lang='lat' dir='ltr'>senserit.</span> <span class='ocrx_word' id='word_1_139' title='bbox 1472 2005 1580 2067; x_wconf 89' lang='lat' dir='ltr'>Cui</span> <span class='ocrx_word' id='word_1_140' title='bbox 1615 2009 1924 2082; x_wconf 90' lang='lat' dir='ltr'>poetarum</span> <span class='ocrx_word' id='word_1_141' title='bbox 1970 2006 2172 2081; x_wconf 86' lang='lat' dir='ltr'>generi</span> <span class='ocrx_word' id='word_1_142' title='bbox 2221 2005 2382 2065; x_wconf 89' lang='lat' dir='ltr'>illum</span> <span class='ocrx_word' id='word_1_143' title='bbox 2431 2007 2638 2086; x_wconf 83' lang='lat' dir='ltr'>magis,</span> 
     </span>
     <span class='ocr_line' id='line_1_18' title="bbox 397 2107 2637 2187; baseline 0.001 -20"><span class='ocrx_word' id='word_1_144' title='bbox 397 2127 576 2185; x_wconf 86' lang='lat' dir='ltr'>quam</span> <span class='ocrx_word' id='word_1_145' title='bbox 611 2109 843 2186; x_wconf 85' lang='lat' dir='ltr'>ceteris,</span> <span class='ocrx_word' id='word_1_146' title='bbox 881 2107 1180 2169; x_wconf 85' lang='lat' dir='ltr'>studuisse</span> <span class='ocrx_word' id='word_1_147' title='bbox 1211 2127 1383 2168; x_wconf 91' lang='lat' dir='ltr'>nemo</span> <span class='ocrx_word' id='word_1_148' title='bbox 1416 2109 1607 2168; x_wconf 89' lang='lat' dir='ltr'>nescit</span> <span class='ocrx_word' id='word_1_149' title='bbox 1636 2125 1833 2185; x_wconf 89' lang='lat' dir='ltr'>neque</span> <span class='ocrx_word' id='word_1_150' title='bbox 1865 2109 2074 2167; x_wconf 87' lang='lat' dir='ltr'>mirum</span> <span class='ocrx_word' id='word_1_151' title='bbox 2104 2108 2164 2168; x_wconf 95' lang='lat' dir='ltr'>id</span> <span class='ocrx_word' id='word_1_152' title='bbox 2194 2112 2300 2185; x_wconf 86' lang='lat' dir='ltr'>est,</span> <span class='ocrx_word' id='word_1_153' title='bbox 2343 2110 2487 2187; x_wconf 91' lang='lat' dir='ltr'>quia</span> <span class='ocrx_word' id='word_1_154' title='bbox 2517 2128 2637 2170; x_wconf 91' lang='lat' dir='ltr'>nou</span> 
     </span>
     <span class='ocr_line' id='line_1_19' title="bbox 395 2209 2638 2291; baseline 0 -20"><span class='ocrx_word' id='word_1_155' title='bbox 395 2211 585 2271; x_wconf 89' lang='lat' dir='ltr'>solum</span> <span class='ocrx_word' id='word_1_156' title='bbox 630 2212 814 2271; x_wconf 88' lang='lat' dir='ltr'>ceteri</span> <span class='ocrx_word' id='word_1_157' title='bbox 863 2228 1105 2288; x_wconf 89' lang='lat' dir='ltr'>quoque</span> <span class='ocrx_word' id='word_1_158' title='bbox 1165 2211 1326 2270; x_wconf 87' lang='lat' dir='ltr'>illius</span> <span class='ocrx_word' id='word_1_159' title='bbox 1390 2211 1604 2270; x_wconf 86' lang='lat' dir='ltr'>aetatis</span> <span class='ocrx_word' id='word_1_160' title='bbox 1649 2211 1897 2270; x_wconf 87' lang='lat' dir='ltr'>Romani</span> <span class='ocrx_word' id='word_1_161' title='bbox 1954 2210 2081 2271; x_wconf 86' lang='lat' dir='ltr'>fere</span> <span class='ocrx_word' id='word_1_162' title='bbox 2126 2229 2333 2271; x_wconf 90' lang='lat' dir='ltr'>omnes</span> <span class='ocrx_word' id='word_1_163' title='bbox 2384 2209 2638 2291; x_wconf 85' lang='lat' dir='ltr'>fabulas,</span> 
     </span>
     <span class='ocr_line' id='line_1_20' title="bbox 395 2311 2636 2391; baseline 0.002 -19"><span class='ocrx_word' id='word_1_164' title='bbox 395 2313 618 2391; x_wconf 88' lang='lat' dir='ltr'>quippe</span> <span class='ocrx_word' id='word_1_165' title='bbox 663 2331 820 2391; x_wconf 90' lang='lat' dir='ltr'>quae</span> <span class='ocrx_word' id='word_1_166' title='bbox 856 2311 934 2372; x_wconf 92' lang='lat' dir='ltr'>ad</span> <span class='ocrx_word' id='word_1_167' title='bbox 981 2312 1161 2390; x_wconf 87' lang='lat' dir='ltr'>hujus</span> <span class='ocrx_word' id='word_1_168' title='bbox 1203 2312 1416 2390; x_wconf 91' lang='lat' dir='ltr'>populi</span> <span class='ocrx_word' id='word_1_169' title='bbox 1450 2316 1721 2372; x_wconf 89' lang='lat' dir='ltr'>naturam</span> <span class='ocrx_word' id='word_1_170' title='bbox 1768 2316 1951 2389; x_wconf 87' lang='lat' dir='ltr'>atque</span> <span class='ocrx_word' id='word_1_171' title='bbox 1997 2312 2259 2374; x_wconf 88' lang='lat' dir='ltr'>indolem</span> <span class='ocrx_word' id='word_1_172' title='bbox 2291 2314 2636 2391; x_wconf 86' lang='lat' dir='ltr'>aptissimae</span> 
     </span>
     <span class='ocr_line' id='line_1_21' title="bbox 396 2414 2635 2495; baseline 0 -18"><span class='ocrx_word' id='word_1_173' title='bbox 396 2419 620 2495; x_wconf 89' lang='lat' dir='ltr'>essent,</span> <span class='ocrx_word' id='word_1_174' title='bbox 665 2433 893 2478; x_wconf 89' lang='lat' dir='ltr'>summo</span> <span class='ocrx_word' id='word_1_175' title='bbox 937 2415 1451 2493; x_wconf 85' lang='lat' dir='ltr'>amplectebantur</span> <span class='ocrx_word' id='word_1_176' title='bbox 1494 2415 1718 2494; x_wconf 90' lang='lat' dir='ltr'>studio,</span> <span class='ocrx_word' id='word_1_177' title='bbox 1764 2414 1869 2476; x_wconf 88' lang='lat' dir='ltr'>sed</span> <span class='ocrx_word' id='word_1_178' title='bbox 1918 2416 2093 2476; x_wconf 88' lang='lat' dir='ltr'>etiam</span> <span class='ocrx_word' id='word_1_179' title='bbox 2140 2415 2430 2477; x_wconf 85' lang='lat' dir='ltr'>maximus</span> <span class='ocrx_word' id='word_1_180' title='bbox 2475 2418 2635 2495; x_wconf 88' lang='lat' dir='ltr'>quis-</span> 
     </span>
     <span class='ocr_line' id='line_1_22' title="bbox 396 2516 2636 2597; baseline 0 -18"><span class='ocrx_word' id='word_1_181' title='bbox 396 2538 514 2597; x_wconf 88' lang='lat' dir='ltr'>que</span> <span class='ocrx_word' id='word_1_182' title='bbox 559 2537 752 2597; x_wconf 89' lang='lat' dir='ltr'>usque</span> <span class='ocrx_word' id='word_1_183' title='bbox 814 2520 889 2579; x_wconf 88' lang='lat' dir='ltr'>ad</span> <span class='ocrx_word' id='word_1_184' title='bbox 934 2519 1078 2580; x_wconf 87' lang='lat' dir='ltr'>illud</span> <span class='ocrx_word' id='word_1_185' title='bbox 1124 2524 1361 2596; x_wconf 86' lang='lat' dir='ltr'>tempus</span> <span class='ocrx_word' id='word_1_186' title='bbox 1406 2519 1811 2579; x_wconf 88' lang='lat' dir='ltr'>Romanorum</span> <span class='ocrx_word' id='word_1_187' title='bbox 1873 2522 2053 2594; x_wconf 88' lang='lat' dir='ltr'>poeta</span> <span class='ocrx_word' id='word_1_188' title='bbox 2095 2516 2314 2579; x_wconf 85' lang='lat' dir='ltr'>fabulis</span> <span class='ocrx_word' id='word_1_189' title='bbox 2368 2519 2636 2597; x_wconf 90' lang='lat' dir='ltr'>inprimis</span> 
     </span>
     <span class='ocr_line' id='line_1_23' title="bbox 392 2601 2634 2701; baseline 0 -20"><span class='ocrx_word' id='word_1_190' title='bbox 392 2621 470 2681; x_wconf 89' lang='lat' dir='ltr'>ad</span> <span class='ocrx_word' id='word_1_191' title='bbox 515 2601 847 2701; x_wconf 86' lang='lat' dir='ltr'>exemplum</span> <span class='ocrx_word' id='word_1_192' title='bbox 892 2606 1254 2683; x_wconf 85' lang='lat' dir='ltr'>Graecorum</span> <span class='ocrx_word' id='word_1_193' title='bbox 1310 2621 1762 2682; x_wconf 89' lang='lat' dir='ltr'>conscribendis</span> <span class='ocrx_word' id='word_1_194' title='bbox 1808 2621 1968 2681; x_wconf 88' lang='lat' dir='ltr'>haud</span> <span class='ocrx_word' id='word_1_195' title='bbox 2026 2620 2347 2682; x_wconf 83' lang='lat' dir='ltr'>infeliciter</span> <span class='ocrx_word' id='word_1_196' title='bbox 2390 2640 2634 2700; x_wconf 82' lang='lat' dir='ltr'>operam</span> 
     </span>
     <span class='ocr_line' id='line_1_24' title="bbox 396 2723 2634 2801; baseline 0.001 -18"><span class='ocrx_word' id='word_1_197' title='bbox 396 2723 662 2786; x_wconf 88' lang='lat' dir='ltr'>dederat.</span> <span class='ocrx_word' id='word_1_198' title='bbox 748 2723 1144 2801; x_wconf 81' lang='lat' dir='ltr'>Quamquam,</span> <span class='ocrx_word' id='word_1_199' title='bbox 1205 2726 1255 2784; x_wconf 91' lang='lat' dir='ltr'>si</span> <span class='ocrx_word' id='word_1_200' title='bbox 1314 2724 1449 2801; x_wconf 89' lang='lat' dir='ltr'>quis</span> <span class='ocrx_word' id='word_1_201' title='bbox 1495 2723 1804 2784; x_wconf 79' lang='lat' dir='ltr'>Ciceronis</span> <span class='ocrx_word' id='word_1_202' title='bbox 1865 2723 2046 2783; x_wconf 90' lang='lat' dir='ltr'>libros</span> <span class='ocrx_word' id='word_1_203' title='bbox 2104 2726 2446 2784; x_wconf 84' lang='lat' dir='ltr'>accuratius</span> <span class='ocrx_word' id='word_1_204' title='bbox 2501 2744 2634 2801; x_wconf 88' lang='lat' dir='ltr'>per·</span> 
     </span>
     <span class='ocr_line' id='line_1_25' title="bbox 396 2825 2634 2905; baseline 0.001 -20"><span class='ocrx_word' id='word_1_205' title='bbox 396 2827 624 2905; x_wconf 86' lang='lat' dir='ltr'>legerit,</span> <span class='ocrx_word' id='word_1_206' title='bbox 666 2827 841 2887; x_wconf 84' lang='lat' dir='ltr'>facile</span> <span class='ocrx_word' id='word_1_207' title='bbox 886 2845 1023 2887; x_wconf 91' lang='lat' dir='ltr'>eum</span> <span class='ocrx_word' id='word_1_208' title='bbox 1066 2826 1326 2887; x_wconf 90' lang='lat' dir='ltr'>arbitror</span> <span class='ocrx_word' id='word_1_209' title='bbox 1371 2843 1797 2887; x_wconf 86' lang='lat' dir='ltr'>concessurum</span> <span class='ocrx_word' id='word_1_210' title='bbox 1851 2844 1927 2885; x_wconf 88' lang='lat' dir='ltr'>ne</span> <span class='ocrx_word' id='word_1_211' title='bbox 1974 2825 2152 2902; x_wconf 88' lang='lat' dir='ltr'>hujus</span> <span class='ocrx_word' id='word_1_212' title='bbox 2195 2825 2436 2902; x_wconf 91' lang='lat' dir='ltr'>quidem</span> <span class='ocrx_word' id='word_1_213' title='bbox 2494 2844 2634 2902; x_wconf 91' lang='lat' dir='ltr'>poe-</span> 
     </span>
     <span class='ocr_line' id='line_1_26' title="bbox 394 2926 2633 3005; baseline 0 -18"><span class='ocrx_word' id='word_1_214' title='bbox 394 2933 591 2988; x_wconf 89' lang='lat' dir='ltr'>tarum</span> <span class='ocrx_word' id='word_1_215' title='bbox 622 2928 990 2989; x_wconf 84' lang='lat' dir='ltr'>Graecorum</span> <span class='ocrx_word' id='word_1_216' title='bbox 1022 2929 1260 3004; x_wconf 85' lang='lat' dir='ltr'>generis</span> <span class='ocrx_word' id='word_1_217' title='bbox 1290 2946 1513 3005; x_wconf 88' lang='lat' dir='ltr'>omnes,</span> <span class='ocrx_word' id='word_1_218' title='bbox 1558 2927 1661 3003; x_wconf 90' lang='lat' dir='ltr'>qui</span> <span class='ocrx_word' id='word_1_219' title='bbox 1693 2927 1911 2986; x_wconf 84' lang='lat' dir='ltr'>eximia</span> <span class='ocrx_word' id='word_1_220' title='bbox 1954 2926 2212 3003; x_wconf 88' lang='lat' dir='ltr'>quadam</span> <span class='ocrx_word' id='word_1_221' title='bbox 2260 2926 2440 2987; x_wconf 90' lang='lat' dir='ltr'>laude</span> <span class='ocrx_word' id='word_1_222' title='bbox 2469 2927 2633 3003; x_wconf 81' lang='lat' dir='ltr'>digni</span> 
     </span>
     <span class='ocr_line' id='line_1_27' title="bbox 397 3027 2634 3106; baseline 0 -18"><span class='ocrx_word' id='word_1_223' title='bbox 397 3029 702 3106; x_wconf 83' lang='lat' dir='ltr'>videntur,</span> <span class='ocrx_word' id='word_1_224' title='bbox 780 3029 862 3089; x_wconf 92' lang='lat' dir='ltr'>illi</span> <span class='ocrx_word' id='word_1_225' title='bbox 947 3030 1089 3090; x_wconf 87' lang='lat' dir='ltr'>satis</span> <span class='ocrx_word' id='word_1_226' title='bbox 1158 3035 1330 3090; x_wconf 88' lang='lat' dir='ltr'>notos</span> <span class='ocrx_word' id='word_1_227' title='bbox 1408 3028 1625 3106; x_wconf 86' lang='lat' dir='ltr'>fuisse,</span> <span class='ocrx_word' id='word_1_228' title='bbox 1700 3047 1869 3105; x_wconf 88' lang='lat' dir='ltr'>nam,</span> <span class='ocrx_word' id='word_1_229' title='bbox 1940 3028 1988 3087; x_wconf 90' lang='lat' dir='ltr'>si</span> <span class='ocrx_word' id='word_1_230' title='bbox 2064 3027 2212 3106; x_wconf 91' lang='lat' dir='ltr'>quid</span> <span class='ocrx_word' id='word_1_231' title='bbox 2279 3028 2483 3098; x_wconf 85' lang='lat' dir='ltr'>video,</span> <span class='ocrx_word' id='word_1_232' title='bbox 2559 3048 2634 3089; x_wconf 84' lang='lat' dir='ltr'>ex</span> 
     </span>
     <span class='ocr_line' id='line_1_28' title="bbox 394 3129 2636 3208; baseline 0 -18"><span class='ocrx_word' id='word_1_233' title='bbox 394 3132 638 3208; x_wconf 81' lang='lat' dir='ltr'>tragicis</span> <span class='ocrx_word' id='word_1_234' title='bbox 697 3131 773 3190; x_wconf 89' lang='lat' dir='ltr'>ad</span> <span class='ocrx_word' id='word_1_235' title='bbox 835 3131 997 3191; x_wconf 89' lang='lat' dir='ltr'>solos</span> <span class='ocrx_word' id='word_1_236' title='bbox 1053 3131 1189 3190; x_wconf 87' lang='lat' dir='ltr'>illos</span> <span class='ocrx_word' id='word_1_237' title='bbox 1250 3136 1374 3191; x_wconf 84' lang='lat' dir='ltr'>tres</span> <span class='ocrx_word' id='word_1_238' title='bbox 1435 3130 1742 3208; x_wconf 88' lang='lat' dir='ltr'>principes</span> <span class='ocrx_word' id='word_1_239' title='bbox 1800 3129 2198 3208; x_wconf 85' lang='lat' dir='ltr'>Aeschylum,</span> <span class='ocrx_word' id='word_1_240' title='bbox 2259 3129 2636 3208; x_wconf 87' lang='lat' dir='ltr'>Sophoclem,</span> 
     </span>
     <span class='ocr_line' id='line_1_29' title="bbox 397 3232 2638 3311; baseline -0.001 -17"><span class='ocrx_word' id='word_1_241' title='bbox 397 3234 774 3311; x_wconf 78' lang='lat' dir='ltr'>Euripidem3</span> <span class='ocrx_word' id='word_1_242' title='bbox 833 3253 905 3294; x_wconf 87' lang='lat' dir='ltr'>ex</span> <span class='ocrx_word' id='word_1_243' title='bbox 968 3234 1209 3294; x_wconf 89' lang='lat' dir='ltr'>comicis</span> <span class='ocrx_word' id='word_1_244' title='bbox 1269 3233 1347 3292; x_wconf 88' lang='lat' dir='ltr'>ad</span> <span class='ocrx_word' id='word_1_245' title='bbox 1410 3252 1593 3293; x_wconf 87' lang='lat' dir='ltr'>unum</span> <span class='ocrx_word' id='word_1_246' title='bbox 1644 3232 2038 3294; x_wconf 86' lang='lat' dir='ltr'>Menandrum</span> <span class='ocrx_word' id='word_1_247' title='bbox 2100 3233 2322 3311; x_wconf 87' lang='lat' dir='ltr'>majore</span> <span class='ocrx_word' id='word_1_248' title='bbox 2382 3234 2638 3293; x_wconf 86' lang='lat' dir='ltr'>accessit</span> 
     </span>
     <span class='ocr_line' id='line_1_30' title="bbox 395 3336 1517 3416; baseline 0.001 -20"><span class='ocrx_word' id='word_1_249' title='bbox 395 3336 612 3397; x_wconf 88' lang='lat' dir='ltr'>studio.</span> <span class='ocrx_word' id='word_1_250' title='bbox 1514 3413 1517 3416; x_wconf 10' lang='grc' dir='ltr'><strong>Δ</strong></span> 
     </span>
    </p>

    <p class='ocr_par' dir='ltr' id='par_1_4' title="bbox 392 3436 2637 4326">
     <span class='ocr_line' id='line_1_31' title="bbox 565 3436 2634 3517; baseline 0.001 -20"><span class='ocrx_word' id='word_1_251' title='bbox 565 3439 654 3498; x_wconf 86' lang='lat' dir='ltr'>Ae</span> <span class='ocrx_word' id='word_1_252' title='bbox 728 3440 978 3517; x_wconf 90' lang='lat' dir='ltr'>primum</span> <span class='ocrx_word' id='word_1_253' title='bbox 1047 3437 1286 3515; x_wconf 90' lang='lat' dir='ltr'>quidem</span> <span class='ocrx_word' id='word_1_254' title='bbox 1364 3438 1441 3498; x_wconf 90' lang='lat' dir='ltr'>de</span> <span class='ocrx_word' id='word_1_255' title='bbox 1508 3436 1851 3498; x_wconf 87' lang='lat' dir='ltr'>comoediae</span> <span class='ocrx_word' id='word_1_256' title='bbox 1919 3437 2184 3498; x_wconf 84' lang='lat' dir='ltr'>Graecae</span> <span class='ocrx_word' id='word_1_257' title='bbox 2260 3437 2634 3516; x_wconf 86' lang='lat' dir='ltr'>principibus</span> 
     </span>
     <span class='ocr_line' id='line_1_32' title="bbox 393 3539 2637 3618; baseline 0 -18"><span class='ocrx_word' id='word_1_258' title='bbox 393 3540 602 3601; x_wconf 86' lang='lat' dir='ltr'>Cicero</span> <span class='ocrx_word' id='word_1_259' title='bbox 647 3541 825 3601; x_wconf 90' lang='lat' dir='ltr'>aliter</span> <span class='ocrx_word' id='word_1_260' title='bbox 871 3539 1209 3618; x_wconf 85' lang='lat' dir='ltr'>judicasse,</span> <span class='ocrx_word' id='word_1_261' title='bbox 1269 3558 1447 3618; x_wconf 89' lang='lat' dir='ltr'>quam</span> <span class='ocrx_word' id='word_1_262' title='bbox 1493 3557 1605 3600; x_wconf 93' lang='lat' dir='ltr'>nos</span> <span class='ocrx_word' id='word_1_263' title='bbox 1649 3539 1937 3617; x_wconf 87' lang='lat' dir='ltr'>solemus,</span> <span class='ocrx_word' id='word_1_264' title='bbox 1996 3540 2096 3599; x_wconf 85' lang='lat' dir='ltr'>vix</span> <span class='ocrx_word' id='word_1_265' title='bbox 2153 3541 2359 3617; x_wconf 88' lang='lat' dir='ltr'>negari</span> <span class='ocrx_word' id='word_1_266' title='bbox 2407 3545 2637 3618; x_wconf 61' lang='lat' dir='ltr'>potest}</span> 
     </span>
     <span class='ocr_line' id='line_1_33' title="bbox 395 3642 2632 3721; baseline 0.001 -20"><span class='ocrx_word' id='word_1_267' title='bbox 395 3643 827 3721; x_wconf 79' lang='lat' dir='ltr'>Aristophanes</span> <span class='ocrx_word' id='word_1_268' title='bbox 857 3643 1031 3720; x_wconf 89' lang='lat' dir='ltr'>enim,</span> <span class='ocrx_word' id='word_1_269' title='bbox 1077 3660 1253 3719; x_wconf 88' lang='lat' dir='ltr'>quem</span> <span class='ocrx_word' id='word_1_270' title='bbox 1302 3660 1508 3702; x_wconf 90' lang='lat' dir='ltr'>omnes</span> <span class='ocrx_word' id='word_1_271' title='bbox 1554 3642 1736 3719; x_wconf 87' lang='lat' dir='ltr'>hujus</span> <span class='ocrx_word' id='word_1_272' title='bbox 1766 3643 1977 3702; x_wconf 88' lang='lat' dir='ltr'>aetatis</span> <span class='ocrx_word' id='word_1_273' title='bbox 2021 3642 2132 3701; x_wconf 84' lang='lat' dir='ltr'>viri</span> <span class='ocrx_word' id='word_1_274' title='bbox 2164 3642 2325 3702; x_wconf 90' lang='lat' dir='ltr'>docti</span> <span class='ocrx_word' id='word_1_275' title='bbox 2371 3644 2632 3703; x_wconf 89' lang='lat' dir='ltr'>omnium</span> 
     </span>
     <span class='ocr_line' id='line_1_34' title="bbox 394 3744 2634 3823; baseline 0 -18"><span class='ocrx_word' id='word_1_276' title='bbox 394 3745 709 3805; x_wconf 86' lang='lat' dir='ltr'>maximum</span> <span class='ocrx_word' id='word_1_277' title='bbox 763 3749 998 3823; x_wconf 89' lang='lat' dir='ltr'>poetam</span> <span class='ocrx_word' id='word_1_278' title='bbox 1047 3745 1386 3805; x_wconf 90' lang='lat' dir='ltr'>comoediae</span> <span class='ocrx_word' id='word_1_279' title='bbox 1432 3744 1700 3804; x_wconf 76' lang='lat' dir='ltr'>Graecae</span> <span class='ocrx_word' id='word_1_280' title='bbox 1746 3746 1872 3805; x_wconf 91' lang='lat' dir='ltr'>sine</span> <span class='ocrx_word' id='word_1_281' title='bbox 1937 3744 2061 3804; x_wconf 84' lang='lat' dir='ltr'>ulla</span> <span class='ocrx_word' id='word_1_282' title='bbox 2107 3744 2477 3806; x_wconf 85' lang='lat' dir='ltr'>dubitatione</span> <span class='ocrx_word' id='word_1_283' title='bbox 2533 3765 2634 3823; x_wconf 85' lang='lat' dir='ltr'>ap-</span> 
     </span>
     <span class='ocr_line' id='line_1_35' title="bbox 392 3846 2633 3927; baseline 0 -19"><span class='ocrx_word' id='word_1_284' title='bbox 392 3849 649 3927; x_wconf 87' lang='lat' dir='ltr'>pellant,</span> <span class='ocrx_word' id='word_1_285' title='bbox 706 3847 870 3906; x_wconf 87' lang='lat' dir='ltr'>haud</span> <span class='ocrx_word' id='word_1_286' title='bbox 913 3847 997 3907; x_wconf 89' lang='lat' dir='ltr'>ita</span> <span class='ocrx_word' id='word_1_287' title='bbox 1051 3865 1233 3924; x_wconf 91' lang='lat' dir='ltr'>saepe</span> <span class='ocrx_word' id='word_1_288' title='bbox 1292 3847 1452 3923; x_wconf 90' lang='lat' dir='ltr'>apud</span> <span class='ocrx_word' id='word_1_289' title='bbox 1500 3846 1849 3908; x_wconf 85' lang='lat' dir='ltr'>Ciceronem</span> <span class='ocrx_word' id='word_1_290' title='bbox 1909 3851 2283 3908; x_wconf 86' lang='lat' dir='ltr'>memoratur.</span> <span class='ocrx_word' id='word_1_291' title='bbox 2370 3847 2504 3921; x_wconf 87' lang='lat' dir='ltr'>Qua</span> <span class='ocrx_word' id='word_1_292' title='bbox 2558 3869 2633 3909; x_wconf 85' lang='lat' dir='ltr'>ex</span> 
     </span>
     <span class='ocr_line' id='line_1_36' title="bbox 393 3937 2634 4028; baseline -0 -17"><span class='ocrx_word' id='word_1_293' title='bbox 393 3971 457 4011; x_wconf 90' lang='lat' dir='ltr'>re</span> <span class='ocrx_word' id='word_1_294' title='bbox 493 3952 634 4028; x_wconf 87' lang='lat' dir='ltr'>jure</span> <span class='ocrx_word' id='word_1_295' title='bbox 678 3950 963 4028; x_wconf 87' lang='lat' dir='ltr'>colligere</span> <span class='ocrx_word' id='word_1_296' title='bbox 993 3967 1309 4026; x_wconf 87' lang='lat' dir='ltr'>possumus</span> <span class='ocrx_word' id='word_1_297' title='bbox 1348 3950 1423 4010; x_wconf 92' lang='lat' dir='ltr'>ab</span> <span class='ocrx_word' id='word_1_298' title='bbox 1468 3968 1539 4010; x_wconf 90' lang='lat' dir='ltr'>eo</span> <span class='ocrx_word' id='word_1_299' title='bbox 1586 3968 1704 4010; x_wconf 92' lang='lat' dir='ltr'>non</span> <span class='ocrx_word' id='word_1_300' title='bbox 1737 3949 1979 4027; x_wconf 90' lang='lat' dir='ltr'>plurimi</span> <span class='ocrx_word' id='word_1_301' title='bbox 2021 3949 2185 4009; x_wconf 90' lang='lat' dir='ltr'>illum</span> <span class='ocrx_word' id='word_1_302' title='bbox 2233 3957 2469 4027; x_wconf 87' lang='lat' dir='ltr'>poetam</span> <span class='ocrx_word' id='word_1_303' title='bbox 2502 3937 2634 4011; x_wconf 82' lang='lat' dir='ltr'>esse</span> 
     </span>
     <span class='ocr_line' id='line_1_37' title="bbox 392 4051 2636 4130; baseline 0.001 -17"><span class='ocrx_word' id='word_1_304' title='bbox 392 4055 787 4113; x_wconf 84' lang='lat' dir='ltr'>aestimatum.</span> <span class='ocrx_word' id='word_1_305' title='bbox 892 4052 999 4114; x_wconf 90' lang='lat' dir='ltr'>Cui</span> <span class='ocrx_word' id='word_1_306' title='bbox 1065 4051 1333 4130; x_wconf 89' lang='lat' dir='ltr'>opinioni</span> <span class='ocrx_word' id='word_1_307' title='bbox 1380 4070 1500 4113; x_wconf 92' lang='lat' dir='ltr'>non</span> <span class='ocrx_word' id='word_1_308' title='bbox 1547 4052 1746 4112; x_wconf 88' lang='lat' dir='ltr'>obstat</span> <span class='ocrx_word' id='word_1_309' title='bbox 1804 4052 1973 4112; x_wconf 88' lang='lat' dir='ltr'>locus</span> <span class='ocrx_word' id='word_1_310' title='bbox 2018 4051 2115 4111; x_wconf 87' lang='lat' dir='ltr'>ille</span> <span class='ocrx_word' id='word_1_311' title='bbox 2161 4051 2217 4112; x_wconf 89' lang='lat' dir='ltr'>d.</span> <span class='ocrx_word' id='word_1_312' title='bbox 2259 4052 2415 4129; x_wconf 83' lang='lat' dir='ltr'>legg.</span> <span class='ocrx_word' id='word_1_313' title='bbox 2448 4055 2505 4130; x_wconf 82' lang='lat'>2,</span> <span class='ocrx_word' id='word_1_314' title='bbox 2535 4057 2636 4130; x_wconf 82' lang='lat'>37,</span> 
     </span>
     <span class='ocr_line' id='line_1_38' title="bbox 395 4153 2635 4232; baseline -0 -17"><span class='ocrx_word' id='word_1_315' title='bbox 395 4156 491 4215; x_wconf 89' lang='lat' dir='ltr'>nbi</span> <span class='ocrx_word' id='word_1_316' title='bbox 523 4157 573 4215; x_wconf 93' lang='lat' dir='ltr'>is</span> <span class='ocrx_word' id='word_1_317' title='bbox 597 4154 993 4215; x_wconf 77' lang='lat' dir='ltr'>facetissimus</span> <span class='ocrx_word' id='word_1_318' title='bbox 1019 4155 1239 4214; x_wconf 83' lang='lat' dir='ltr'>veteris</span> <span class='ocrx_word' id='word_1_319' title='bbox 1271 4153 1613 4213; x_wconf 84' lang='lat' dir='ltr'>comoediae</span> <span class='ocrx_word' id='word_1_320' title='bbox 1648 4158 1825 4230; x_wconf 89' lang='lat' dir='ltr'>poeta</span> <span class='ocrx_word' id='word_1_321' title='bbox 1854 4154 2206 4232; x_wconf 86' lang='lat' dir='ltr'>appellatur,</span> <span class='ocrx_word' id='word_1_322' title='bbox 2234 4155 2512 4229; x_wconf 85' lang='lat' dir='ltr'>quoniam</span> <span class='ocrx_word' id='word_1_323' title='bbox 2538 4154 2635 4214; x_wconf 90' lang='lat' dir='ltr'>hic</span> 
     </span>
     <span class='ocr_line' id='line_1_39' title="bbox 392 4256 2631 4326; baseline 0 -10"><span class='ocrx_word' id='word_1_324' title='bbox 392 4277 509 4316; x_wconf 91' lang='lat' dir='ltr'>non</span> <span class='ocrx_word' id='word_1_325' title='bbox 556 4258 632 4316; x_wconf 90' lang='lat' dir='ltr'>de</span> <span class='ocrx_word' id='word_1_326' title='bbox 679 4260 960 4326; x_wconf 76' lang='lat' dir='ltr'>universa</span> <span class='ocrx_word' id='word_1_327' title='bbox 1005 4259 1366 4317; x_wconf 86' lang='lat' dir='ltr'>Graecorum</span> <span class='ocrx_word' id='word_1_328' title='bbox 1432 4257 1739 4317; x_wconf 88' lang='lat' dir='ltr'>comoedia</span> <span class='ocrx_word' id='word_1_329' title='bbox 1783 4275 1979 4317; x_wconf 85' lang='lat' dir='ltr'>sermo</span> <span class='ocrx_word' id='word_1_330' title='bbox 2032 4261 2140 4316; x_wconf 88' lang='lat' dir='ltr'>est.</span> <span class='ocrx_word' id='word_1_331' title='bbox 2228 4256 2373 4317; x_wconf 87' lang='lat' dir='ltr'>Cum</span> <span class='ocrx_word' id='word_1_332' title='bbox 2435 4260 2631 4316; x_wconf 85' lang='lat' dir='ltr'>autem</span> 
     </span>
    </p>
   </div>
  </div>
 </body>
</html>
