3166 4871
542 351 623 415 38
1541 347 1798 403 zacher

543 527 825 587 feminina
888 532 1205 588 concretae
1268 528 1527 588 notionis
1589 547 1625 585 a
1686 527 1900 603 quavis
1965 528 2151 604 stirpe
2212 526 2542 587 derivanda
2604 525 2785 586 fuisse

543 630 1001 690 usitatissimam.
1088 630 1176 689 Cf.
1219 631 1368 699 Lob.
1414 631 1606 689 Paral.
1651 647 1709 706 p.
1739 633 1862 689 462
1909 647 1998 705 sq.

716 734 808 811 De
864 721 1150 810 στειλειή
1210 751 1341 791 cum
1404 730 1773 803 στειλαῑον,
1833 726 2064 811 σημεὶα
2122 752 2255 792 cum
2316 726 2558 810 σημαία
2610 732 2786 791 alter·

547 836 828 896 nantibus
872 837 929 895 in
976 836 1249 912 proximo
1296 812 1492 911 capite
1539 853 1805 912 agemus.

1620 1022 1721 1083 IV.

1080 1137 1186 1217 De
1232 1158 1377 1211 αιος
1422 1137 1497 1202 et
1540 1159 1648 1213 εος
1692 1135 2255 1203 alternantibus.

722 1288 827 1354 13.
917 1296 1089 1369 Quod
1170 1296 1245 1356 dc
1309 1298 1792 1357 terminationum
1871 1313 2014 1366 αιος
2076 1302 2136 1355 et
2200 1313 2330 1365 ειυς
2397 1298 2791 1356 alternatione

551 1398 774 1457 dictum
824 1398 975 1457 idem
1023 1420 1094 1458 ex
1142 1402 1226 1458 rei
1286 1405 1502 1459 natura
1563 1400 1738 1459 etiam
1801 1399 1872 1458 de
1933 1416 2040 1468 εος
2101 1417 2230 1478 cum
2292 1415 2436 1468 guo:
2496 1399 2792 1459 interdum

552 1506 777 1560 mutat-o
824 1503 1023 1561 valere
1071 1507 1259 1578 patet,
1321 1502 1604 1579 quoniam
1652 1518 1759 1573 εος
1817 1501 1942 1561 fere
2003 1520 2234 1578 semper
2291 1522 2362 1559 ex
2412 1519 2543 1571 Ηος
2589 1508 2790 1560 natum

553 1621 689 1661 csse
736 1608 985 1663 constat.
1058 1605 1215 1676 Quin
1256 1604 1433 1663 etiam
1483 1604 1667 1664 multo
1700 1604 1893 1663 rarius
1923 1608 1985 1663 et
2011 1621 2204 1681 paene
2251 1602 2441 1662 dicam
2490 1622 2794 1681 nunquam

553 1722 696 1775 αιος
728 1710 788 1765 et
817 1722 923 1775 εος
953 1707 1001 1765 si
1033 1724 1212 1765 verae
1243 1712 1382 1766 suut
1412 1707 1859 1766 terminationes
1890 1702 2120 1782 (itaque
2152 1704 2227 1765 de
2273 1722 2487 1783 -γαιος
2516 1712 2576 1764 et
2620 1721 2795 1783 -γεος

553 1808 964 1884 similibusque
1023 1809 1136 1869 hoc
1197 1828 1316 1868 non
1378 1809 1562 1875 valet)
1623 1810 1778 1868 inter
1838 1826 1902 1868 se
1961 1812 2280 1867 mutantur.
2373 1808 2510 1866 Mihi
2568 1811 2794 1868 certum

554 1910 683 1969 eius
729 1911 814 1969 rei
860 1912 1193 1987 exemplum
1242 1930 1420 1970 unum
1468 1909 1878 1969 tantummodo
1911 1914 2116 1968 notum
2148 1914 2240 1968 est
2285 1898 2797 1988 ὑπερβόρεος,

553 2011 712 2088 quod
761 2012 834 2072 ab
883 2012 1093 2073 codem
1142 2018 1460 2090 prototypo
1508 2013 1745 2073 videtur
1776 2012 2105 2072 derivatum
2142 2012 2297 2072 unde
2330 2014 2506 2072 etiam
2538 2002 2799 2089 βόρειος

554 2120 613 2174 et
655 2116 1045 2193 βορραῖος.
1129 2115 1304 2189 Quod
1352 2117 1712 2176 vocabulum
1758 2116 1937 2193 plane
1983 2096 2314 2193 congruere
2361 2133 2492 2173 eum
2538 2104 2799 2192 βόρειος

553 2222 611 2276 et
640 2236 675 2275 a
704 2216 1017 2296 βορραῑος
1047 2218 1256 2277 eodem
1288 2224 1467 2295 atque
1500 2208 1664 2277 illud*
1684 2217 1859 2276 modo
1891 2218 2192 2277 diversum
2226 2235 2358 2276 esse
2390 2224 2659 2294 apertum
2691 2220 2799 2275 est.

723 2320 838 2379 Sed
900 2339 1081 2397 quum
1141 2322 1466 2396 posteriore
1523 2327 1792 2396 tempore
1838 2320 2053 2380 Graeci
2113 2337 2180 2376 αι
2234 2339 2350 2379 non
2415 2308 2801 2395 διφθόγγως

554 2422 660 2483 sed
704 2410 1198 2501 μονοφθόγγως
1244 2426 1309 2482 ut
1353 2439 1386 2482 e
1432 2423 1908 2501 pronuntiarent,
1953 2420 2173 2482 factum
2223 2426 2340 2500 est,
2388 2427 2451 2482 ut
2496 2441 2675 2498 quum
2735 2420 2797 2478 in

556 2526 1041 2602 inscriptionibus
1086 2531 1209 2585 tum
1253 2528 1313 2585 in
1362 2527 1686 2604 codicibus,
1737 2533 1800 2586 ut
1846 2544 1901 2584 ει
1947 2531 2004 2586 et
2050 2544 2088 2603 ι,
2147 2527 2231 2585 sic
2291 2527 2461 2585 etiam
2512 2543 2801 2600 persaepe

556 2646 621 2685 αι
683 2635 742 2688 et
799 2646 827 2686 ε
890 2629 1042 2688 falso
1114 2634 1617 2705 permutarentur.
1719 2630 1809 2688 Ac
1873 2631 2113 2705 saepius
2175 2628 2413 2705 quidem
2477 2646 2503 2685 ε
2566 2646 2673 2703 pro
2735 2644 2800 2683 ae

554 2732 842 2806 scriptum
887 2736 1002 2808 est,
1062 2731 1223 2808 quod
1284 2730 1383 2791 ubi
1444 2733 1502 2791 in
1560 2709 1806 2791 vocibus
1864 2732 1924 2791 iu
1988 2747 2130 2800 αιος
2194 2731 2521 2791 terminatis
2567 2729 2806 2788 codices

558 2833 860 2910 exhibent,
905 2831 1141 2893 silentio
1186 2833 1541 2911 plerumque
1590 2838 1985 2893 correxerunt
2029 2833 2290 2893 editores
2331 2841 2389 2892 et
2419 2830 2808 2909 grammatici.

555 2934 669 2994 Sed
719 2934 894 2994 etiam
942 2953 1005 2992 αι
1055 2954 1173 2994 non
1220 2953 1524 3012 nunquam
1569 2954 1680 3012 pro
1728 2952 1755 2992 ε
1804 2937 2089 3011 scriptum
2140 2935 2443 3012 invenias,
2505 2937 2568 2993 ut
2612 2934 2671 2992 in
2716 2933 2806 2991 tit.

556 3041 657 3096 att.
705 3037 841 3097 O.1.
889 3040 1029 3115 511,
1078 3042 1107 3096 1
1159 3034 1284 3095 ΕΓ
1280 3032 1667 3112 PAIAEpro
1714 3027 1925 3114 ἔγρεο,
1984 3037 2062 3097 ib.
2096 3041 2131 3096 6
2192 3033 2640 3096 ΚΑΙΚΛΥΤΙ
2692 3054 2804 3112 pro

556 3132 874 3210 κέκλυθι,·
938 3142 999 3199 in
1057 3138 1187 3201 cod.
1232 3135 1631 3200 vetustissimo
1686 3140 1844 3201 Novi
1889 3141 2254 3200 Testamenti
2317 3140 2596 3200 Sinaitico
2659 3138 2806 3198 Luc.

559 3246 657 3319 22,
707 3247 784 3303 10
830 3227 1402 3321 ἀκολουθησαται,
1444 3244 1503 3302 in
1550 3261 1728 3302 versu
1762 3242 2086 3320 Euripideo
2119 3242 2216 3312 (fr.
2248 3237 2389 3312 1125)
2422 3261 2457 3300 a
2487 3242 2672 3300 schol.
2705 3243 2808 3301 Ar.

558 3346 795 3404 Thesm.
819 3347 979 3404 1059
1004 3344 1251 3404 tradito:
1284 3340 1814 3424 προσαιόουσσαι
1837 3335 1953 3415 τὰς
1976 3363 2082 3421 pro
2101 3334 2273 3420 πρὸς
2299 3337 2541 3412 Αἰδοῦς
2564 3358 2632 3402 σε
2659 3332 2803 3401 τάν.

558 3447 648 3506 Ita
692 3446 914 3505 factum
960 3452 1077 3521 est,
1139 3451 1203 3505 ut
1246 3448 1545 3506 vocabula
1607 3447 1900 3524 quaedam
1963 3448 2023 3507 in
2072 3464 2197 3518 sog,
2246 3465 2320 3504 aa
2366 3447 2642 3505 exeuntia
2677 3447 2808 3524 jam

559 3550 704 3607 satis
749 3548 995 3623 antiquo
1041 3546 1372 3624 tempore1)
1433 3547 1582 3608 falso
1644 3550 1869 3625 scripta
1927 3566 2036 3626 per
2081 3565 2154 3605 ,αι
2216 3568 2331 3606 non
2391 3548 2447 3607 in
2497 3546 2807 3606 codicibus

559 3654 789 3710 tantum
836 3650 1009 3709 nobis
1055 3650 1309 3710 servatis
1370 3655 1707 3729 occurrant,
1763 3651 1866 3710 scd
1928 3652 2103 3709 etiam
2167 3650 2328 3726 apud
2390 3650 2808 3725 grammaticos

561 3757 797 3812 veteres
843 3751 1241 3828 reperiantur,
1284 3758 1343 3812 et
1387 3773 1421 3811 a
1469 3755 1811 3813 recentibus
1846 3753 1954 3811 hac
1995 3753 2144 3811 falsa
2179 3753 2368 3810 forma
2403 3753 2519 3810 sint
2551 3755 2811 3827 recepta,

563 3859 623 3914 et
688 3856 889 3915 lexicis
954 3856 1173 3915 nostris
1235 3875 1343 3933 per
1414 3872 1558 3924 αιος
1628 3857 1851 3931 scripta
1924 3856 2358 3915 contineantur.
2463 3854 2631 3926 Quae
2678 3854 2808 3931 jam

565 3957 943 4018 enumerabo.

741 4141 779 4202 ¹)
812 4136 1075 4190 Hadriani
1129 4137 1232 4190 iam
1292 4135 1633 4203 temporibus
1681 4137 1926 4190 Graecos
1975 4136 2229 4203 coepisse
2283 4153 2339 4186 αι
2389 4141 2449 4187 et
2499 4153 2524 4187 ε
2581 4140 2814 4195 mutare.

566 4222 902 4289 saepiusque
960 4222 1017 4274 id
1066 4216 1184 4276 fieri
1229 4219 1357 4274 inde
1400 4235 1433 4272 a
1476 4219 1644 4273 tertio
1681 4237 1734 4288 p.
1773 4219 1899 4274 Chr.
1936 4235 1990 4273 n.
2042 4220 2293 4283 saeculo,
2337 4218 2812 4288 ‘Dittenbergerus

564 4321 651 4359 me
687 4305 869 4360 (locet.
