3166 4871
504 326 628 386 272

1514 319 1768 372 Zacher

1181 1380 1297 1462 H.
1400 1379 1685 1462 Index
1738 1398 2069 1460 rerum.

509 1583 795 1639 abstracta
830 1600 885 1637 V.
920 1583 1158 1637 nomina.

504 1668 782 1741 adjectiva
876 1667 1226 1722 substantive
1320 1666 1575 1722 adhibita

574 1758 638 1807 88
682 1770 806 1824 sqq.
859 1752 1124 1807 feminina
1176 1751 1574 1821 adJectivorum

572 1854 686 1893 non
751 1855 854 1908 pro
920 1837 1219 1893 abstractis
1289 1844 1577 1906 ponuntur

572 1928 639 1977 94
659 1938 780 1992 sqq.
813 1927 920 1977 102.
949 1923 1236 1994 adjectiva
1258 1922 1318 1976 in
1345 1940 1440 1985 εος
1463 1938 1574 1977 non

573 2016 861 2063 contracta
896 2013 977 2062 44.
1015 2012 1097 2061 47.
1142 2009 1201 2062 in
1237 2026 1352 2072 ειος
1388 2013 1446 2061 et
1482 2024 1577 2070 εος

573 2097 637 2147 49
663 2110 745 2161 sq.
790 2094 847 2147 in
899 2111 1029 2157 εους
1073 2097 1139 2147 46
1163 2110 1286 2164 sqq.
1330 2093 1389 2146 in
1436 2095 1577 2156 ιδιος

575 2182 654 2231 78.
691 2208 759 2216 -
792 2193 846 2231 v.
884 2179 1122 2232 nomina.

504 2262 773 2317 adverbia
810 2278 880 2317 ex
915 2263 1383 2334 adjectivis’nata
1405 2265 1471 2316 92
1491 2278 1574 2332 sq.

574 2363 641 2402 ex
666 2363 850 2402 accus.
876 2364 985 2403 cas.
1010 2347 1334 2418 adjectivor.
1366 2351 1478 2400 152.
1508 2378 1575 2386 —

573 2433 699 2488 adv.
734 2432 792 2487 iu
831 2435 900 2488 δα
937 2437 1037 2502 δην
1072 2435 1171 2488 δον
1213 2439 1322 2488 171.
1368 2438 1476 2487 189.

491 2511 843 2589 Ἀλάστωρ
882 2522 994 2574 247.

490 2595 829 2658 Ἀπόλλων
855 2596 1054 2668 ἆλαῖος
1082 2606 1576 2673 17.173.δαφναῒος

582 2692 692 2743 141.
744 2682 1131 2759 ἑκατομβαῖος
1170 2692 1280 2742 139.
1331 2692 1575 2760 θυραῖος

575 2769 833 2845 θοράτης
873 2777 984 2827 197.
1022 2778 1263 2843 φαναῖος
1300 2776 1415 2827 255.

506 2864 862 2929 apotropaea
901 2861 997 2912 219
1018 2874 1101 2929 sq.

506 2941 723 2998 archon
758 2958 905 2998 nnus
940 2943 1233 2998 Lebadeae
1278 2949 1337 2998 et
1371 2943 1575 2998 Orcho·

572 3029 719 3083 meni
756 3033 836 3082 59.

492 3114 798 3183 Αρτεμις
821 3111 1064 3185 βουλαία
1093 3116 1203 3168 140.
1240 3109 1576 3185 προθυραία

582 3203 691 3252 145.

491 3274 734 3352 ,Ἀθηνᾶ
762 3281 1006 3354 βουλαία
1036 3288 1147 3337 140.
1184 3280 1433 3354 ναρκαία
1459 3286 1575 3337 258.

573 3365 824 3438 προναία
845 3369 936 3422 vel
956 3363 1204 3440 πρόνοια
1225 3372 1291 3423 24
1305 3385 1388 3437 sq.
1415 3374 1441 3420 ῖ
1448 3373 1477 3421 4
1490 3384 1575 3436 sq.

506 3443 706 3507 azazel
737 3456 837 3507 214
861 3469 944 3522 sq.

505 3535 677 3591 Bida·
711 3536 1109 3606 Spartanorum
1145 3542 1244 3593 250
1271 3555 1355 3608 sq.

506 3639 680 3694 caper
715 3623 1040 3679 missorius
1077 3628 1177 3678 215
1202 3640 1284 3694 sq.

509 3707 699 3764 Cama
735 3708 841 3762 dea
875 3712 991 3764 218.

505 3793 924 3865 comparativus
960 3794 1015 3847 in
1055 3811 1285 3864 αιτερος
1328 3799 1437 3846 183.

506 3879 832 3949 composita.
870 3893 1014 3948 quae
1049 3894 1084 3932 a
1118 3894 1374 3947 praepos.
1405 3877 1574 3945 incip.

575 3969 638 4018 35
665 3979 747 4032 sq.
784 3964 856 4018 ab
895 3956 1004 4018 ἄνα
1042 3964 1212 4033 incip.
1244 3968 1354 4017 151.
1391 3978 1424 4016 a
1459 3980 1573 4032 προ

572 4048 742 4117 incip.
770 4053 878 4103 163.
915 4063 1148 4118 quorum
1174 4047 1403 4102 membr.
1427 4054 1574 4115 post.

574 4134 779 4201 ambig.
822 4138 929 4187 ntr.
965 4147 998 4185 a
1032 4133 1208 4187 verbo
1247 4147 1319 4185 an
1353 4146 1387 4184 a
1430 4147 1573 4185 nom.

573 4218 802 4272 ductum
868 4220 978 4272 192.
1050 4231 1281 4284 quorum
1348 4214 1574 4270 membr.

572 4307 718 4371 post.
756 4317 790 4355 a
824 4302 996 4356 verbo
1046 4300 1299 4355 derivato
1334 4301 1574 4370 petitum
1625 4313 1630 4328 ·

1748 1586 1830 1635 34.
1877 1584 1970 1637 189
1996 1596 2079 1649 sq.
2126 1596 2280 1651 quor.
2328 1579 2552 1633 membr.
2601 1583 2748 1647 post.

1747 1667 1803 1721 in
1842 1683 1896 1719 ιο
1922 1671 1986 1720 35
2013 1681 2095 1734 sq.
2127 1669 2238 1719 188.
2273 1666 2330 1720 in
2356 1683 2442 1719 ειο
2469 1681 2558 1717 εια
2584 1666 2750 1731 34sq.

1749 1783 1816 1792 -
1853 1767 2095 1820 compos.
2132 1766 2303 1819 germ.
2337 1749 2395 1803 in
2431 1749 2483 1821 iq
2525 1754 2636 1802 105.

1681 1842 2076 1892 consonantes.
2125 1840 2165 1906 β
2198 1851 2298 1903 pro
2334 1852 2376 1888 π
2413 1838 2493 1887 64.
2541 1850 2582 1885 π
2619 1838 2674 1886 et
2710 1849 2747 1884 κ

1748 1928 2035 1976 mutantur
2076 1924 2185 1974 181.
2213 1919 2239 1989 j
2279 1919 2495 1989 spirans
2531 1933 2631 1987 pro
2656 1938 2674 1970 ι
2699 1922 2745 1970 6.

1749 2012 1796 2062 9.
1823 2010 1873 2058 ιι
1908 2023 1989 2075 sq.
2032 2010 2118 2058 ιιι
2153 2020 2234 2073 sq.
2268 2009 2375 2057 133.
2411 2007 2577 2072 fpro
2607 2002 2644 2073 j
2671 2006 2748 2054 15.

1752 2109 1787 2146 σ
1824 2092 2018 2146 elisum
2055 2096 2169 2145 non
2205 2089 2342 2144 facit
2364 2089 2522 2158 prod.
2562 2086 2752 2157 suppl.

1748 2176 1898 2246 apud
1931 2177 2047 2230 Ion.
2075 2175 2197 2228 Att.
2224 2179 2304 2242 23,
2341 2174 2445 2229 sed
2468 2189 2556 2242 ap.
2581 2172 2747 2228 Lesb.

1751 2263 1879 2316 Dor.
1916 2262 2108 2316 Boeot.
2146 2264 2226 2316 61.

1681 2346 2008 2416 δαίμονες
2040 2342 2362 2416 ἀλάστορες
2389 2348 2482 2397 237
2500 2359 2581 2414 sq.
2609 2335 2746 2398 ἀπο-

1748 2441 2032 2501 πομπαῖοι
2069 2437 2166 2487 210
2186 2448 2306 2503 sqq.
2361 2424 2748 2502 ἀποτρόπαιοι

1749 2523 1862 2573 211.
1919 2522 2014 2571 213
2059 2534 2142 2587 sq.
2220 2520 2571 2585 παλαμναῖοι
2635 2520 2750 2570 233.

1746 2599 2161 2675 προςτρόπαιοι
2219 2606 2318 2656 222
2354 2618 2476 2672 sqq.
2532 2606 2628 2656 227
2667 2618 2749 2670 sq.

1750 2693 1959 2758 φαῦλοι
1999 2692 2114 2742 212.

1680 2769 1997 2844 Δημήτηρ
2028 2770 2217 2841 ἱμαλίς
2240 2779 2352 2828 175.
2377 2771 2615 2842 λικμαία
2639 2777 2750 2827 175.

1747 2856 2074 2930 προηροσία
2113 2863 2227 2914 104.

1680 2943 1957 2998 diaeresis
1992 2949 2039 2998 6.

1681 3027 1918 3084 dialecti.
1989 3029 2125 3084 lesb.
2161 3049 2234 3084 αο
2289 3046 2391 3100 pro
2428 3047 2522 3084 αιο
2566 3033 2582 3082 1
2629 3044 2750 3098 sqq.

1755 3118 1830 3168 12.
1868 3131 1900 3167 ο
1926 3131 2027 3183 pro
2052 3133 2106 3168 οι
2132 3120 2180 3170 2.
2206 3116 2591 3186 patronymica
2611 3114 2749 3169 lesb.

1750 3202 1797 3252 2.
1845 3205 1929 3255 60.
1977 3231 2045 3239 -
2094 3199 2318 3256 thessal.
2368 3219 2405 3255 a
2448 3217 2550 3270 pro
2598 3220 2656 3254 αι
2702 3203 2750 3253 2.

1749 3291 1969 3354 patron.
2016 3284 2191 3339 thess.
2239 3291 2288 3339 3.
2326 3291 2407 3340 60.
2455 3316 2523 3325 -—
2570 3284 2750 3340 boeot.

1750 3388 1786 3422 α
1810 3386 1913 3438 pro
1938 3388 1996 3424 αι
2035 3371 2082 3423 2.
2115 3375 2195 3425 61.
2232 3390 2265 3438 η
2303 3386 2405 3439 pro
2442 3388 2500 3423 αι
2537 3374 2599 3423 57
2626 3385 2749 3438 sqq.

1748 3473 1806 3508 αι
1841 3461 2122 3509 servatum
2159 3459 2222 3509 58
2249 3470 2369 3524 sqq.
2408 3473 2494 3509 ειο
2529 3470 2630 3525 pro
2655 3471 2749 3508 αιο

1748 3543 1831 3595 62.
1882 3557 1997 3604 ειυς
2044 3541 2136 3595 vel
2185 3558 2325 3605 ειιος
2368 3556 2471 3609 pro
2514 3558 2639 3608 ηιος
2682 3555 2750 3594 ex

1749 3642 1906 3687 εσιος
1930 3628 2011 3679 61.
2049 3643 2081 3679 υ
2105 3642 2209 3696 pro
2231 3643 2286 3680 οι
2322 3631 2403 3679 57.
2441 3631 2751 3696 patronym.

1747 3708 1928 3764 boeot.
1978 3716 2042 3764 58
2071 3726 2193 3780 sqq.
2242 3741 2310 3750 —
2357 3709 2542 3782 delph.
2578 3714 2618 3782 β
2650 3726 2752 3780 pro

1747 3811 1789 3848 π
1826 3799 1906 3848 64.
1942 3825 2011 3834 -
2044 3797 2152 3850 ion.
2202 3815 2259 3849 αι
2308 3803 2438 3851 ante
2482 3812 2603 3850 voc.
2640 3810 2752 3848 non

1746 3887 2016 3934 mutatum
2055 3885 2102 3933 3.
2138 3900 2230 3950 ηιο
2265 3897 2369 3951 pro
2407 3900 2500 3935 αιο
2544 3885 2603 3935 19
2629 3897 2751 3950 sqq.

1748 3967 1813 4017 24
1838 3980 1921 4033 sq.
1961 3965 2053 4019 ἅιο
2078 3982 2182 4035 pre
2205 3969 2342 4023 afta
2369 3970 2433 4021 25
2453 3981 2535 4034 sq.
2575 3984 2661 4020 ειο
2684 3989 2753 4012 =

1749 4067 1872 4104 εσιο
1918 4065 2031 4103 non
2083 4050 2147 4104 fit
2190 4069 2285 4119 ηιο
2322 4055 2384 4105 221
2413 4068 2496 4120 sq.
2535 4051 2626 4105 ειᾶ
2661 4051 2752 4105 vel

1749 4135 1818 4188 εᾶ
1854 4148 1923 4189 ex
1961 4139 2091 4189 efta
2129 4139 2212 4189 69.
2266 4154 2359 4205 ηιο
2394 4138 2449 4191 in
2491 4154 2577 4191 ειο
2614 4151 2751 4190 oon·-

1751 4221 1830 4272 25.
1868 4234 1995 4288 gen.
2020 4219 2096 4288 pl.
2123 4223 2278 4287 γεῶν
2315 4225 2413 4273 110
2433 4235 2514 4288 sq.
2550 4250 2619 4259 —
2654 4225 2751 4274 att.

1749 4320 1786 4355 α
1821 4319 1924 4372 pro
1959 4322 2018 4357 αι
2054 4308 2084 4357 3
2109 4320 2192 4373 sq.
2244 4322 2293 4358 ει
2329 4321 2433 4374 pro
2467 4323 2526 4359 αι
2577 4310 2637 4360 27
2668 4321 2751 4375 sq.
