3166 4871
2491 336 2616 398 273

375 508 535 584 apud
582 527 713 568 eum
760 509 1174 585 inveniuntur,
1235 529 1597 588 quamquam
1659 529 1762 570 sex
1810 513 2035 569 tantum
2084 511 2322 587 scripsit
2366 509 2620 570 fabulas.

373 611 464 670 Ac
510 630 868 688 quamquam
917 631 1033 671 non
1082 631 1242 690 nego
1289 613 1402 671 hoc
1446 613 1648 690 aliqua
1694 631 1765 672 ex
1813 616 1985 690 parte
2028 618 2347 690 propterea
2392 611 2616 673 factum

374 730 534 789 esse,
593 712 755 789 quod
800 713 900 773 ille
946 714 1215 792 propiuS,
1261 733 1437 791 quam
1473 715 1723 774 Plautus
1770 718 1830 774 et
1875 713 2188 792 CaeciliuS,
2232 734 2266 775 a
2312 714 2617 776 Ciceronis

372 814 559 891 ipsius
603 821 796 876 aetate
848 816 1087 893 aberat,
1151 822 1345 877 tamen
1403 816 1550 877 haec
1606 834 1822 877 caussa
1880 817 2069 876 levior
2126 820 2249 894 est,
2305 834 2480 895 quam
2542 836 2617 877 ex

374 936 496 993 qua
574 918 701 978 sola
777 919 1061 996 explicari
1140 919 1354 997 possit,
1430 919 1594 996 quod
1676 919 1914 979 dimidio
1994 920 2230 979 circiter
2306 920 2618 996 pauciores

374 1019 646 1098 Caecilii,
702 1021 875 1099 cujus
921 1023 1095 1082 etiam
1142 1040 1304 1082 nunc
1350 1021 1752 1099 quadraginta
1801 1021 1925 1082 fere
1972 1026 2212 1082 exstant
2254 1023 2440 1101 tituli,
2501 1023 2614 1084 loci

371 1122 429 1181 in
487 1122 791 1184 Ciceronis
849 1124 1017 1184 libris
1080 1124 1282 1185 insunt
1344 1129 1403 1184 et
1462 1106 1585 1184 tres
1638 1127 1866 1184 tantum
1924 1124 2137 1184 Plauti.
2240 1126 2447 1201 Itaque
2501 1125 2615 1186 hoc

370 1242 479 1301 pro
525 1230 689 1286 certo
735 1225 1148 1287 affirmaverim
1193 1227 1557 1299 Terentium,
1603 1246 1777 1304 quem
1823 1226 1897 1286 iis
1938 1226 2175 1303 quidem
2222 1227 2419 1306 rebus,
2463 1246 2615 1305 quas

372 1328 625 1387 maxime·
671 1328 1015 1389 aestimasse
1063 1329 1297 1390 videtur
1343 1329 1578 1407 Cicero,
1640 1330 1930 1389 sermonis
1974 1330 2268 1389 suavitate
2313 1336 2374 1391 et
2415 1330 2612 1390 subtili

327 1418 597 1493 ⁴morum
665 1432 966 1492 notatione
991 1428 1088 1507 ⁸⁹),
1161 1433 1430 1508 proxime
1492 1432 1567 1491 ad
1630 1431 1946 1493 Menandri
2006 1432 2442 1493 similitudinem
2520 1453 2612 1495 ac·

369 1531 619 1592 cessisse
679 1534 777 1593 vix
841 1534 1042 1610 negari
1097 1537 1321 1612 potest,
1390 1534 1718 1611 principem
1797 1533 2155 1594 comicorum
2211 1535 2611 1596 Romanorum

372 1634 642 1696 Ciceroni
691 1636 878 1696 visum
927 1654 1074 1698 esse.
1093 1630 1175 1714 ⁹⁰)
1264 1637 1533 1715 Accedit,
1578 1636 1739 1713 quod
1788 1654 1864 1696 ne
1908 1637 2023 1697 hoc
2079 1636 2312 1714 quidem
2360 1636 2614 1700 fortasse

371 1737 500 1798 solo
547 1756 683 1798 casn
731 1737 953 1799 factum
1002 1744 1110 1817 est,
1154 1739 1319 1817 quod
1365 1769 1450 1780 —
1494 1742 1561 1799 ut
1606 1740 1863 1799 omittam
1913 1758 1985 1798 ex
2026 1740 2266 1816 Hecyra
2311 1757 2385 1799 ne
2432 1760 2610 1801 unum

371 1839 607 1917 quidem
656 1842 850 1901 locum
898 1842 1059 1919 apud
1107 1843 1452 1904 Ciceronem
1499 1841 1751 1901 inveniri
1800 1872 1881 1880 -
1928 1860 2002 1901 ex
2040 1841 2280 1917 triginta
2309 1841 2435 1901 fere
2469 1843 2623 1925 locis*

369 1942 749 2002 Terentianis
821 1948 942 2003 tres
1015 1948 1247 2004 tantum
1323 1962 1397 2003 ex
1471 1943 1857 2020 Phormione,
1931 1960 2085 2020 quae
2160 1944 2463 2004 comoedia
2535 1945 2637 2004 ad-

371 2042 717 2121 Apollodori
750 2046 1091 2123 conscripta
1136 2050 1228 2106 est
1269 2046 1623 2123 exemplum,
1667 2045 1939 2123 sumpsit3
1986 2048 2217 2104 ceteros
2248 2065 2321 2105 ex
2354 2050 2614 2123 quatuor

369 2145 501 2223 illis,
544 2146 605 2205 in
652 2146 866 2223 quibus
911 2147 1241 2208 condendis
1286 2149 1384 2208 illc
1430 2147 1820 2208 Menandrum
1867 2150 2110 2208 secutus
2154 2151 2258 2207 est.
2301 2179 2387 2188 —
2430 2149 2519 2210 Ac
2564 2150 2614 2210 si

370 2249 745 2326 quaerimus,
796 2250 1004 2326 quales
1067 2251 1317 2309 maxime
1392 2251 1556 2310 locos
1628 2270 1661 2309 e
1731 2250 1968 2311 Caecilii
2028 2250 2351 2311 comoediis
2404 2251 2612 2313 Cicero

368 2348 641 2427 proferre
711 2351 933 2428 soleat,
998 2352 1208 2412 iterum
1282 2370 1733 2429 cognoscemus,
1811 2371 1985 2430 quam
2061 2352 2241 2412 fuerit
2300 2353 2612 2414 Menandri

369 2453 687 2515 studiosus,
774 2456 1032 2519 Primum
1080 2457 1251 2528 enim,
1299 2474 1372 2516 ne
1417 2457 1551 2533 quis
1583 2457 1825 2516 miretur
1860 2475 1971 2533 pro
2003 2475 2253 2518 numero
2286 2457 2614 2518 comoedia-

369 2575 499 2616 rum
546 2576 619 2617 ex
667 2576 883 2636 magna
925 2564 1098 2636 parte
1145 2559 1221 2618 ad
1268 2558 1611 2630 Menandri,
1661 2562 1725 2618 ut
1769 2559 2033 2636 videtur,
2079 2560 2411 2637 exemplum
2461 2579 2614 2621 com-

368 2659 691 2736 positarum
751 2679 982 2739 paucos
1044 2662 1202 2722 illius
1261 2663 1424 2722 locos
1485 2680 1521 2720 a
1566 2661 1853 2722 Cicerone
1906 2661 2198 2740 proferri,
2257 2664 2611 2724 monendum

369 2764 460 2821 est
489 2762 873 2824 Ritschelium
922 2765 1208 2842 (parerga
1236 2784 1293 2843 p.
1329 2765 1475 2835 145)
1522 2766 1751 2841 magnis
1798 2765 2028 2824 caussis
2072 2764 2272 2824 allatis
2318 2764 2614 2826 affirmare

371 2863 689 2925 Caecilium
748 2866 1182 2943 posterioribus
1241 2865 1478 2926 demum
1540 2869 1701 2927 vitae
1747 2867 1922 2925 annis
1967 2867 2239 2942 coepisse
2284 2883 2387 2927 cas
2431 2866 2614 2928 Grae-

369 2982 571 3024 corum
627 2965 891 3044 fabulas,
953 2986 1104 3045 quas
1172 2968 1562 3046 sequebatur,
1622 2968 1963 3028 accuratius
2021 2967 2373 3045 exprimere.
2478 2969 2615 3028 Huc

370 3067 619 3145 accedit,
664 3070 826 3146 quod
873 3088 1002 3130 eam
1048 3068 1305 3130 fortasse
1352 3071 1427 3129 ob
1474 3088 1765 3140 caussam,
1810 3069 1972 3146 quod
2018 3069 2209 3129 malus
2247 3073 2376 3129 erat
2403 3073 2616 3131 auctor

369 3168 709 3230 Latinitatis
769 3203 852 3209 -
904 3171 987 3232 ita
1042 3172 1196 3231 enim
1259 3189 1392 3231 eum
1456 3171 1719 3250 appellat
1771 3170 1847 3231 ad
1907 3171 2028 3231 Att.
2084 3175 2141 3248 7,
2200 3175 2258 3250 3,
2316 3169 2484 3245 10⁹¹)
2527 3203 2613 3213 —

539 3317 608 3382 ⁸⁹)
642 3313 714 3371 cf.
750 3315 926 3371 Varro
961 3334 1015 3386 p.
1041 3323 1138 3372 303
1164 3318 1311 3386 Bip.:
1349 3316 1647 3372 Terentius
1681 3316 1738 3370 in
1775 3315 1955 3371 ethesi
1991 3317 2178 3386 poscit
2212 3317 2465 3384 palmam.

537 3402 606 3470 ⁹⁰)
640 3401 857 3456 Dixerit
903 3402 1180 3472 quispiam
1229 3417 1314 3456 me
1361 3402 1690 3471 neglegere,
1741 3417 1884 3471 qnae
1922 3401 2116 3457 Cicero
2159 3400 2284 3470 ipse
2321 3401 2373 3457 d.
2409 3409 2523 3472 opt.
2558 3420 2613 3474 g.

367 3502 446 3540 or.
484 3490 514 3539 2
552 3484 653 3540 hac
690 3487 759 3541 de
796 3502 855 3542 re
891 3485 1183 3556 professus
1221 3487 1317 3542 sit:
1359 3487 1745 3556 „Itaque‘licet
1771 3486 1955 3541 dicere
1981 3493 2037 3541 et
2061 3486 2302 3541 Ennium
2341 3503 2612 3542 summum

367 3569 583 3639 epicum
621 3577 859 3640 poetam,
896 3572 944 3626 si
981 3572 1070 3627 cui
1105 3572 1185 3626 ita
1219 3572 1458 3640 videtur,
1495 3578 1552 3626 et
1575 3572 1882 3626 Pacuvium
1920 3573 2187 3640 tragicum
2227 3577 2285 3626 et
2308 3573 2611 3627 Caecilium

365 3655 608 3711 fortasse
655 3658 970 3712 comicum.“
1056 3658 1131 3713 Ut
1177 3673 1311 3712 vero
1358 3657 1609 3712 omittam
1656 3673 1724 3712 ex
1772 3656 2172 3712 sententiarum
2220 3672 2438 3712 conexu
2476 3658 2612 3712 satis

366 3757 636 3811 apparere
673 3742 777 3797 hoc
811 3744 932 3799 loco
970 3759 1093 3799 eum
1132 3760 1245 3797 non
1279 3750 1390 3798 tam
1429 3757 1583 3798 suam
1621 3742 1801 3812 ipsius
1837 3743 2172 3812 opinionem,
2210 3757 2372 3812 quam
2409 3758 2613 3812 eorum,

369 3828 466 3897 qui
512 3827 567 3881 in
616 3826 699 3882 his
746 3828 914 3884 rebus
963 3845 1235 3884 summum
1273 3828 1605 3884 obtinebant
1643 3828 1988 3883 auctoritatis
2026 3829 2233 3896 locum,
2282 3829 2610 3883 sententiam

367 3911 631 3982 proferre,
668 3913 726 3968 id
762 3914 961 3981 ipsum,
997 3914 1150 3984 quod
1188 3915 1488 3977 „fortasse⁴
1527 3913 1764 3982 addidit,
1800 3922 2127 3982 argumento
2152 3923 2237 3968 est
2260 3912 2405 3967 hunc
2428 3914 2610 3968 locum

364 4015 476 4054 non
512 4001 744 4053 multum
781 4000 851 4055 de
875 4000 1163 4056 Ciceronis
1190 4000 1409 4072 judicio
1432 3999 1687 4069 probare.
1745 3997 1933 4066 Adde,
1957 3998 2107 4068 quod
2129 3998 2274 4052 infra
2294 3998 2612 4053 videbimus

365 4101 437 4139 ne
479 4085 539 4138 id
586 4086 811 4155 quidem
857 4102 958 4155 pro
1002 4093 1153 4141 certo
1201 4101 1368 4156 posse
1412 4084 1672 4139 affirmari
1720 4083 1869 4138 hunc
1904 4084 2149 4139 Pacuvio
2197 4083 2431 4153 primum
2466 4083 2613 4138 inter

367 4169 611 4239 tragicos
646 4170 925 4226 Romanos
960 4171 1226 4226 tribuisse
1264 4172 1457 4226 locum.

538 4257 608 4320 ⁹¹)
643 4255 712 4310 cf.
750 4262 1039 4325 praeterea
1075 4256 1230 4311 Brut.
1267 4261 1395 4310 258:
1449 4255 1747 4311 Caecilium
1785 4262 1842 4310 et
1878 4254 2179 4312 Pacuvium
2216 4254 2359 4308 male
2393 4255 2612 4309 locutos

368 4339 640 4397 videmus.
