3166 4871
635 290 754 352 178
1593 283 1854 340 Zaeher

630 466 689 525 in
737 465 904 542 rupis
946 465 1199 524 alicuius
1244 463 1453 523 umbra
1497 482 1631 523 esse
1679 462 2011 540 Juenndam
2068 463 2181 522 ait:
2237 463 2562 540 simplicem
2607 493 2693 503 -—-
2738 481 2879 522 nam

626 570 792 627 recto
850 565 1219 642 Gettlingius
1276 585 1332 625 v.
1378 549 1717 622 591—95'
1775 565 1850 625 ab
1909 566 2026 625 alio
2085 566 2389 642 rhapsodo
2445 565 2685 625 additos
2743 582 2881 625 esse

626 671 789 730 dicit.
885 670 1084 746 Atque
1144 668 1298 729 bene
1357 670 1639 746 congruit
1696 686 1830 728 oum
1889 669 2075 729 totius
2134 669 2411 728 carminis
2466 668 2667 728 indole
2727 667 2883 727 haee

628 773 992 851 praeceptio.
1079 771 1265 847 Atqui
1311 771 1749 848 simplicissima
1793 789 1864 831 ae
1907 771 2194 831 vilissima
2210 757 2395 849 ’μᾶζα
2425 774 2555 830 erat
2584 788 2675 845 ea,
2719 787 2881 846 quae

627 895 701 935 ex
747 874 975 935 hordeo
1022 874 1179 933 mola
1225 872 1464 950 quidem
1511 872 1725 948 fracte,
1768 873 1878 932 sed
1923 873 2259 933 furfuribus
2301 872 2566 933 nondum
2610 876 2881 950 purgato
2954 946 2961 952 ἱ

626 978 807 1038 fiebat
864 960 1331 1056 (ἧχυρωμένη),
1392 994 1645 1052 eamque
1704 975 1779 1034 ob
1841 993 2084 1036 eausam
2143 975 2432 1053 subnigro
2487 979 2618 1035 erat
2664 975 2881 1035 'colore

624 1078 727 1154 (ef.
770 1079 1040 1140 Polioeh.
1097 1098 1190 1155 ap.
1245 1079 1383 1138 Ath.
1428 1079 1509 1155 11,
1572 1074 1654 1135 56
1726 1072 2173 1158 Μεμαγμένηυ
2230 1067 2481 1156 μικρὰν
2536 1073 2881 1155 μελαγχρῆ

626 1179 842 1260 μᾶζαν
885 1165 1366 1260 ἠχυρωμένην).
1451 1180 1665 1257 Itaque
1720 1181 1769 1239 si
1832 1164 2121 1258 ἀμολγός
2182 1182 2418 1258 nigrum
2480 1178 2885 1258 significabat,

493 1323 511 1361 -.
625 1285 739 1344 hoe
813 1273 1021 1364 μάζης
1094 1301 1286 1360 genus
1360 1302 1479 1344 non
1570 1285 1774 1360 inepte
1862 1268 2228 1363 ἄμολγαῑον
2313 1283 2517 1344 vocari
2604 1283 2881 1361 potuisse

625 1387 880 1448 videtur.
1119 1448 1128 1453 ,

794 1474 1225 1569 ἀμορβαῑος
1268 1490 1400 1549 Nic.
1444 1490 1595 1548 ther.
1626 1485 1726 1566 28,
1773 1484 1913 1565 489,
1958 1472 2363 1566 ἄμορβαὶους
2406 1505 2479 1547 τε
2519 1476 2881 1567 χαράδρας.

623 1592 848 1652 SchoL:
911 1582 1029 1662 τὰς
1085 1580 1492 1664 βουκολικάς
1547 1577 1591 1669 ἢ
1651 1579 2044 1669 ποιμενικάς
2101 1575 2421 1668 (ἀμορβός
2480 1597 2690 1667 pastor
2746 1590 2881 1648 Nic.

624 1694 775 1755 ther.
820 1689 919 1753 49.
965 1695 1184 1754 Antim.
1227 1713 1287 1771 p.
1318 1690 1445 1771 62),
1489 1678 1670 1752 ὅπου
1715 1684 1778 1750 οἱ
1822 1682 2147 1765 βουκόλοι
2188 1690 2701 1771 περιπατοῦσιν.

796 1780 1180 1875 ἆντραϊος
1238 1815 1441 1874 ,‚nom.
1501 1784 1791 1854 τοπικόν
1850 1814 1926 1856 ex
1981 1782 2235 1872 ἄντρον
2286 1796 2661 1874 significante
2707 1783 2879 1874 σπή-

624 1898 847 1973 λαιον,
906 1905 1060 1961 teste
1105 1899 1307 1978 Steph.
1353 1902 1524 1977 Byz„
1580 1901 1682 1977 qui
1728 1900 1869 1959 Eur.
1913 1899 1974 1959 in
2021 1900 2233 1977 Capris
2279 1884 2518 1977 [Αύγεῑ
2560 1898 2880 1976 Mem-sius,

623 1989 925 2074 Εὔπολις
969 2022 1081 2081 pro
1127 1988 1497 2082 Εὐριπιδης
1554 2003 1739 2062 nihilo
1801 2002 2065 2062 deterius
2112 2000 2342 2074 vach]
2404 2020 2477 2062 ρο
2522 2003 2609 2062 uti
2654 2001 2878 2078 scribit,

626 2107 885 2166 afferens
930 2112 992 2166 et
1034 2105 1170 2166 fem.
1215 2090 1550 2184 dvtpala‘fi
1595 2106 1776 2166 Thes.

792 2192 1089 2287 ἄοτραῖ
1097 2225 1179 2278 ος
1237 2208 1527 2268 stellatus.
1573 2225 1733 2267 orae.
1780 2226 1876 2284 ap.
1921 2207 2216 2285 Porphyr.
2268 2207 2328 2266 in
2388 2207 2609 2267 Euseb.
2654 2207 2874 2283 Praep.

511 2390 528 2397 ι
622 2328 713 2368 ev.
760 2308 826 2389 4,
885 2326 944 2387 p.
994 2306 1113 2367 124
1144 2312 1240 2370 A:
1286 2311 1476 2387 Saepe
1534 2328 1630 2387 ap.
1688 2310 1889 2370 Noun.
1948 2293 2249 2387 Άστραία
2306 2328 2461 2370 nom.
2514 2326 2723 2387 propr.
2777 2326 2875 2385 ap.

623 2412 802 2472 eund.
846 2414 1190 2474 et-Maxim.
1237 2411 1524 2490 Καταρχ.
1610 2414 1803 2474 Etiam
1850 2412 2056 2490 oppidi
2100 2411 2326 2490 Illyrici
2371 2430 2605 2476 nomen.

792 2499 1172 2586 ἄσυλαϊος
1215 2505 1380 2585 θεός
1426 2515 1580 2576 Plut.
1626 2517 1792 2576 Rom.
1837 2511 1895 2576 9.

793 2615 938 2690 βου
953 2611 1082 2676 ναί
1095 2636 1137 2675 α
1198 2619 1349 2678 Iuno
1407 2618 1716 2678 colebatur
1768 2620 1994 2695 templo
2047 2618 2207 2694 apud
2265 2617 2612 2679 Corinthum
2656 2620 2877 2696 posito,

625 2719 787 2797 quod
835 2720 890 2780 ei
936 2737 1153 2781 nomen
1197 2721 1446 2782 inditum
1493 2727 1667 2798 putat
1710 2722 2041 2781 Pausanias
2072 2718 2128 2799 2,
2161 2718 2217 2798 4,
2249 2718 2283 2777 7
2316 2739 2353 2780 a
2381 2723 2553 2782 Buno
2582 2722 2875 2781 Mercurii

622 2826 683 2882 et
727 2822 1097 2883 Aleidamiae
1125 2822 1267 2901 filio,
1310 2824 1516 2899 templi
1547 2819 1889 2901 eonditor03
1934 2824 2158 2884 rectius
2195 2828 2517 2884 revocatur
2542 2823 2621 2883 ad
2654 2843 2872 2884 nomen

620 2925 1050 3002 appellativum
1095 2914 1341 2998 βουνός
1381 2926 1572 3003 collis,
1618 2926 1901 3003 tumulus,
1946 2943 2130 3003 quum
2156 2926 2219 2985 in
2255 2926 2549 2986 montibus
2576 2926 2871 2987 Iunonem

622 3027 738 3086 ooli
769 3028 1003 3089 solitam
1035 3046 1288 3106 eamque
1318 3029 1394 3088 ob
1424 3045 1667 3088 eausam
1698 3013 1987 3106 ἄκραὶαν
2032 3029 2396 3105 appellatam
2441 3046 2573 3089 esse
2620 3033 2873 3090 oonstet.

619 3130 974 3190 ef.P1·eller
1017 3127 2069 3209 Gr.Myth.1‚132‚6.Ge1-hard
2114 3129 2216 3191 Gr.
2263 3130 2448 3207 Myth.
2492 3127 2705 3208 §217,
2758 3128 2807 3191 1.

788 3231 1177 3305 βουκαῖος
1241 3235 1372 3293 Nic.
1431 3234 1583 3293 ther.
1630 3232 1667 3288 5
1726 3227 1797 3291 σὲ
1857 3217 1916 3291 δ’
1976 3219 2061 3291 ἂν
2116 3223 2490 3311 πολύεργος
2548 3217 2872 3311 ἀροτρεὺς

617 3324 956 3405 Βουκαιός
1013 3321 1071 3394 τ’
1116 3320 1343 3414 ἇλὲγοι
1401 3330 1508 3394 καὶ
1569 3320 1948 3415 ὀροιτυπος.
2038 3336 2297 3396 Theoer.
2340 3337 2413 3414 X,
2463 3333 2491 3392 1
2549 3328 2869 3413 ἐργατίνα

617 3435 909 3510 βουκαῑε.
1016 3439 1148 3498 Hoc
1213 3439 1572 3499 vocabulum
1640 3439 1946 3499 veteribus
2010 3440 2410 3514 grammaticis
2473 3440 2871 3516 compositum

617 3539 935 3600 videbatur
963 3531 1071 3599 aut
1105 3557 1179 3600 ex
1208 3539 1337 3613 βου
1366 3540 1634 3619 praefixo
1665 3539 1852 3618 (quod
1885 3541 1943 3600 in
1975 3531 2415 3619 βούβρωστις)
2447 3546 2507 3601 et
2533 3548 2707 3619 γαῖα,
2748 3542 2785 3600 i.
2817 3559 2870 3601 e.

618 3642 719 3718 qui
764 3645 986 3702 terram
1033 3641 1357 3719 diligenter
1402 3644 1572 3720 eolit3
1640 3648 1746 3703 aut
1789 3661 1862 3703 ex
1906 3639 2036 3715 βου
2080 3647 2141 3702 et
2183 3636 2430 3714 καὶνω,
2484 3629 2522 3699 ὁ
2566 3631 2873 3720 μεγάλως

539 3770 544 3776 ·
618 3737 877 3802 καίνων
943 3743 1051 3817 (ee.
1111 3735 1237 3824 τὴν
1297 3742 1445 3825 γῆν)
1506 3745 1608 3805 vel
1668 3733 1706 3804 ὁ
1769 3734 1898 3804 σὺν
1960 3752 2102 3815 τοῖς
2165 3739 2361 3818 βουσὶ
2422 3738 2681 3804 καίνων
2742 3734 2872 3824 τὴν

616 3842 761 3925 γῆν.
855 3848 922 3906 V.
965 3848 1152 3907 schol.
1198 3848 1276 3908 ad
1322 3850 1503 3908 Ther.
1535 3849 1606 3925 X,
1653 3846 1678 3905 1
1736 3854 1796 3909 et
1839 3848 2054 3908 Kiessl.
2097 3848 2189 3907 ad‘
2220 3850 2255 3907 l.
2343 3848 2458 3909 Sed
2505 3847 2869 3908 vocabulum

616 3948 760 4008 nihil
805 3967 936 4009 esse
983 3951 1091 4008 nisi
1141 3950 1477 4032 derivatum
1523 3973 1560 4010 a
1604 3948 1881 4023 βοῦκος,
1926 3948 2400 4024 βιῦκος’(Τὴοι·.
2445 3951 2517 4028 Χ,
2560 3946 2695 4028 38),
2738 3951 2869 4028 jam

614 4051 1023 4128 Kiesslingius
1067 4052 1382 4114 intellexit.
1468 4054 1622 4113 Nam
1653 4050 1876 4127 βῶκος
1907 4069 1981 4112 ex
2012 4051 2308 4126 βωκαῑος
2348 4057 2688 4131 correptum
2735 4071 2873 4114 esse

615 4154 842 4231 nequit.
930 4152 1089 4228 Quid
1148 4164 1346 4215 autem
1393 4156 1587 4232 ipsum
1644 4153 1905 4228 βῶκος
1958 4156 2093 4215 est?
2177 4157 2269 4215 Ex
2313 4143 2650 4228 βουκόλος
2697 4157 2873 4216 mnti-
2958 4201 2969 4206 -

613 4258 797 4317 latum
846 4263 1020 4333 putat
1063 4257 1411 4337 Benfeyiu8‚
1453 4258 1559 4318 sed
1607 4260 1722 4318 hoe
1767 4260 1945 4334 plane
1990 4257 2340 4319 incredibile
2378 4265 2500 4318 est:
2545 4259 2677 4317 eina
2708 4260 2873 4319 modi
