3166 4871
519 301 636 361 174
1507 294 1761 351 Zaeher

515 467 541 533 ἐ
555 491 599 553 μ
609 464 749 554 βρό
765 457 1003 555 ντητο
1019 492 1075 536 ν.
1119 460 1595 555 Ἐμβρονταῖον
1619 479 1710 536 est
1726 475 1910 554 igitur
1934 477 2104 536 loeus
2130 467 2760 556 ἐμβεβροντημένος,

515 577 762 639 fulmine
807 582 1021 639 taetus.
2559 559 2567 570 ⁴

683 669 1009 760 γηραιός
1055 670 1379 760 γεραιός
1420 671 1716 762 γηραός
1761 665 2106 760 ἀγήραος
2136 685 2248 742 oet.
2272 681 2555 758 ef.supra
2582 700 2639 758 p.
2666 678 2763 740 14.

686 778 1014 861 δαμαῖος
1060 784 1334 858 domitor,
1378 803 1553 862 cogn.
1597 784 1864 861 Neptuni
1909 803 2004 861 ap.
2048 784 2219 844 Piud.
2262 783 2356 845 Ol.
2398 784 2559 862 xm,
2603 779 2704 844 98.

688 876 913 956 ἵλαος
957 905 1013 945 v.
1058 904 1244 963 supra
1287 906 1343 963 p.
1382 884 1475 946 14.

688 978 958 1065 ἱμαῖος
1002 989 1226 1065 duplici
1273 991 1459 1050 utitur
1504 989 1968 1066 significatioue3
2029 990 2114 1050 sie
2174 990 2330 1049 enim
2390 988 2765 1049 vocabantur

519 1091 785 1149 earmina
828 1095 951 1150 tum
999 1093 1074 1152 ab
1120 1091 1191 1151 iis
1236 1093 1338 1169 qui
1386 1111 1603 1169 aquam
1650 1112 1682 1153 e
1728 1097 1910 1169 puteo
1956 1091 2275 1151 trahebant
2310 1096 2435 1151 tum
2474 1109 2510 1150 a
2541 1092 2767 1151 molen-

515 1192 677 1252 tibus
736 1196 991 1252 cantata.
1087 1194 1282 1254 Schol.
1341 1195 1444 1255 Ar.
1497 1196 1646 1255 Rau.
1698 1190 1889 1252 1297:
1941 1182 2535 1272 Ἱμονιοστρόφου.·
2599 1180 2767 1252 Οἶον

519 1283 1077 1374 σχοινιιοστρόφου
1107 1290 1293 1375 μέλη,
1339 1280 1381 1355 ἃ
1412 1286 1589 1366 εἰκὸς
1621 1282 1834 1375 ἄνδρα
1879 1280 2092 1354 ὕδατα
2138 1281 2514 1374 ἀρυόμενον
2560 1281 2766 1377 ᾄδειν.

454 1387 466 1394 “
521 1385 745 1486 {aomo}
787 1387 911 1476 γὰρ
957 1393 1256 1457 καλεῖται
1301 1388 1380 1457 τὸ
1426 1395 1568 1456 τῶν
1615 1382 2062 1478 ἄντλημάτων
2121 1392 2457 1475 σχοινίον,
2513 1391 2629 1455 καὶ
2684 1387 2766 1456 to*

521 1489 726 1579 ᾆσμα,
773 1483 810 1556 ὃ
858 1485 1137 1580 ᾅδουσιν
1183 1493 1248 1559 οἱ
1291 1485 1642 1581 ἀντληταὶ,
1689 1492 1765 1579 ἱμ
1782 1507 1978 1559 αῖον.
2072 1495 2500 1578 Καλλίμαχος
2530 1499 2627 1573 (fr.
2660 1496 2766 1566 42)

520 1583 722 1658 ἀείδει
748 1595 858 1658 καὶ
883 1591 1021 1660 πού
1047 1620 1145 1673 τις
1168 1588 1337 1683 ἀνὴρ
1365 1591 1692 1683 ὑδατηγὸς
1724 1595 1799 1682 ὶμ
1816 1609 2017 1662 αῖον.
2036 1603 2429 1678 —Hesyeluz
2461 1593 2766 1680 ἱμαῖος·

522 1685 664 1780 φ’δὴ
711 1692 1078 1782 ἐπιμύλιος,
1123 1700 1236 1763 καὶ
1267 1698 1739 1784 ἐπαντ(λ)αῖος,
1781 1699 1894 1763 καὶ
1926 1685 2293 1775 ἐπῖνοστος.
2371 1693 2769 1782 ἱμαοιδός·

522 1790 560 1862 ὁ
603 1794 776 1883 πρὸς
818 1803 898 1883 τῇ
939 1797 1132 1886 μύλῳ
1178 1802 1291 1866 καὶ
1334 1806 1432 1887 τῷ
1478 1793 1849 1887 ἅντλήματι
1895 1805 2004 1879 (sie
2047 1811 2210 1867 reete
2251 1825 2480 1867 eorrex.
2509 1806 2770 1866 Lindan.

524 1925 633 1984 pro
680 1891 1036 1987 αύλήματι,
1096 1929 1152 1969 v.
1196 1907 1386 1983 Suid.)
1433 1896 1634 1991 ᾄδων.
1677 1940 1763 1949 -
1807 1908 2003 1969 Suid.:
2054 1896 2360 1986 ‘lualov
2404 1888 2594 1991 ᾆσμα.
2686 1897 2770 1966 τὸ

523 2002 634 2068 ἐπὶ
692 2006 772 2087 τῇ
824 1995 1137 2090 ἀντλήσει
1199 2002 1598 2091 λεγόμενον·
1646 2000 1864 2094 παρὰ
1918 2001 2009 2069 τὸ
2057 2001 2256 2089 ἱμᾶν.
2334 2002 2399 2068 οἱ
2439 2003 2509 2068 δὲ
2553 2009 2770 2087 μυλω-

501 2101 788 2191 θρικόν.
870 2109 1040 2184 ,,Καί
1070 2104 1208 2173 πού
1240 2133 1340 2186 τις
1385 2099 1554 2194 ἀνὴρ
1602 2102 1931 2194 ὑδατηγός
1976 2105 2200 2190 ἱμαῖον
2244 2099 2447 2196 ᾄδει.“
2522 2107 2771 2172 Καλλί-

520 2231 727 2291 μαχος
768 2202 1026 2293 Ἑκάλῃ.
1074 2248 1161 2258 —-
1194 2205 1520 2295 Ἰμαῖος·
1563 2205 1605 2296 ἡ
1653 2206 1994 2295 ἐπιμύλιος
2038 2202 2201 2296 ᾠδή.
2289 2212 2498 2295 Δηλοῖ
2522 2209 2612 2275 δὲ
2656 2210 2773 2273 καὶ

525 2302 739 2393 ὄνομα
798 2307 1041 2396 κύριον
1104 2319 1345 2392 (nomen
1404 2339 1611 2398 propr.
1673 2322 1895 2381 Persae
1955 2338 2051 2396 ap.
2111 2318 2497 2394 Aeschylum.
2600 2318 2774 2378 Haeo

528 2418 706 2479 etiam
753 2439 846 2497 ap.
889 2420 1160 2499 Theogn.
1207 2423 1396 2484 Cram.
1442 2442 1542 2483 an.-
1576 2443 1633 2501 p.
1667 2421 1764 2500 51,
1797 2417 1921 2495 30).
1964 2453 2049 2463 -
2092 2422 2185 2481 Et.
2217 2403 2373 2482 Gud'.
2402 2440 2457 2498 p.
2487 2416 2631 2498 277,
2664 2418 2772 2483 47:

513 2509 856 2599 “Iptalog
918 2516 1044 2583 εἴτε
1109 2514 1456 2604 ἐπιμύλιος
1518 2509 1661 2603 φ’δὴ
1715 2512 1756 2603 ἢ
1813 2510 2025 2605 ὄιομα
2070 2513 2327 2603 κύριον.
2357 2543 2458 2562 ·-
2500 2522 2639 2582 Ath.
2677 2521 2777 2601 14,

527 2621 648 2681 618
675 2625 760 2683 D.
807 2619 936 2684 Καὶ
982 2610 1160 2705 ᾠδῆς
1207 2621 1275 2685 δὲ
1309 2611 1672 2704 ὀνομασίας
1716 2620 2060 2704 καταλέγει
2092 2644 2129 2685 ο
2169 2614 2501 2705 Ίρύφων
2545 2614 2772 2695 nieds-

526 2713 874 2803 ,,“Ιμαῖος,
933 2715 974 2807 ἡ
1021 2718 1370 2799 ἐπιμύλιος
1412 2723 1830 2808 καλουμένη,
1889 2714 1974 2807 ἣν
2037 2717 2217 2807 παρὰ
2274 2717 2438 2797 τοὺς
2493 2711 2776 2799 αλέτους

530 2819 733 2904 ᾐδον.·
771 2823 980 2901 ἴσως
1036 2816 1189 2890 απὸ
1250 2828 1392 2910 τῆς
1452 2822 1865 2910 ιμαλίὸος.
1956 2818 2206 2909 Ἶμαλὶς
2268 2815 2328 2889 ‹5’
2390 2821 2528 2889 ἐστὶ
2588 2818 2777 2908 παρὰ

530 2925 894 3008 Δωριεῦσιν
968 2952 1006 2993 ο
1051 2923 1326 3007 νόστος,
1395 2929 1503 2992 καὶ
1567 2923 1652 2992 τὰ
1710 2927 2030 3012 ἐπίμετρα
2089 2930 2229 2992 τῶν
2290 2916 2582 2990 αλέτων“
2625 2928 2772 2989 κτλ.

530 3032 614 3095 cf.
645 3032 784 3095 ibid.
828 3054 885 3112 p.
917 3032 1140 3097 6193:
1189 3021 1665 3116 Ἀριστοφάνης
1711 3019 1771 3093 ‹5'
1814 3029 1889 3094 ἐν
1916 3031 2230 3104 4ττικαῑς
2276 3046 2435 3114 φησι
2482 3027 2772 3109 λέξεσιν·

517 3124 808 3215 Ἰμαῖος
853 3123 995 3217 φ’δὴ
1040 3136 1430 3218 μυλωθρῶν
1474 3136 1636 3209 κτλ.

698 3241 901 3317 Atque
946 3242 1344 3303 haurientium
1391 3241 1631 3319 quidem
1670 3241 2035 3300 cantilenam
2067 3258 2283 3299 nomen
2316 3256 2488 3298 suum
2519 3256 2558 3297 a
2586 3237 2772 3297 verbo

540 3334 694 3420 ιμᾶν
741 3342 976 3420 ducere,
1021 3344 1183 3419 quod
1215 3344 1511 3420 significat
1552 3362 1713 3421 „rem
1757 3343 2035 3419 aliquam,
2078 3343 2329 3403 maxime
2359 3358 2574 3418 aquam
2606 3342 2775 3416 pute-

531 3445 715 3522 alem,
761 3444 904 3504 fune
950 3440 1255 3521 t1·ahe1·e“,
1318 3452 1378 3505 et
1422 3450 1745 3522 cognatum
1791 3449 1884 3506 est
1929 3462 2061 3504 eum
2109 3434 2258 3521 ἱμάς
2304 3442 2399 3516 (st.
2444 3434 2667 3520 ἱμαντ)
2714 3446 2779 3502 et

533 3536 790 3625 ἱμονιά,
851 3547 957 3607 sed
1013 3567 1050 3607 a
1092 3547 1366 3609 breviore
1412 3548 1602 3609 forme
1648 3539 1759 3625 ἓμα
1807 3565 1961 3625 quae
2006 3555 2065 3607 et
2108 3549 2237 3625 ipsa
2293 3547 2496 3607 funem
2555 3544 2777 3623 signifi-

531 3650 708 3709 cabat
750 3648 851 3723 (ef.
895 3669 1019 3710 sax.
1064 3655 1180 3711 vet.
1223 3648 1396 3724 simo)
1443 3651 1687 3710 ductum
1735 3650 1915 3723 (Pott.
1960 3647 2126 3727 Em,
2170 3650 2246 3726 11,
2274 3645 2342 3725 2,
2374 3645 2553 3725 630),
2610 3652 2777 3707 reete

531 3752 682 3811 vidit
748 3754 1172 3830 grammaticus
1234 3753 1394 3831 apud
1462 3752 1722 3814 Suidam.
1832 3753 1948 3813 Sed
2013 3753 2266 3812 alterum
2338 3750 2488 3811 illud
2557 3740 2779 3829 ἱμαῖος

531 3855 919 3916 vehementer
977 3856 1182 3917 dubito
1244 3875 1385 3916 num
1445 3858 1520 3916 ab
1580 3855 1788 3916 eadem
1848 3856 2076 3932 origine
2122 3853 2518 3915 descenderit.
2604 3853 2778 3930 Nam,

533 3959 696 4036 quod
754 3959 910 4019 forte
974 3961 1269 4037 quispiam
1333 3960 1668 4037 putaverit,
1737 3958 1925 4019 molas
1986 3956 2288 4034 quondam
2350 3960 2418 4016 ut
2477 3952 2773 4016 terebram

533 4063 636 4135 (ef.
667 4062 840 4121 Hom.
871 4060 980 4121 Od.
1012 4063 1111 4138 IX,
1143 4057 1285 4140 385,
1328 4064 1468 4122 Eur.
1501 4061 1662 4138 Cyel.
1695 4057 1819 4118 460
1846 4077 1967 4139 sq.;
2010 4058 2216 4119 eadem
2261 4060 2497 4119 ratione
2541 4060 2781 4117 veteres

531 4164 664 4225 Indi
695 4165 975 4242 butyrum
1023 4150 1344 4235 faciebant)
1389 4165 1531 4224 loris
1575 4165 1695 4223 huc
1741 4160 1883 4224 illue
1928 4163 2134 4223 tractis
2166 4167 2357 4221 motas
2386 4178 2536 4239 esse,
2582 4177 2778 4237 neque

532 4267 813 4329 traditum
861 4280 983 4346 est,
1027 4267 1187 4345 quod
1235 4269 1454 4346 seiam,
1498 4285 1696 4345 neque
1741 4266 2041 4327 credibile.
2128 4264 2382 4325 Aeeedit
2424 4263 2589 4342 quod
2634 4262 2779 4323 huic
