<?xml version="1.0" encoding="UTF-8"?>
<!DOCTYPE html PUBLIC "-//W3C//DTD XHTML 1.0 Transitional//EN"
    "http://www.w3.org/TR/xhtml1/DTD/xhtml1-transitional.dtd">
<html xmlns="http://www.w3.org/1999/xhtml" xml:lang="en" lang="en">
 <head>
  <title>
</title>
<meta http-equiv="Content-Type" content="text/html;charset=utf-8" />
  <meta name='ocr-system' content='tesseract 3.04.00' />
  <meta name='ocr-capabilities' content='ocr_page ocr_carea ocr_par ocr_line ocrx_word'/>
</head>
<body>
  <div class='ocr_page' id='page_1' title='image "./dissertationesp00hallgoog_0559.png"; bbox 0 0 3166 4871; ppageno 0'>
   <div class='ocr_carea' id='block_1_1' title="bbox 2503 330 2620 390">
    <p class='ocr_par' dir='ltr' id='par_1_1' title="bbox 2503 330 2620 390">
     <span class='ocr_line' id='line_1_1' title="bbox 2503 330 2620 390; baseline 0 -1"><span class='ocrx_word' id='word_1_1' title='bbox 2503 330 2620 390; x_wconf 84' lang='lat'>201</span> 
     </span>
    </p>
   </div>
   <div class='ocr_carea' id='block_1_2' title="bbox 372 493 2627 4377">
    <p class='ocr_par' dir='ltr' id='par_1_2' title="bbox 382 493 2627 1201">
     <span class='ocr_line' id='line_1_2' title="bbox 389 493 2626 585; baseline -0.002 -18"><span class='ocrx_word' id='word_1_2' title='bbox 389 509 436 567; x_wconf 93' lang='lat' dir='ltr'>si</span> <span class='ocrx_word' id='word_1_3' title='bbox 486 493 707 585; x_wconf 80' lang='lat' dir='ltr'>primas</span> <span class='ocrx_word' id='word_1_4' title='bbox 754 507 980 583; x_wconf 79' lang='lat' dir='ltr'>egisset</span> <span class='ocrx_word' id='word_1_5' title='bbox 1007 507 1355 578; x_wconf 85' lang='lat' dir='ltr'>Aeschines,</span> <span class='ocrx_word' id='word_1_6' title='bbox 1403 507 1544 567; x_wconf 84' lang='lat' dir='ltr'>ferri</span> <span class='ocrx_word' id='word_1_7' title='bbox 1593 506 1843 566; x_wconf 79' lang='lat' dir='ltr'>fortasse</span> <span class='ocrx_word' id='word_1_8' title='bbox 1888 509 2091 583; x_wconf 86' lang='lat' dir='ltr'>posset</span> <span class='ocrx_word' id='word_1_9' title='bbox 2136 504 2249 564; x_wconf 88' lang='lat' dir='ltr'>hoc</span> <span class='ocrx_word' id='word_1_10' title='bbox 2292 505 2422 564; x_wconf 88' lang='lat' dir='ltr'>loco</span> <span class='ocrx_word' id='word_1_11' title='bbox 2458 505 2626 564; x_wconf 85' lang='lat' dir='ltr'>vocis</span> 
     </span>
     <span class='ocr_line' id='line_1_3' title="bbox 393 598 2624 688; baseline -0.001 -19"><span class='ocrx_word' id='word_1_12' title='bbox 393 598 1069 688; x_wconf 67' lang='lat' dir='ltr'>„d·evtepaymmov&gt;9²</span> <span class='ocrx_word' id='word_1_13' title='bbox 1121 627 1335 671; x_wconf 85' lang='lat' dir='ltr'>sensus</span> <span class='ocrx_word' id='word_1_14' title='bbox 1393 611 1661 687; x_wconf 88' lang='lat' dir='ltr'>tropicus</span> <span class='ocrx_word' id='word_1_15' title='bbox 1706 609 1787 668; x_wconf 75' lang='lat' dir='ltr'>ita</span> <span class='ocrx_word' id='word_1_16' title='bbox 1832 613 1898 668; x_wconf 86' lang='lat' dir='ltr'>nt</span> <span class='ocrx_word' id='word_1_17' title='bbox 1942 607 2269 667; x_wconf 84' lang='lat' dir='ltr'>Aeschines</span> <span class='ocrx_word' id='word_1_18' title='bbox 2312 606 2624 667; x_wconf 79' lang='lat' dir='ltr'>Ischsndri</span> 
     </span>
     <span class='ocr_line' id='line_1_4' title="bbox 388 703 2627 790; baseline -0.002 -18"><span class='ocrx_word' id='word_1_19' title='bbox 388 713 560 790; x_wconf 68' lang='lat' dir='ltr'>qussi</span> <span class='ocrx_word' id='word_1_20' title='bbox 632 711 1156 788; x_wconf 81' lang='lat' dir='ltr'>denteragonistae</span> <span class='ocrx_word' id='word_1_21' title='bbox 1224 730 1410 789; x_wconf 84' lang='lat' dir='ltr'>opera</span> <span class='ocrx_word' id='word_1_22' title='bbox 1470 712 1528 771; x_wconf 92' lang='lat' dir='ltr'>in</span> <span class='ocrx_word' id='word_1_23' title='bbox 1592 703 1773 771; x_wconf 82' lang='lat' dir='ltr'>rebus</span> <span class='ocrx_word' id='word_1_24' title='bbox 1831 711 1953 771; x_wconf 89' lang='lat' dir='ltr'>suis</span> <span class='ocrx_word' id='word_1_25' title='bbox 2010 709 2258 787; x_wconf 78' lang='lat' dir='ltr'>agendis</span> <span class='ocrx_word' id='word_1_26' title='bbox 2320 726 2466 769; x_wconf 87' lang='lat' dir='ltr'>usus</span> <span class='ocrx_word' id='word_1_27' title='bbox 2524 708 2627 783; x_wconf 85' lang='lat' dir='ltr'>sit;</span> 
     </span>
     <span class='ocr_line' id='line_1_5' title="bbox 387 810 2626 892; baseline -0.001 -18"><span class='ocrx_word' id='word_1_28' title='bbox 387 816 666 892; x_wconf 79' lang='lat' dir='ltr'>quoniam</span> <span class='ocrx_word' id='word_1_29' title='bbox 728 819 925 875; x_wconf 68' lang='lat' dir='ltr'>nutem</span> <span class='ocrx_word' id='word_1_30' title='bbox 986 814 1112 892; x_wconf 89' lang='lat' dir='ltr'>ipse</span> <span class='ocrx_word' id='word_1_31' title='bbox 1168 814 1279 874; x_wconf 84' lang='lat' dir='ltr'>fnit</span> <span class='ocrx_word' id='word_1_32' title='bbox 1339 815 1749 892; x_wconf 80' lang='lat' dir='ltr'>tritagonista,</span> <span class='ocrx_word' id='word_1_33' title='bbox 1801 814 2039 889; x_wconf 86' lang='lat' dir='ltr'>ineptus</span> <span class='ocrx_word' id='word_1_34' title='bbox 2093 811 2352 873; x_wconf 80' lang='lat' dir='ltr'>efficitur</span> <span class='ocrx_word' id='word_1_35' title='bbox 2395 810 2626 872; x_wconf 63' lang='lat' dir='ltr'>tutione</span> 
     </span>
     <span class='ocr_line' id='line_1_6' title="bbox 382 913 2627 995; baseline -0.001 -19"><span class='ocrx_word' id='word_1_36' title='bbox 382 916 484 976; x_wconf 77' lang='lat' dir='ltr'>ina</span> <span class='ocrx_word' id='word_1_37' title='bbox 528 917 842 978; x_wconf 83' lang='lat' dir='ltr'>verborum</span> <span class='ocrx_word' id='word_1_38' title='bbox 890 934 1118 978; x_wconf 89' lang='lat' dir='ltr'>sensus.</span> <span class='ocrx_word' id='word_1_39' title='bbox 1192 918 1441 994; x_wconf 79' lang='lat' dir='ltr'>Taylori</span> <span class='ocrx_word' id='word_1_40' title='bbox 1472 918 1781 995; x_wconf 78' lang='lat' dir='ltr'>rationem,</span> <span class='ocrx_word' id='word_1_41' title='bbox 1826 935 2000 994; x_wconf 80' lang='lat' dir='ltr'>qnam</span> <span class='ocrx_word' id='word_1_42' title='bbox 2032 916 2239 976; x_wconf 80' lang='lat' dir='ltr'>laudat</span> <span class='ocrx_word' id='word_1_43' title='bbox 2267 913 2627 975; x_wconf 79' lang='lat' dir='ltr'>Schseferns</span> 
     </span>
     <span class='ocr_line' id='line_1_7' title="bbox 385 1018 2625 1098; baseline -0 -20"><span class='ocrx_word' id='word_1_44' title='bbox 385 1019 445 1079; x_wconf 94' lang='lat' dir='ltr'>in</span> <span class='ocrx_word' id='word_1_45' title='bbox 505 1037 709 1098; x_wconf 74' lang='lat' dir='ltr'><strong>appar.</strong></span> <span class='ocrx_word' id='word_1_46' title='bbox 766 1020 892 1080; x_wconf 88' lang='lat' dir='ltr'>crit.</span> <span class='ocrx_word' id='word_1_47' title='bbox 949 1018 1026 1080; x_wconf 77' lang='lat' dir='ltr'>ad</span> <span class='ocrx_word' id='word_1_48' title='bbox 1087 1020 1253 1079; x_wconf 91' lang='lat' dir='ltr'>Dem.</span> <span class='ocrx_word' id='word_1_49' title='bbox 1301 1020 1376 1098; x_wconf 87' lang='lat'>11,</span> <span class='ocrx_word' id='word_1_50' title='bbox 1435 1040 1491 1097; x_wconf 88' lang='lat' dir='ltr'>p.</span> <span class='ocrx_word' id='word_1_51' title='bbox 1535 1024 1695 1097; x_wconf 83' lang='lat'>423,</span> <span class='ocrx_word' id='word_1_52' title='bbox 1756 1038 1939 1097; x_wconf 84' lang='lat' dir='ltr'>quum</span> <span class='ocrx_word' id='word_1_53' title='bbox 1985 1019 2172 1079; x_wconf 84' lang='lat' dir='ltr'>multo</span> <span class='ocrx_word' id='word_1_54' title='bbox 2227 1019 2451 1097; x_wconf 77' lang='lat' dir='ltr'>majore</span> <span class='ocrx_word' id='word_1_55' title='bbox 2495 1021 2625 1077; x_wconf 82' lang='lat' dir='ltr'>srte</span> 
     </span>
     <span class='ocr_line' id='line_1_8' title="bbox 384 1121 1901 1201; baseline 0.001 -20"><span class='ocrx_word' id='word_1_56' title='bbox 384 1122 600 1183; x_wconf 79' lang='lat' dir='ltr'>effecta</span> <span class='ocrx_word' id='word_1_57' title='bbox 642 1122 736 1201; x_wconf 86' lang='lat' dir='ltr'>sit,</span> <span class='ocrx_word' id='word_1_58' title='bbox 779 1138 1083 1199; x_wconf 78' lang='lat' dir='ltr'><strong>exponere</strong></span> <span class='ocrx_word' id='word_1_59' title='bbox 1127 1121 1509 1198; x_wconf 82' lang='lat' dir='ltr'>supersedeo.</span> <span class='ocrx_word' id='word_1_60' title='bbox 1896 1155 1901 1161; x_wconf 94' lang='lat'>·</span> 
     </span>
    </p>

    <p class='ocr_par' dir='ltr' id='par_1_3' title="bbox 378 1222 2627 2223">
     <span class='ocr_line' id='line_1_9' title="bbox 554 1222 2623 1303; baseline -0.002 -18"><span class='ocrx_word' id='word_1_61' title='bbox 554 1223 890 1303; x_wconf 59' lang='lat' dir='ltr'>(hysarae,</span> <span class='ocrx_word' id='word_1_62' title='bbox 965 1225 1066 1302; x_wconf 89' lang='lat' dir='ltr'>qui</span> <span class='ocrx_word' id='word_1_63' title='bbox 1129 1224 1251 1285; x_wconf 86' lang='lat' dir='ltr'><strong>1.l.</strong></span> <span class='ocrx_word' id='word_1_64' title='bbox 1308 1244 1366 1302; x_wconf 88' lang='lat' dir='ltr'>p.</span> <span class='ocrx_word' id='word_1_65' title='bbox 1412 1228 1491 1287; x_wconf 87' lang='grc'>29</span> <span class='ocrx_word' id='word_1_66' title='bbox 1561 1222 1986 1302; x_wconf 79' lang='lat' dir='ltr'>Ischsndrum,</span> <span class='ocrx_word' id='word_1_67' title='bbox 2058 1241 2242 1300; x_wconf 85' lang='lat' dir='ltr'>quum</span> <span class='ocrx_word' id='word_1_68' title='bbox 2311 1241 2431 1283; x_wconf 75' lang='lat' dir='ltr'>nna</span> <span class='ocrx_word' id='word_1_69' title='bbox 2491 1241 2623 1282; x_wconf 89' lang='lat' dir='ltr'>cum</span> 
     </span>
     <span class='ocr_line' id='line_1_10' title="bbox 388 1325 2625 1405; baseline -0 -19"><span class='ocrx_word' id='word_1_70' title='bbox 388 1326 684 1387; x_wconf 80' lang='lat' dir='ltr'>Aeschine</span> <span class='ocrx_word' id='word_1_71' title='bbox 729 1326 963 1388; x_wconf 75' lang='lat' dir='ltr'>fabulas</span> <span class='ocrx_word' id='word_1_72' title='bbox 1007 1327 1146 1405; x_wconf 87' lang='lat' dir='ltr'>egit,</span> <span class='ocrx_word' id='word_1_73' title='bbox 1190 1345 1309 1387; x_wconf 93' lang='lat' dir='ltr'>non</span> <span class='ocrx_word' id='word_1_74' title='bbox 1357 1326 1657 1387; x_wconf 82' lang='lat' dir='ltr'>secundas</span> <span class='ocrx_word' id='word_1_75' title='bbox 1700 1327 1808 1388; x_wconf 82' lang='lat' dir='ltr'>sed</span> <span class='ocrx_word' id='word_1_76' title='bbox 1847 1327 2070 1403; x_wconf 80' lang='lat' dir='ltr'>primas</span> <span class='ocrx_word' id='word_1_77' title='bbox 2101 1325 2300 1403; x_wconf 83' lang='lat' dir='ltr'>egisse</span> <span class='ocrx_word' id='word_1_78' title='bbox 2329 1325 2625 1402; x_wconf 77' lang='lat' dir='ltr'>opinatur,</span> 
     </span>
     <span class='ocr_line' id='line_1_11' title="bbox 383 1425 2622 1508; baseline -0 -20"><span class='ocrx_word' id='word_1_79' title='bbox 383 1434 659 1490; x_wconf 74' lang='lat' dir='ltr'>accurate</span> <span class='ocrx_word' id='word_1_80' title='bbox 706 1429 999 1490; x_wconf 81' lang='lat' dir='ltr'><strong>refellitur</strong></span> <span class='ocrx_word' id='word_1_81' title='bbox 1029 1450 1065 1490; x_wconf 79' lang='lat' dir='ltr'><strong>a</strong></span> <span class='ocrx_word' id='word_1_82' title='bbox 1094 1427 1420 1490; x_wconf 76' lang='lat' dir='ltr'>Schaefero</span> <span class='ocrx_word' id='word_1_83' title='bbox 1453 1430 1488 1490; x_wconf 89' lang='grc'>1.</span> <span class='ocrx_word' id='word_1_84' title='bbox 1520 1431 1559 1489; x_wconf 92' lang='lat' dir='ltr'>l.</span> <span class='ocrx_word' id='word_1_85' title='bbox 1592 1429 1638 1507; x_wconf 90' lang='lat'>1,</span> <span class='ocrx_word' id='word_1_86' title='bbox 1670 1450 1726 1508; x_wconf 89' lang='lat' dir='ltr'>p.</span> <span class='ocrx_word' id='word_1_87' title='bbox 1757 1433 1897 1500; x_wconf 86' lang='grc'>222,</span> <span class='ocrx_word' id='word_1_88' title='bbox 1931 1431 2100 1489; x_wconf 84' lang='lat' dir='ltr'>Anm.</span> <span class='ocrx_word' id='word_1_89' title='bbox 2131 1432 2169 1488; x_wconf 87' lang='grc'>4</span> <span class='ocrx_word' id='word_1_90' title='bbox 2201 1426 2368 1488; x_wconf 89' lang='lat' dir='ltr'>hisce</span> <span class='ocrx_word' id='word_1_91' title='bbox 2395 1425 2622 1488; x_wconf 83' lang='lat' dir='ltr'>verbis:</span> 
     </span>
     <span class='ocr_line' id='line_1_12' title="bbox 391 1531 2622 1609; baseline -0.001 -18"><span class='ocrx_word' id='word_1_92' title='bbox 391 1532 866 1603; x_wconf 83' lang='lat' dir='ltr'>„Demosthenes</span> <span class='ocrx_word' id='word_1_93' title='bbox 909 1532 1258 1593; x_wconf 85' lang='lat' dir='ltr'>bezeichnet</span> <span class='ocrx_word' id='word_1_94' title='bbox 1301 1531 1400 1592; x_wconf 89' lang='lat' dir='ltr'>ihn</span> <span class='ocrx_word' id='word_1_95' title='bbox 1449 1534 1538 1592; x_wconf 80' lang='lat' dir='ltr'>als</span> <span class='ocrx_word' id='word_1_96' title='bbox 1571 1532 2115 1609; x_wconf 83' lang='lat' dir='ltr'>Denteragonisten</span> <span class='ocrx_word' id='word_1_97' title='bbox 2164 1548 2237 1590; x_wconf 85' lang='lat' dir='ltr'>zu</span> <span class='ocrx_word' id='word_1_98' title='bbox 2284 1531 2450 1591; x_wconf 89' lang='lat' dir='ltr'>einer</span> <span class='ocrx_word' id='word_1_99' title='bbox 2480 1531 2622 1603; x_wconf 81' lang='lat' dir='ltr'>Zeit,</span> 
     </span>
     <span class='ocr_line' id='line_1_13' title="bbox 384 1631 2624 1712; baseline -0.001 -19"><span class='ocrx_word' id='word_1_100' title='bbox 384 1652 476 1693; x_wconf 83' lang='lat' dir='ltr'>wo</span> <span class='ocrx_word' id='word_1_101' title='bbox 509 1633 837 1695; x_wconf 75' lang='lat' dir='ltr'>Aeschines</span> <span class='ocrx_word' id='word_1_102' title='bbox 880 1634 1079 1712; x_wconf 59' lang='lat' dir='ltr'>langst</span> <span class='ocrx_word' id='word_1_103' title='bbox 1122 1634 1218 1694; x_wconf 86' lang='lat' dir='ltr'>die</span> <span class='ocrx_word' id='word_1_104' title='bbox 1259 1634 1472 1695; x_wconf 78' lang='lat' dir='ltr'>Bflhne</span> <span class='ocrx_word' id='word_1_105' title='bbox 1520 1636 1827 1695; x_wconf 86' lang='lat' dir='ltr'>verlassen</span> <span class='ocrx_word' id='word_1_106' title='bbox 1876 1635 2055 1705; x_wconf 80' lang='lat' dir='ltr'>hatte,</span> <span class='ocrx_word' id='word_1_107' title='bbox 2102 1631 2223 1693; x_wconf 81' lang='lat' dir='ltr'>und</span> <span class='ocrx_word' id='word_1_108' title='bbox 2271 1650 2334 1692; x_wconf 91' lang='lat' dir='ltr'>es</span> <span class='ocrx_word' id='word_1_109' title='bbox 2376 1632 2519 1709; x_wconf 88' lang='lat' dir='ltr'>liegt</span> <span class='ocrx_word' id='word_1_110' title='bbox 2562 1633 2624 1692; x_wconf 90' lang='lat' dir='ltr'>in</span> 
     </span>
     <span class='ocr_line' id='line_1_14' title="bbox 381 1734 2627 1815; baseline 0 -20"><span class='ocrx_word' id='word_1_111' title='bbox 381 1735 492 1796; x_wconf 81' lang='lat' dir='ltr'>der</span> <span class='ocrx_word' id='word_1_112' title='bbox 536 1737 756 1810; x_wconf 75' lang='lat' dir='ltr'>sache,</span> <span class='ocrx_word' id='word_1_113' title='bbox 820 1736 962 1798; x_wconf 73' lang='lat' dir='ltr'>dass</span> <span class='ocrx_word' id='word_1_114' title='bbox 1019 1737 1113 1798; x_wconf 94' lang='lat' dir='ltr'>ein</span> <span class='ocrx_word' id='word_1_115' title='bbox 1162 1736 1587 1815; x_wconf 78' lang='lat' dir='ltr'>Schsnspieler</span> <span class='ocrx_word' id='word_1_116' title='bbox 1649 1737 1758 1797; x_wconf 83' lang='lat' dir='ltr'>das</span> <span class='ocrx_word' id='word_1_117' title='bbox 1802 1735 2190 1807; x_wconf 80' lang='lat' dir='ltr'>Rollenfach‚</span> <span class='ocrx_word' id='word_1_118' title='bbox 2242 1734 2500 1795; x_wconf 77' lang='lat' dir='ltr'>welches</span> <span class='ocrx_word' id='word_1_119' title='bbox 2557 1752 2627 1795; x_wconf 90' lang='lat' dir='ltr'>er</span> 
     </span>
     <span class='ocr_line' id='line_1_15' title="bbox 381 1836 2623 1910; baseline -0.001 -10"><span class='ocrx_word' id='word_1_120' title='bbox 381 1838 596 1900; x_wconf 75' lang='lat' dir='ltr'>einmal</span> <span class='ocrx_word' id='word_1_121' title='bbox 655 1838 1080 1910; x_wconf 84' lang='lat' dir='ltr'>beherrschte,</span> <span class='ocrx_word' id='word_1_122' title='bbox 1137 1840 1474 1901; x_wconf 88' lang='lat' dir='ltr'>beibehielt.</span> <span class='ocrx_word' id='word_1_123' title='bbox 1577 1840 1733 1900; x_wconf 79' lang='lat' dir='ltr'>Dass</span> <span class='ocrx_word' id='word_1_124' title='bbox 1788 1841 1848 1898; x_wconf 94' lang='lat' dir='ltr'>in</span> <span class='ocrx_word' id='word_1_125' title='bbox 1909 1839 2043 1899; x_wconf 84' lang='lat' dir='ltr'>dem</span> <span class='ocrx_word' id='word_1_126' title='bbox 2088 1841 2312 1898; x_wconf 74' lang='lat' dir='ltr'>Drama</span> <span class='ocrx_word' id='word_1_127' title='bbox 2371 1836 2477 1897; x_wconf 83' lang='lat' dir='ltr'>des</span> <span class='ocrx_word' id='word_1_128' title='bbox 2521 1836 2623 1898; x_wconf 87' lang='lat' dir='ltr'>So·</span> 
     </span>
     <span class='ocr_line' id='line_1_16' title="bbox 381 1938 2626 2019; baseline -0 -19"><span class='ocrx_word' id='word_1_129' title='bbox 381 1941 636 2018; x_wconf 86' lang='lat' dir='ltr'>phokles</span> <span class='ocrx_word' id='word_1_130' title='bbox 682 1942 1118 2019; x_wconf 81' lang='lat' dir='ltr'>Hippodameia</span> <span class='ocrx_word' id='word_1_131' title='bbox 1178 1942 1273 2001; x_wconf 82' lang='lat' dir='ltr'>die</span> <span class='ocrx_word' id='word_1_132' title='bbox 1332 1943 1695 2019; x_wconf 81' lang='lat' dir='ltr'>Hauptrolle</span> <span class='ocrx_word' id='word_1_133' title='bbox 1758 1959 1910 2012; x_wconf 79' lang='lat' dir='ltr'>war,</span> <span class='ocrx_word' id='word_1_134' title='bbox 1972 1940 2207 2001; x_wconf 74' lang='lat' dir='ltr'>mochte</span> <span class='ocrx_word' id='word_1_135' title='bbox 2260 1939 2357 1999; x_wconf 91' lang='lat' dir='ltr'>ich</span> <span class='ocrx_word' id='word_1_136' title='bbox 2403 1938 2626 1999; x_wconf 72' lang='lat' dir='ltr'>(lanus</span> 
     </span>
     <span class='ocr_line' id='line_1_17' title="bbox 378 2040 2624 2114; baseline 0 -12"><span class='ocrx_word' id='word_1_137' title='bbox 378 2043 724 2114; x_wconf 82' lang='lat' dir='ltr'>schliessen‚</span> <span class='ocrx_word' id='word_1_138' title='bbox 770 2043 911 2103; x_wconf 81' lang='lat' dir='ltr'>dass</span> <span class='ocrx_word' id='word_1_139' title='bbox 944 2062 1008 2103; x_wconf 89' lang='lat' dir='ltr'>es</span> <span class='ocrx_word' id='word_1_140' title='bbox 1038 2043 1194 2104; x_wconf 80' lang='lat' dir='ltr'>auch</span> <span class='ocrx_word' id='word_1_141' title='bbox 1241 2043 1396 2104; x_wconf 75' lang='lat' dir='ltr'>nach</span> <span class='ocrx_word' id='word_1_142' title='bbox 1445 2043 1645 2104; x_wconf 85' lang='lat' dir='ltr'>dieser</span> <span class='ocrx_word' id='word_1_143' title='bbox 1689 2043 1955 2103; x_wconf 79' lang='lat' dir='ltr'>benannt</span> <span class='ocrx_word' id='word_1_144' title='bbox 2001 2041 2223 2114; x_wconf 75' lang='lat' dir='ltr'>warde,</span> <span class='ocrx_word' id='word_1_145' title='bbox 2269 2040 2431 2102; x_wconf 83' lang='lat' dir='ltr'>Stob.</span> <span class='ocrx_word' id='word_1_146' title='bbox 2462 2042 2624 2102; x_wconf 76' lang='lat' dir='ltr'>anth.</span> 
     </span>
     <span class='ocr_line' id='line_1_18' title="bbox 382 2143 1560 2223; baseline -0.001 -16"><span class='ocrx_word' id='word_1_147' title='bbox 382 2149 481 2223; x_wconf 84' lang='lat'>27,</span> <span class='ocrx_word' id='word_1_148' title='bbox 514 2143 606 2208; x_wconf 83' lang='lat'>6.“</span> <span class='ocrx_word' id='word_1_149' title='bbox 658 2144 757 2219; x_wconf 86' lang='lat' dir='ltr'>(cf.</span> <span class='ocrx_word' id='word_1_150' title='bbox 801 2146 1154 2206; x_wconf 82' lang='lat' dir='ltr'>Demochar.</span> <span class='ocrx_word' id='word_1_151' title='bbox 1199 2164 1294 2223; x_wconf 77' lang='lat' dir='ltr'>ap.</span> <span class='ocrx_word' id='word_1_152' title='bbox 1337 2145 1560 2218; x_wconf 66' lang='lat' dir='ltr'>enom).</span> 
     </span>
    </p>

    <p class='ocr_par' dir='ltr' id='par_1_4' title="bbox 381 2247 2624 2429">
     <span class='ocr_line' id='line_1_19' title="bbox 551 2247 2624 2309; baseline -0 -1"><span class='ocrx_word' id='word_1_153' title='bbox 551 2249 798 2308; x_wconf 82' lang='lat' dir='ltr'>Praeter</span> <span class='ocrx_word' id='word_1_154' title='bbox 841 2248 1154 2308; x_wconf 79' lang='lat' dir='ltr'>Ischandri</span> <span class='ocrx_word' id='word_1_155' title='bbox 1213 2268 1427 2309; x_wconf 92' lang='lat' dir='ltr'>nomen</span> <span class='ocrx_word' id='word_1_156' title='bbox 1491 2249 1713 2309; x_wconf 86' lang='lat' dir='ltr'>nullius</span> <span class='ocrx_word' id='word_1_157' title='bbox 1773 2247 2170 2309; x_wconf 80' lang='lat' dir='ltr'>secundarum</span> <span class='ocrx_word' id='word_1_158' title='bbox 2223 2248 2442 2308; x_wconf 80' lang='lat' dir='ltr'>actoris</span> <span class='ocrx_word' id='word_1_159' title='bbox 2508 2265 2624 2307; x_wconf 91' lang='lat' dir='ltr'>me-</span> 
     </span>
     <span class='ocr_line' id='line_1_20' title="bbox 381 2351 1097 2429; baseline 0.001 -21"><span class='ocrx_word' id='word_1_160' title='bbox 381 2351 599 2412; x_wconf 76' lang='lat' dir='ltr'>moriae</span> <span class='ocrx_word' id='word_1_161' title='bbox 644 2356 735 2412; x_wconf 89' lang='lat' dir='ltr'>est</span> <span class='ocrx_word' id='word_1_162' title='bbox 777 2351 1097 2429; x_wconf 82' lang='lat' dir='ltr'>proditum.</span> 
     </span>
    </p>

    <p class='ocr_par' dir='ltr' id='par_1_5' title="bbox 376 2452 2627 3761">
     <span class='ocr_line' id='line_1_21' title="bbox 550 2452 2627 2534; baseline -0.001 -18"><span class='ocrx_word' id='word_1_163' title='bbox 550 2452 825 2516; x_wconf 85' lang='lat' dir='ltr'>Ceterum</span> <span class='ocrx_word' id='word_1_164' title='bbox 903 2455 1205 2516; x_wconf 77' lang='lat' dir='ltr'>calamitas</span> <span class='ocrx_word' id='word_1_165' title='bbox 1273 2455 1374 2515; x_wconf 85' lang='lat' dir='ltr'>illa</span> <span class='ocrx_word' id='word_1_166' title='bbox 1448 2455 1719 2534; x_wconf 81' lang='lat' dir='ltr'>Collytea</span> <span class='ocrx_word' id='word_1_167' title='bbox 1792 2455 1949 2515; x_wconf 81' lang='lat' dir='ltr'>hand</span> <span class='ocrx_word' id='word_1_168' title='bbox 2027 2453 2110 2514; x_wconf 82' lang='lat' dir='ltr'>ita</span> <span class='ocrx_word' id='word_1_169' title='bbox 2179 2453 2384 2531; x_wconf 76' lang='lat' dir='ltr'>gravis</span> <span class='ocrx_word' id='word_1_170' title='bbox 2441 2453 2627 2514; x_wconf 86' lang='lat' dir='ltr'>fnisse</span> 
     </span>
     <span class='ocr_line' id='line_1_22' title="bbox 379 2556 2625 2636; baseline 0 -21"><span class='ocrx_word' id='word_1_171' title='bbox 379 2556 647 2624; x_wconf 63' lang='lat' dir='ltr'>videtum</span> <span class='ocrx_word' id='word_1_172' title='bbox 715 2558 845 2634; x_wconf 90' lang='lat' dir='ltr'>ipse</span> <span class='ocrx_word' id='word_1_173' title='bbox 908 2558 1062 2618; x_wconf 92' lang='lat' dir='ltr'>enim</span> <span class='ocrx_word' id='word_1_174' title='bbox 1124 2559 1586 2630; x_wconf 82' lang='lat' dir='ltr'>Demosthenes,</span> <span class='ocrx_word' id='word_1_175' title='bbox 1664 2576 1849 2636; x_wconf 87' lang='lat' dir='ltr'>quum</span> <span class='ocrx_word' id='word_1_176' title='bbox 1908 2558 1970 2618; x_wconf 89' lang='lat' dir='ltr'>in</span> <span class='ocrx_word' id='word_1_177' title='bbox 2033 2558 2303 2618; x_wconf 76' lang='lat' dir='ltr'>oratione</span> <span class='ocrx_word' id='word_1_178' title='bbox 2365 2556 2440 2617; x_wconf 80' lang='lat' dir='ltr'>de</span> <span class='ocrx_word' id='word_1_179' title='bbox 2505 2575 2625 2617; x_wconf 87' lang='lat' dir='ltr'>cor.</span> 
     </span>
     <span class='ocr_line' id='line_1_23' title="bbox 380 2653 2625 2738; baseline 0.001 -20"><span class='ocrx_word' id='word_1_180' title='bbox 380 2658 737 2721; x_wconf 79' lang='lat' dir='ltr'>Aeschinem</span> <span class='ocrx_word' id='word_1_181' title='bbox 771 2660 1117 2721; x_wconf 83' lang='lat' dir='ltr'>histrionem</span> <span class='ocrx_word' id='word_1_182' title='bbox 1150 2662 1437 2721; x_wconf 86' lang='lat' dir='ltr'>conviciis</span> <span class='ocrx_word' id='word_1_183' title='bbox 1470 2660 1805 2721; x_wconf 82' lang='lat' dir='ltr'>salsissimis</span> <span class='ocrx_word' id='word_1_184' title='bbox 1836 2660 2202 2738; x_wconf 81' lang='lat' dir='ltr'>perstringat</span> <span class='ocrx_word' id='word_1_185' title='bbox 2240 2653 2394 2737; x_wconf 86' lang='lat'><strong>(139</strong></span> <span class='ocrx_word' id='word_1_186' title='bbox 2427 2658 2625 2729; x_wconf 77' lang='lat' dir='ltr'>[274lt</span> 
     </span>
     <span class='ocr_line' id='line_1_24' title="bbox 385 2745 2626 2842; baseline -0.001 -21"><span class='ocrx_word' id='word_1_187' title='bbox 385 2749 456 2835; x_wconf 60' lang='grc' dir='ltr'>,ὁ</span> <span class='ocrx_word' id='word_1_188' title='bbox 497 2752 833 2837; x_wconf 75' lang='grc' dir='ltr'><strong><em>βάσκανος</em></strong></span> <span class='ocrx_word' id='word_1_189' title='bbox 862 2745 1063 2833; x_wconf 66' lang='grc' dir='ltr'><em>οὗτος</em></span> <span class='ocrx_word' id='word_1_190' title='bbox 1109 2752 1652 2842; x_wconf 78' lang='grc' dir='ltr'><em>ίαμβειοφι’γος“,</em></span> <span class='ocrx_word' id='word_1_191' title='bbox 1700 2767 1822 2825; x_wconf 87' lang='grc'>267</span> <span class='ocrx_word' id='word_1_192' title='bbox 1856 2762 2053 2833; x_wconf 83' lang='grc'><strong>[315];</strong></span> <span class='ocrx_word' id='word_1_193' title='bbox 2105 2751 2259 2835; x_wconf 62' lang='grc' dir='ltr'><em>,τὰς</em></span> <span class='ocrx_word' id='word_1_194' title='bbox 2304 2750 2518 2840; x_wconf 75' lang='grc' dir='ltr'><em>ῥήσεις</em></span> <span class='ocrx_word' id='word_1_195' title='bbox 2548 2747 2626 2832; x_wconf 76' lang='grc' dir='ltr'><em>ἃς</em></span> 
     </span>
     <span class='ocr_line' id='line_1_25' title="bbox 379 2850 2620 2944; baseline 0 -21"><span class='ocrx_word' id='word_1_196' title='bbox 379 2858 809 2944; x_wconf 76' lang='grc' dir='ltr'><em>ἐλυμαίνου“,</em></span> <span class='ocrx_word' id='word_1_197' title='bbox 867 2869 988 2927; x_wconf 90' lang='grc'>242</span> <span class='ocrx_word' id='word_1_198' title='bbox 1046 2865 1250 2936; x_wconf 84' lang='lat'>[307]:</span> <span class='ocrx_word' id='word_1_199' title='bbox 1312 2895 1432 2938; x_wconf 86' lang='lat'>„—</span> <span class='ocrx_word' id='word_1_200' title='bbox 1489 2850 1975 2943; x_wconf 78' lang='grc' dir='ltr'>αὐτοτραγικὸς</span> <span class='ocrx_word' id='word_1_201' title='bbox 2032 2857 2366 2943; x_wconf 76' lang='grc' dir='ltr'><em>πίθηκος“</em></span> <span class='ocrx_word' id='word_1_202' title='bbox 2416 2892 2500 2902; x_wconf 96' lang='grc'>-</span> <span class='ocrx_word' id='word_1_203' title='bbox 2546 2862 2620 2923; x_wconf 79' lang='lat' dir='ltr'>cf.</span> 
     </span>
     <span class='ocr_line' id='line_1_26' title="bbox 379 2950 2624 3045; baseline -0.001 -19"><span class='ocrx_word' id='word_1_204' title='bbox 379 2968 672 3044; x_wconf 78' lang='lat' dir='ltr'>Harpocr.</span> <span class='ocrx_word' id='word_1_205' title='bbox 702 2984 749 3027; x_wconf 91' lang='lat' dir='ltr'>s.</span> <span class='ocrx_word' id='word_1_206' title='bbox 778 2985 833 3025; x_wconf 85' lang='lat' dir='ltr'>v.</span> <span class='ocrx_word' id='word_1_207' title='bbox 881 2950 1188 3044; x_wconf 72' lang='grc' dir='ltr'><em>αὖτοτρ.“</em></span> <span class='ocrx_word' id='word_1_208' title='bbox 1232 2997 1320 3008; x_wconf 93' lang='grc'>-</span> <span class='ocrx_word' id='word_1_209' title='bbox 1351 2959 1680 3044; x_wconf 78' lang='grc' dir='ltr'><strong><em>Αἰσχίνου</em></strong></span> <span class='ocrx_word' id='word_1_210' title='bbox 1709 2960 2125 3045; x_wconf 81' lang='grc' dir='ltr'>μιμουμένου</span> <span class='ocrx_word' id='word_1_211' title='bbox 2164 2961 2428 3043; x_wconf 84' lang='grc' dir='ltr'><em>μᾶλλον</em></span> <span class='ocrx_word' id='word_1_212' title='bbox 2469 2981 2624 3043; x_wconf 89' lang='grc' dir='ltr'><em>τρα-</em></span> 
     </span>
     <span class='ocr_line' id='line_1_27' title="bbox 378 3054 2622 3149; baseline 0 -24"><span class='ocrx_word' id='word_1_213' title='bbox 378 3059 640 3146; x_wconf 75' lang='grc' dir='ltr'><em>γῳδοὺς</em></span> <span class='ocrx_word' id='word_1_214' title='bbox 695 3054 737 3149; x_wconf 82' lang='grc' dir='ltr'>ἢ</span> <span class='ocrx_word' id='word_1_215' title='bbox 798 3061 1168 3147; x_wconf 80' lang='grc' dir='ltr'><em>τραγῳδεῖν</em></span> <span class='ocrx_word' id='word_1_216' title='bbox 1231 3061 1614 3147; x_wconf 82' lang='grc' dir='ltr'><em>δυναμένου</em></span> <span class='ocrx_word' id='word_1_217' title='bbox 1670 3065 1810 3141; x_wconf 86' lang='grc'>-),</span> <span class='ocrx_word' id='word_1_218' title='bbox 1882 3067 2047 3145; x_wconf 84' lang='lat' dir='ltr'>quod</span> <span class='ocrx_word' id='word_1_219' title='bbox 2107 3066 2346 3127; x_wconf 88' lang='lat' dir='ltr'>inimico</span> <span class='ocrx_word' id='word_1_220' title='bbox 2400 3066 2622 3145; x_wconf 85' lang='lat' dir='ltr'>Collyti</span> 
     </span>
     <span class='ocr_line' id='line_1_28' title="bbox 380 3168 2623 3248; baseline 0.001 -19"><span class='ocrx_word' id='word_1_221' title='bbox 380 3170 600 3230; x_wconf 79' lang='lat' dir='ltr'>accidit</span> <span class='ocrx_word' id='word_1_222' title='bbox 658 3189 777 3231; x_wconf 91' lang='lat' dir='ltr'>non</span> <span class='ocrx_word' id='word_1_223' title='bbox 827 3171 1068 3248; x_wconf 87' lang='lat' dir='ltr'>copiose</span> <span class='ocrx_word' id='word_1_224' title='bbox 1114 3171 1372 3231; x_wconf 75' lang='lat' dir='ltr'>illustrat</span> <span class='ocrx_word' id='word_1_225' title='bbox 1416 3170 1518 3230; x_wconf 84' lang='lat' dir='ltr'>sed</span> <span class='ocrx_word' id='word_1_226' title='bbox 1566 3170 1774 3247; x_wconf 79' lang='lat' dir='ltr'>paucis</span> <span class='ocrx_word' id='word_1_227' title='bbox 1821 3170 2015 3230; x_wconf 85' lang='lat' dir='ltr'>verbis</span> <span class='ocrx_word' id='word_1_228' title='bbox 2060 3168 2344 3247; x_wconf 81' lang='lat' dir='ltr'>absolvit3</span> <span class='ocrx_word' id='word_1_229' title='bbox 2406 3168 2623 3231; x_wconf 83' lang='lat' dir='ltr'>deinde</span> 
     </span>
     <span class='ocr_line' id='line_1_29' title="bbox 379 3271 2622 3347; baseline 0 -14"><span class='ocrx_word' id='word_1_230' title='bbox 379 3272 706 3333; x_wconf 85' lang='lat' dir='ltr'>Aeschines</span> <span class='ocrx_word' id='word_1_231' title='bbox 747 3273 807 3333; x_wconf 90' lang='lat' dir='ltr'>in</span> <span class='ocrx_word' id='word_1_232' title='bbox 854 3276 1000 3332; x_wconf 82' lang='lat' dir='ltr'>orat.</span> <span class='ocrx_word' id='word_1_233' title='bbox 1046 3273 1194 3332; x_wconf 81' lang='lat' dir='ltr'>Tim.</span> <span class='ocrx_word' id='word_1_234' title='bbox 1247 3277 1367 3334; x_wconf 86' lang='lat'>157</span> <span class='ocrx_word' id='word_1_235' title='bbox 1419 3272 1594 3345; x_wconf 86' lang='lat'>[158]</span> <span class='ocrx_word' id='word_1_236' title='bbox 1642 3291 1758 3333; x_wconf 89' lang='lat' dir='ltr'>non</span> <span class='ocrx_word' id='word_1_237' title='bbox 1808 3272 2066 3347; x_wconf 80' lang='lat' dir='ltr'>dubitat,</span> <span class='ocrx_word' id='word_1_238' title='bbox 2110 3271 2389 3332; x_wconf 84' lang='lat' dir='ltr'>ludorum</span> <span class='ocrx_word' id='word_1_239' title='bbox 2436 3273 2622 3333; x_wconf 90' lang='lat' dir='ltr'>sceni-</span> 
     </span>
     <span class='ocr_line' id='line_1_30' title="bbox 378 3358 2625 3452; baseline -0 -17"><span class='ocrx_word' id='word_1_240' title='bbox 378 3394 581 3436; x_wconf 91' lang='lat' dir='ltr'>corum</span> <span class='ocrx_word' id='word_1_241' title='bbox 661 3375 797 3436; x_wconf 90' lang='lat' dir='ltr'>olim</span> <span class='ocrx_word' id='word_1_242' title='bbox 877 3375 1093 3452; x_wconf 83' lang='lat' dir='ltr'>Collyti</span> <span class='ocrx_word' id='word_1_243' title='bbox 1170 3379 1440 3436; x_wconf 72' lang='lat' dir='ltr'>actorum</span> <span class='ocrx_word' id='word_1_244' title='bbox 1506 3376 1690 3435; x_wconf 88' lang='lat' dir='ltr'>libere</span> <span class='ocrx_word' id='word_1_245' title='bbox 1769 3374 2124 3435; x_wconf 89' lang='lat' dir='ltr'>mentionem</span> <span class='ocrx_word' id='word_1_246' title='bbox 2200 3373 2434 3435; x_wconf 75' lang='lat' dir='ltr'>facere.</span> <span class='ocrx_word' id='word_1_247' title='bbox 2515 3358 2625 3448; x_wconf 53' lang='grc' dir='ltr'><em>ηὸς</em></span> 
     </span>
     <span class='ocr_line' id='line_1_31' title="bbox 378 3460 2623 3591; baseline 0 -55"><span class='ocrx_word' id='word_1_248' title='bbox 378 3462 711 3591; x_wconf 79' lang='grc' dir='ltr'><em>ευπρεπὴς</em></span> <span class='ocrx_word' id='word_1_249' title='bbox 767 3464 869 3537; x_wconf 74' lang='grc' dir='ltr'>ὢν</span> <span class='ocrx_word' id='word_1_250' title='bbox 929 3470 1097 3537; x_wconf 82' lang='grc' dir='ltr'><em>ἰδεῖν</em></span> <span class='ocrx_word' id='word_1_251' title='bbox 1151 3474 1491 3537; x_wconf 85' lang='grc' dir='ltr'><em>τοσοῦτον</em></span> <span class='ocrx_word' id='word_1_252' title='bbox 1555 3464 1781 3556; x_wconf 80' lang='grc' dir='ltr'><em>απέχει</em></span> <span class='ocrx_word' id='word_1_253' title='bbox 1845 3472 1989 3536; x_wconf 77' lang='grc' dir='ltr'>τῶν</span> <span class='ocrx_word' id='word_1_254' title='bbox 2059 3468 2383 3556; x_wconf 78' lang='grc' dir='ltr'>αἰσχρῶν,</span> <span class='ocrx_word' id='word_1_255' title='bbox 2456 3460 2623 3536; x_wconf 78' lang='grc' dir='ltr'><em>ὥστε</em></span> 
     </span>
     <span class='ocr_line' id='line_1_32' title="bbox 376 3565 2624 3660; baseline -0 -21"><span class='ocrx_word' id='word_1_256' title='bbox 376 3569 617 3660; x_wconf 78' lang='grc' dir='ltr'><em>πρῴην</em></span> <span class='ocrx_word' id='word_1_257' title='bbox 669 3573 744 3639; x_wconf 76' lang='grc' dir='ltr'>ἐν</span> <span class='ocrx_word' id='word_1_258' title='bbox 797 3586 939 3652; x_wconf 81' lang='grc' dir='ltr'><em>τοῖς</em></span> <span class='ocrx_word' id='word_1_259' title='bbox 984 3565 1130 3639; x_wconf 78' lang='grc' dir='ltr'><em>κατ’</em></span> <span class='ocrx_word' id='word_1_260' title='bbox 1163 3565 1409 3659; x_wconf 79' lang='grc' dir='ltr'><em>ἇγρους</em></span> <span class='ocrx_word' id='word_1_261' title='bbox 1459 3574 1832 3650; x_wconf 80' lang='grc' dir='ltr'>Διονυσίοις</span> <span class='ocrx_word' id='word_1_262' title='bbox 1875 3573 2228 3658; x_wconf 76' lang='grc' dir='ltr'>κωμῳδῶν</span> <span class='ocrx_word' id='word_1_263' title='bbox 2282 3566 2506 3638; x_wconf 85' lang='grc' dir='ltr'><em>ὄντων</em></span> <span class='ocrx_word' id='word_1_264' title='bbox 2549 3571 2624 3638; x_wconf 81' lang='grc' dir='ltr'>ἐν</span> 
     </span>
     <span class='ocr_line' id='line_1_33' title="bbox 379 3677 838 3761; baseline -0.002 -19"><span class='ocrx_word' id='word_1_265' title='bbox 379 3677 713 3761; x_wconf 77' lang='grc' dir='ltr'><em>Κολλυτῷ</em></span> <span class='ocrx_word' id='word_1_266' title='bbox 734 3727 747 3741; x_wconf 93' lang='grc'><strong>.</strong></span> <span class='ocrx_word' id='word_1_267' title='bbox 784 3727 798 3741; x_wconf 93' lang='grc'><strong>.</strong></span> <span class='ocrx_word' id='word_1_268' title='bbox 827 3729 838 3741; x_wconf 91' lang='grc'><strong>.</strong></span> 
     </span>
    </p>

    <p class='ocr_par' dir='ltr' id='par_1_6' title="bbox 372 3783 2623 4377">
     <span class='ocr_line' id='line_1_34' title="bbox 546 3783 2620 3863; baseline -0.001 -17"><span class='ocrx_word' id='word_1_269' title='bbox 546 3786 756 3846; x_wconf 84' lang='lat' dir='ltr'>Restat</span> <span class='ocrx_word' id='word_1_270' title='bbox 811 3785 1225 3863; x_wconf 80' lang='lat' dir='ltr'>gravissimum</span> <span class='ocrx_word' id='word_1_271' title='bbox 1273 3784 1694 3845; x_wconf 89' lang='lat' dir='ltr'>Demosthenis</span> <span class='ocrx_word' id='word_1_272' title='bbox 1749 3785 1808 3844; x_wconf 91' lang='lat' dir='ltr'>in</span> <span class='ocrx_word' id='word_1_273' title='bbox 1854 3784 2212 3845; x_wconf 88' lang='lat' dir='ltr'>Aeschinem</span> <span class='ocrx_word' id='word_1_274' title='bbox 2274 3783 2620 3844; x_wconf 87' lang='lat' dir='ltr'>histrionem</span> 
     </span>
     <span class='ocr_line' id='line_1_35' title="bbox 377 3869 2623 3965; baseline -0.001 -17"><span class='ocrx_word' id='word_1_275' title='bbox 377 3888 729 3958; x_wconf 86' lang='lat' dir='ltr'>convicium,</span> <span class='ocrx_word' id='word_1_276' title='bbox 775 3887 936 3965; x_wconf 88' lang='lat' dir='ltr'>quod</span> <span class='ocrx_word' id='word_1_277' title='bbox 983 3891 1148 3948; x_wconf 79' lang='lat' dir='ltr'>extat</span> <span class='ocrx_word' id='word_1_278' title='bbox 1193 3888 1248 3947; x_wconf 82' lang='lat' dir='ltr'>d.</span> <span class='ocrx_word' id='word_1_279' title='bbox 1295 3906 1417 3949; x_wconf 88' lang='lat' dir='ltr'>cor.</span> <span class='ocrx_word' id='word_1_280' title='bbox 1450 3891 1574 3949; x_wconf 86' lang='grc'>262</span> <span class='ocrx_word' id='word_1_281' title='bbox 1622 3884 1830 3962; x_wconf 83' lang='lat'>(314):</span> <span class='ocrx_word' id='word_1_282' title='bbox 1893 3918 2021 3958; x_wconf 88' lang='lat'>„—</span> <span class='ocrx_word' id='word_1_283' title='bbox 2068 3869 2240 3946; x_wconf 77' lang='grc' dir='ltr'><em>ἀλλὰ</em></span> <span class='ocrx_word' id='word_1_284' title='bbox 2279 3875 2623 3965; x_wconf 75' lang='grc' dir='ltr'>μισθώσας</span> 
     </span>
     <span class='ocr_line' id='line_1_36' title="bbox 376 3971 2623 4068; baseline -0.001 -19"><span class='ocrx_word' id='word_1_285' title='bbox 376 3973 589 4049; x_wconf 66' lang='grc' dir='ltr'><em>αυτὸν</em></span> <span class='ocrx_word' id='word_1_286' title='bbox 632 3996 776 4061; x_wconf 84' lang='grc' dir='ltr'><em>τοῖς</em></span> <span class='ocrx_word' id='word_1_287' title='bbox 804 3979 1245 4067; x_wconf 83' lang='grc' dir='ltr'>βαρυστόνοις</span> <span class='ocrx_word' id='word_1_288' title='bbox 1288 3983 1849 4068; x_wconf 74' lang='grc' dir='ltr'>ἐπικαλουμένοις</span> <span class='ocrx_word' id='word_1_289' title='bbox 1893 3981 2170 4061; x_wconf 79' lang='grc' dir='ltr'><em>ἐκείνοις</em></span> <span class='ocrx_word' id='word_1_290' title='bbox 2208 3971 2623 4067; x_wconf 72' lang='grc' dir='ltr'><em>ὑποκριταῖς,</em></span> 
     </span>
     <span class='ocr_line' id='line_1_37' title="bbox 378 4076 2622 4172; baseline -0.001 -21"><span class='ocrx_word' id='word_1_291' title='bbox 378 4083 656 4171; x_wconf 81' lang='grc' dir='ltr'><em>Σιμύλῳ</em></span> <span class='ocrx_word' id='word_1_292' title='bbox 707 4087 820 4151; x_wconf 87' lang='grc' dir='ltr'>καὶ</span> <span class='ocrx_word' id='word_1_293' title='bbox 865 4081 1247 4171; x_wconf 80' lang='grc' dir='ltr'><em>Σωκράτει,</em></span> <span class='ocrx_word' id='word_1_294' title='bbox 1307 4085 1914 4172; x_wconf 74' lang='grc' dir='ltr'><em>ἐτριταγωνίστεις,</em></span> <span class='ocrx_word' id='word_1_295' title='bbox 1975 4087 2148 4151; x_wconf 80' lang='grc' dir='ltr'><em>σῦκα</em></span> <span class='ocrx_word' id='word_1_296' title='bbox 2203 4085 2312 4149; x_wconf 85' lang='grc' dir='ltr'>καὶ</span> <span class='ocrx_word' id='word_1_297' title='bbox 2374 4076 2622 4168; x_wconf 78' lang='grc' dir='ltr'><em>βότρυς</em></span> 
     </span>
     <span class='ocr_line' id='line_1_38' title="bbox 377 4178 2621 4274; baseline -0 -22"><span class='ocrx_word' id='word_1_298' title='bbox 377 4188 490 4251; x_wconf 83' lang='grc' dir='ltr'>καὶ</span> <span class='ocrx_word' id='word_1_299' title='bbox 545 4183 744 4265; x_wconf 76' lang='grc' dir='ltr'><em>ἐλάας</em></span> <span class='ocrx_word' id='word_1_300' title='bbox 799 4187 1146 4273; x_wconf 84' lang='grc' dir='ltr'><em>συλλέγων</em></span> <span class='ocrx_word' id='word_1_301' title='bbox 1198 4181 1419 4272; x_wconf 74' lang='grc' dir='ltr'><em>ὥςπερ</em></span> <span class='ocrx_word' id='word_1_302' title='bbox 1477 4180 1854 4274; x_wconf 82' lang='grc' dir='ltr'><em>ὀπωρώνης</em></span> <span class='ocrx_word' id='word_1_303' title='bbox 1911 4186 1985 4253; x_wconf 74' lang='grc' dir='ltr'>ἐκ</span> <span class='ocrx_word' id='word_1_304' title='bbox 2037 4189 2178 4252; x_wconf 80' lang='grc' dir='ltr'>τῶν</span> <span class='ocrx_word' id='word_1_305' title='bbox 2238 4178 2621 4270; x_wconf 74' lang='grc' dir='ltr'><em>ἀλλοτρίων</em></span> 
     </span>
     <span class='ocr_line' id='line_1_39' title="bbox 372 4280 2622 4377; baseline 0 -24"><span class='ocrx_word' id='word_1_306' title='bbox 372 4290 662 4374; x_wconf 79' lang='grc' dir='ltr'><em>χωρίων,</em></span> <span class='ocrx_word' id='word_1_307' title='bbox 707 4291 920 4355; x_wconf 75' lang='grc' dir='ltr'><em>πλείω</em></span> <span class='ocrx_word' id='word_1_308' title='bbox 971 4287 1335 4374; x_wconf 86' lang='grc' dir='ltr'><em>λαμβάνων</em></span> <span class='ocrx_word' id='word_1_309' title='bbox 1382 4280 1517 4355; x_wconf 74' lang='grc' dir='ltr'>ἀπὸ</span> <span class='ocrx_word' id='word_1_310' title='bbox 1563 4286 1834 4355; x_wconf 82' lang='grc' dir='ltr'><em>τούτων</em></span> <span class='ocrx_word' id='word_1_311' title='bbox 1878 4283 1916 4377; x_wconf 82' lang='grc' dir='ltr'>ἢ</span> <span class='ocrx_word' id='word_1_312' title='bbox 1962 4293 2107 4354; x_wconf 75' lang='grc' dir='ltr'><em>τοῖν</em></span> <span class='ocrx_word' id='word_1_313' title='bbox 2152 4280 2461 4373; x_wconf 80' lang='grc' dir='ltr'><em>ἀγώνων,</em></span> <span class='ocrx_word' id='word_1_314' title='bbox 2506 4280 2622 4365; x_wconf 77' lang='grc' dir='ltr'><em>οὓς</em></span> 
     </span>
    </p>
   </div>
  </div>
 </body>
</html>
