3166 4871
2501 285 2616 347 301

390 470 507 526 117
556 463 721 539 (149,
770 464 828 538 1)
881 470 938 525 et
983 483 1095 526 nee
1138 466 1512 526 mehercules
1557 487 1607 524 c.
1654 469 1732 527 38
1779 463 1902 535 (42,
1934 462 2083 537 5).⁷)
2171 464 2365 523 tribus
2411 461 2626 521 deinde

384 569 531 629 locis
577 570 778 628 notavi
835 569 1297 630 asseverationis
1356 570 1669 629 formulam
1739 569 1969 627 medius
2018 569 2219 641 fidius,
2322 565 2624 627 Charisius

385 670 466 749 (p.
502 675 651 751 198,
695 676 770 733 17
820 670 1001 745 Keil.)
1066 673 1139 732 de
1186 673 1300 732 hoc
1344 673 1532 732 verbo
1577 672 1778 732 docet:
1831 670 2000 743 „edio
2044 670 2207 741 fidio,
2267 689 2374 748 per
2415 671 2623 731 Jovem

387 777 486 835 vel
533 774 709 834 fidem
755 774 1016 834 filiumve
1060 776 1230 836 Jovis
1275 776 1613 835 Herculem.
1701 793 1854 850 quae
1916 773 2130 833 iuratio
2176 775 2416 850 propria
2471 775 2624 833 viro-

386 897 514 938 rum
562 885 671 954 est,
714 882 781 938 ut
823 877 1174 938 feminarum
1222 879 1466 951 edepol,
1513 881 1782 949 ecastor,
1830 875 2063 936 eiuno“.
2154 876 2260 935 sed
2307 877 2627 937 Petronius

386 999 675 1059 personas
734 981 866 1040 libri
925 980 1015 1041 sui
1061 981 1237 1040 etiam
1300 982 1357 1040 iu
1405 981 1519 1042 boc
1573 998 1688 1040 usu
1735 999 1772 1039 a
1817 996 2090 1039 sermone
2135 979 2366 1038 urbano
2412 979 2624 1039 abhor-

387 1088 590 1143 rentes
638 1083 809 1160 facit‚
851 1083 940 1143 bis
1002 1085 1157 1144 enim
1202 1085 1430 1143 medius
1467 1084 1658 1155 fidius
1704 1103 1739 1141 a
1785 1083 2029 1142 muliere
2070 1084 2413 1159 usurpatur,
2456 1099 2505 1140 c.
2549 1086 2623 1142 17

388 1187 682 1260 Quartilla
729 1186 1005 1246 meretrix
1053 1186 1227 1246 dicit:
1271 1188 1556 1246 misereor
1598 1186 1830 1245 medius
1867 1184 2057 1256 fidius
2086 1186 2275 1243 vestri
2318 1190 2377 1243 et
2422 1204 2471 1243 c.
2506 1188 2624 1246 129

325 1334 330 1341 .
388 1288 560 1349 Circe
590 1290 881 1365 Encolpio
912 1289 1143 1349 scribit:
1188 1289 1419 1348 medius
1456 1289 1648 1361 fidius
1693 1288 1812 1346 iam
1855 1287 2091 1361 peristi.
2182 1287 2365 1346 semel
2411 1286 2502 1346 vir
2545 1288 2628 1346 ita

387 1393 672 1470 loquitur,
716 1410 762 1451 c.
801 1395 948 1453 104:
995 1408 1144 1466 erqo
1177 1392 1266 1451 illi
1295 1384 1465 1470 quiss)
1493 1397 1652 1463 sum,
1700 1391 1804 1464 qui
1845 1394 2026 1449 nocte
2070 1390 2155 1447 ad
2198 1390 2401 1448 lunam
2443 1390 2628 1449 rade-

388 1492 610 1553 bantur
647 1494 904 1568 pessimo
948 1495 1178 1553 medius
1213 1495 1404 1566 fidius
1449 1493 1770 1566 exemplo?

558 1595 708 1655 Aliis
766 1596 912 1656 locis
967 1602 1336 1673 usurpantur
1397 1600 1570 1656 notae
1620 1596 1760 1655 illae
1804 1594 2102 1655 formulae
2146 1595 2220 1653 ab
2267 1596 2353 1653 ita
2397 1596 2494 1654 vel
2538 1596 2628 1655 sic

388 1698 740 1776 incipientes
801 1705 1091 1776 sequente
1152 1700 1250 1759 vel
1310 1704 1376 1757 ut
1436 1700 1534 1758 vel
1592 1699 1945 1775 imperativo
2001 1697 2221 1774 aliquo.
2310 1697 2383 1757 cf.
2429 1718 2477 1757 c.
2517 1701 2627 1758 44:

388 1803 482 1860 ica
527 1818 688 1861 meos
726 1802 1079 1877 frunisear‚
1125 1809 1191 1861 ut
1230 1807 1417 1877 puto‘,
1465 1822 1514 1862 c.
1562 1805 1667 1863 57:
1713 1802 1801 1860 ita
1846 1801 2090 1859 tutelam
2132 1800 2311 1858 huius
2355 1801 2476 1859 loci
2518 1800 2628 1858 Iza-

386 1905 556 1964 beam
599 1906 962 1979 propitiam,
1023 1913 1088 1962 ut
1134 1907 1461 1976 cinewissem,
1520 1924 1567 1963 c.
1614 1908 1720 1965 58:
1776 1906 1865 1961 ita
1924 1906 2101 1960 satur
2152 1918 2319 1975 pane
2355 1904 2520 1972 fiam,
2563 1909 2631 1960 ul

388 2007 543 2065 dotto
598 2012 658 2065 et
718 2008 805 2065 ita
862 2008 1097 2066 lucrum
1147 2009 1380 2080 faciam
1427 2012 1486 2065 et
1533 2008 1621 2064 ita
1668 2004 1816 2065 bene
1859 2008 2125 2077 moriar,
2185 2012 2252 2063 ut
2309 2006 2469 2064 iuret
2520 2003 2628 2078 (ita

387 2127 516 2168 cum
564 2108 781 2168 Jahnio
828 2109 1146 2186 legendum
1195 2105 1485 2185 videtur),
1532 2127 1580 2168 c.
1628 2112 1738 2170 70:
1799 2108 1886 2166 ita
1928 2123 2202 2166 crescam
2236 2109 2629 2181 patrimonio,

386 2220 458 2270 ut
498 2212 682 2285 feeit,
744 2230 795 2271 c.
838 2215 956 2273 742-
999 2212 1085 2270 ita
1137 2213 1378 2285 aenium
1411 2192 1611 2269 ‘meum
1647 2212 1987 2285 propitiam
2032 2207 2316 2281 habeam,
2363 2211 2590 2269 curabo
2608 2229 2630 2281 ,-

386 2333 435 2373 c.
468 2319 574 2375 61:
621 2330 729 2373 oro
778 2322 854 2385 te,
897 2314 991 2374 sie
1033 2329 1125 2372 me
1164 2314 1401 2388 felicem
1446 2314 1680 2386 videaS,
1730 2329 1953 2385 narro,
2002 2331 2049 2371 c.
2083 2315 2194 2373 69:
2236 2313 2328 2372 sie
2368 2328 2460 2372 me
2501 2314 2629 2371 sal-

387 2434 518 2476 vum
563 2415 878 2491 habeatis,
924 2422 991 2476 ut
1032 2416 1325 2491 solebam,
1375 2439 1423 2478 c.
1457 2421 1567 2479 72:
1612 2420 1700 2478 sie
1743 2433 1845 2476 vos
1882 2416 2098 2492 felices
2140 2417 2402 2488 videam,
2463 2418 2628 2476 eoni-

386 2521 650 2593 eiamuS,
710 2538 759 2580 c.
806 2525 914 2582 75:
959 2537 1151 2595 roqo,
1210 2521 1301 2580 sie
1341 2522 1649 2595 pemclium
1709 2525 1872 2578 tuum
1921 2520 2337 2594 frunisearis,
2392 2521 2625 2594 inspice.

387 2625 568 2701 paulo
631 2623 781 2683 aliae
842 2623 1227 2684 asseveraudi
1291 2623 1586 2683 formulae
1648 2623 2036 2682 inveniuntur
2098 2642 2149 2680 c.
2186 2626 2301 2683 58:
2344 2639 2455 2682 nec
2496 2638 2628 2680 sur-

386 2744 516 2785 sum
577 2743 690 2786 nec
750 2727 1026 2785 deorsum
1087 2743 1208 2785 uon
1270 2742 1482 2785 cresco
1547 2731 1608 2785 et
1668 2731 1775 2783 aut
1834 2741 1946 2799 eqo
2007 2742 2127 2783 non
2177 2740 2270 2783 me
2324 2725 2460 2783 novi
2502 2729 2629 2795 aut,

388 2850 437 2888 c.
479 2833 589 2888 61:
651 2845 822 2888 omne
878 2845 969 2888 me
1026 2830 1259 2888 lucrum
1324 2835 1626 2900 transeat,
1691 2847 1740 2886 c.
1788 2831 1892 2887 62:
1954 2835 2017 2885 ut
2059 2828 2350 2899 mentiar,
2404 2827 2630 2884 vitellius

376 2931 811 3004 patrimonium
858 2931 1011 2988 lauti
1047 2931 1240 3002 facio,

556 3032 809 3108 Saepius
857 3031 1144 3108 denique,
1206 3033 1256 3091 si
1316 3033 1452 3108 quis
1498 3031 2013 3091 vehementissime
2060 3030 2281 3109 aliquid
2331 3030 2628 3090 affirmare

387 3134 602 3202 studet,
649 3135 885 3208 genium
935 3135 1189 3193 invocat.
1280 3135 1648 3194 notissimum
1698 3135 1853 3192 euim
1900 3137 1991 3193 est
2036 3133 2359 3210 unicuique
2393 3134 2631 3208 homini,

387 3236 817 3314 posterioribus
864 3236 1102 3312 quidem
1151 3236 1519 3313 temporibus
1565 3236 1742 3296 etiam
1793 3238 1952 3313 locis,
1996 3237 2204 3313 genios
2248 3255 2284 3294 a
2325 3235 2628 3294 veteribus

387 3340 708 3399 attributos
763 3339 961 3398 fuisse.
1068 3358 1253 3415 quare
1317 3340 1454 3398 inde
1514 3339 1589 3397 ab
1643 3336 1901 3414 Augusti
1959 3343 2185 3406 aetate,
2248 3344 2315 3397 ut
2369 3336 2629 3412 videtur,

557 3505 603 3560 ⁷)
639 3502 876 3556 Duobus
915 3500 1050 3555 locis
1088 3500 1375 3555 invenitur
1412 3500 1587 3555 forma
1622 3500 1863 3567 hercule,
1899 3517 1945 3554 c.
1977 3506 2037 3554 10
2071 3504 2179 3566 (12,
2215 3505 2301 3554 17:
2338 3498 2507 3553 multo
2544 3516 2629 3553 me

387 3588 610 3656 turpior
646 3603 706 3641 es
744 3593 800 3640 tu
837 3586 1086 3651 hercule)
1121 3593 1178 3640 et
1215 3604 1261 3641 c.
1297 3592 1387 3640 114
1422 3592 1562 3653 (144,
1589 3592 1646 3639 9:
1685 3587 1874 3656 itaque
1908 3585 2163 3641 hercules
2185 3593 2491 3656 postquam
2515 3602 2626 3639 ma-

387 3673 601 3742 nifesta
639 3671 931 3735 convaluit,
967 3671 1170 3726 Lichas
1207 3713 1218 3725 .
1248 3712 1260 3724 .
1295 3673 1581 3742 porr-iqit).
1654 3672 1925 3741 posterior
1960 3672 2118 3725 locus
2155 3679 2304 3724 certe
2328 3677 2627 3738 corruptus

387 3763 476 3811 cst
511 3763 568 3810 et
603 3756 859 3811 hercules
897 3772 963 3810 eo
1001 3757 1178 3826 magis
1213 3758 1272 3811 in
1309 3757 1540 3811 dubium
1580 3763 1829 3820 vocatur,
1865 3756 2019 3825 quod
2043 3756 2384 3810 mehercules
2410 3770 2629 3823 semper

385 3842 462 3896 ibi
501 3847 715 3895 tantum
754 3841 992 3908 legitur,
1028 3842 1120 3894 ubi
1163 3843 1463 3911 Encolpius
1500 3842 1672 3896 verba
1708 3842 1854 3895 alius
1891 3841 2179 3895 cuiusdam
2217 3839 2405 3895 refert.
2476 3857 2523 3894 c.
2568 3846 2626 3893 10

389 3927 696 3981 facillimam
733 3927 1053 3981 Buecheleri
1090 3928 1448 3982 mutationem
1487 3928 1862 3996 probaverim:
1918 3927 2084 3981 multo
2134 3925 2476 3982 mehercules
2511 3930 2626 3979 tur-

385 4015 517 4084 pior
542 4030 602 4068 es
628 4019 705 4077 tu,
740 4013 817 4066 ita
843 4020 905 4066 ut
930 4005 1106 4065 forma
1129 4013 1383 4067 hercules
1411 4014 1669 4068 Petronio
1706 4020 1857 4066 certe
1884 4028 2112 4081 prorsus
2137 4012 2514 4066 abiudicanda
2537 4011 2626 4065 sit.

559 4103 601 4161 ⁸)
641 4098 783 4151 lllud
836 4098 934 4168 qni
976 4097 1110 4165 quid
1156 4099 1258 4152 sibi
1308 4098 1446 4152 velit
1491 4114 1598 4152 uon
1651 4098 1833 4152 video,
1905 4097 2144 4151 editores
2191 4103 2248 4150 et.
2295 4097 2628 4164 interpretes

389 4191 604 4248 tacent,
653 4199 717 4237 ac
765 4183 811 4237 si
850 4184 1032 4237 omnia
1081 4183 1248 4251 plana
1295 4189 1499 4237 essent.
1572 4181 1814 4238 fortasse
1859 4197 2042 4238 errore
2078 4197 2146 4236 ex
2185 4182 2493 4250 posteriore
2531 4183 2631 4252 qui

387 4274 572 4323 natum
612 4277 669 4323 et
705 4267 1014 4323 eiciendum
1051 4273 1152 4323 est.
