3166 4871
589 296 707 358 150
855 370 862 375 Ι
1583 289 1837 344 zacher

579 472 664 530 tia
706 490 762 548 p.
796 466 939 528 352.
984 464 1125 528 369.
1213 469 1329 530 Sed
1377 486 1591 528 nomen
1639 468 1752 527 loci
1800 468 1913 526 hac
1950 468 2186 527 ratione
2215 470 2410 527 ortum
2440 480 2575 525 esse
2605 463 2843 542 nequit.

581 573 949 652 significatio
993 576 1194 632 autem
1240 571 1515 633 vocabuli
1562 574 1624 632 et
1668 570 1827 648 apud
1856 569 2280 648 Enpedoclen]
2292 538 2380 629 et
2406 567 2572 647 apud
2598 568 2843 628 Locros

582 695 704 737 non
747 680 946 753 potest
988 693 1120 735 esse
1149 674 1262 735 nisi
1292 660 1662 753 ἅνωφερὴς,
1706 674 1744 734 i.
1776 692 1826 733 e.
1863 672 2025 750 quod
2056 673 2307 733 sublime
2336 671 2545 750 fertur,
2588 688 2841 730 sursum

581 777 777 839 tendit
818 778 918 837 vel
962 777 1143 837 ducit.
1230 778 1310 836 Et
1351 777 1503 838 haec
1531 776 1887 854 significatio
1916 776 2095 836 etiam
2125 775 2186 835 in
2216 775 2414 835 locum
2443 771 2841 833 Homericum

582 879 736 941 bene
779 879 1056 956 quadrat.
1143 879 1333 954 Quam
1380 879 1456 939 ob
1484 897 1611 939 rem
1656 882 1824 939 reeta
1866 878 2033 939 vocis
2078 877 2400 954 explicatio
2442 875 2587 936 mihi
2630 893 2840 952 neque

584 983 659 1042 ab
689 981 1036 1063 Herodiano
1068 982 1314 1041 inventa
1342 998 1474 1041 esse
1503 980 1761 1059 videtur,
1803 982 1908 1057 qui
1948 980 2220 1059 explicat
2261 963 2589 1058 ἀοράτως,
2632 996 2839 1055 neque

583 1104 620 1144 a
664 1085 1048 1161 grammatico
1095 1084 1265 1144 cuius
1308 1084 1766 1161 explicationem
1801 1083 1984 1144 tradit
2011 1082 2354 1159 Hesychius
2384 1068 2674 1157 ἄφωνος,
2719 1080 2837 1140 sed

585 1186 727 1246 mihi
787 1187 964 1246 unice
1001 1173 1176 1246 ‘vera
1228 1186 1332 1246 illa
1387 1185 1655 1264 videtur,
1721 1204 1878 1264 quae
1939 1186 2194 1248 Cratetis
2252 1185 2534 1245 Mallotae
2590 1183 2838 1244 videtur

591 1289 775 1348 fuisse
821 1287 1053 1360 (Worn.
1097 1308 1156 1366 p.
1201 1285 1343 1348 352.
1388 1284 1511 1346 362
1542 1285 1687 1365 sq.):
1754 1273 1885 1348 ἀνὰ
1939 1273 2119 1367 ὀπὴν
2163 1271 2204 1365 ἢ
2250 1281 2367 1345 καὶ
2408 1275 2839 1364 καπνοδόχος
2964 1354 2977 1360 ,

585 1388 890 1449 καλεῖται
936 1390 1118 1451 schol.
1153 1391 1326 1451 Hom.
1356 1392 1593 1474 EHQR.
1640 1382 1709 1455 οἱ
1752 1385 1825 1450 δὲ
1869 1375 2022 1450 αντὶ
2064 1388 2191 1449 τοῦ
2232 1374 2371 1448 ἀπὸ
2416 1386 2534 1468 τῆς
2577 1404 2837 1447 καπνο-

586 1483 793 1570 δόχου
838 1491 918 1567 (λ.
948 1477 1078 1551 ἀνὰ
1106 1483 1235 1572 τὴν
1264 1481 1744 1570 καπνοδόχον),
1789 1478 1876 1571 ἣν
1905 1477 2087 1573 ὀπὴν
2117 1487 2386 1570 λέγουσι
2418 1489 2677 1561 Φωκεῖς
2704 1491 2835 1566 ΕΩ.

585 1580 887 1654 ἄνοπαῑα
932 1589 1284 1655 διέπτατο·
1330 1586 1518 1675 ,παρὰ
1559 1586 1684 1675 τὴν
1728 1580 1911 1675 ὀπὴν
1950 1580 2196 1654 οπαῑα·
2239 1589 2355 1654 καὶ
2399 1586 2474 1652 ἐν
2515 1588 2835 1654 συνθέσει

586 1682 901 1758 α’νοπαῑα.
975 1692 1106 1758 Καὶ
1150 1692 1486 1776 ἐκδέχεται
1530 1688 1659 1776 τὴν
1705 1686 2144 1779 καπνοδόκην
2189 1686 2379 1757 εἶναι.
2454 1686 2721 1776 Κράτης
2755 1690 2836 1755 δέ

587 1812 792 1879 φησιν
836 1786 1174 1860 ἀνοπαϊαν
1214 1790 1343 1880 τὴν
1384 1795 1795 1880 τετρημένην
1838 1793 2158 1880 κεραμίδα
2201 1789 2329 1878 τὴν
2373 1793 2483 1858 ἐπὶ
2526 1796 2639 1876 τῆς
2672 1814 2833 1877 ορο-

589 1900 720 1981 φῆς
765 1905 857 1963 Et.
888 1906 1087 1981 Magn.
1161 1888 1314 1983 Ὀπή
1361 1903 1735 1982 significabat
1779 1904 2147 1982 impluvium,
2189 1907 2536 1981 aperturam
2566 1903 2626 1961 in
2650 1905 2835 1979 tecto,

589 2025 700 2084 per
744 2025 924 2084 quam
969 2006 1169 2067 fumus
1224 2007 1445 2067 exibat.
1534 2007 1665 2080 Quo
1726 2007 2023 2068 vocabulo
2080 2024 2198 2066 nen
2254 2006 2446 2066 solum
2489 2004 2835 2065 Phocenses

589 2110 681 2170 usi
749 2114 891 2169 sunt
953 2113 1104 2170 teste
1144 2109 1409 2187 ‚Scholio
1476 2109 1652 2170 modo
1718 2109 1990 2186 laudato,
2062 2108 2169 2168 sed
2234 2109 2414 2169 etiam
2480 2107 2833 2167 Xenarchus

590 2213 850 2271 comicus
894 2231 990 2289 ap.
1019 2211 1160 2272 Ath.
1191 2213 1352 2289 XIII,
1381 2208 1522 2290 569,
1557 2210 1627 2269 11
1678 2205 1842 2291 μηδὲ
1874 2196 1957 2270 δι’
1986 2195 2157 2291 ὀπῆς
2200 2199 2522 2269 κάτωθεν
2559 2201 2834 2268 ἐκδῦναι

590 2307 828 2391 στέγης
871 2318 934 2374 et
975 2315 1408 2390 Aristophanes
1453 2332 1548 2391 ap.
1593 2315 1741 2374 Poll.
1778 2312 1873 2390 10,
1917 2311 2031 2373 25:
2072 2300 2115 2391 ἡ
2163 2306 2234 2372 δὲ
2280 2296 2415 2391 ὀπὴ
2460 2305 2711 2392 εἴρηται
2756 2304 2834 2371 ἐν

591 2409 1049 2475 Αἰολοσίκωνι
1091 2401 1638 2496 Ἀριστοφάνους·
1693 2411 1851 2495 ,,καὶ
1876 2402 1979 2476 -δί
2017 2400 2186 2497 ὀπῆς
2228 2400 2397 2475 κάπὶ
2434 2407 2727 2494 τέγους“,
2771 2416 2833 2476 et

590 2537 668 2578 ex
712 2519 827 2579 hac
869 2519 1310 2610 significatione
1353 2519 1597 2590 videtur
1640 2520 1975 2581 derivatum
2022 2503 2288 2597 ὀπαῖον,
2348 2518 2508 2596 quod
2554 2519 2616 2578 in
2657 2517 2833 2578 titulo

593 2639 715 2698 quo
760 2620 837 2681 de
880 2622 1203 2682 Erechthei
1248 2621 1664 2683 aedificatione
1695 2624 1849 2683 ratio
1880 2621 2171 2699 redditur,
2214 2620 2511 2699 significat
2538 2620 2837 2681 foramina

592 2722 1103 2803 quadrangularia
1159 2726 1255 2785 vel
1314 2725 1626 2785 lacunaria
1676 2727 1819 2785 tecti
1874 2725 2140 2803 laqueati
2183 2724 2313 2786 CLA
2358 2719 2480 2781 324
2509 2742 2547 2783 a
2595 2721 2689 2783 15.
2738 2718 2834 2782 19.

592 2825 750 2886 Illud
795 2827 1146 2903 impluvium
1184 2827 1599 2903 antiquissimo
1632 2833 1903 2906 tempore
1932 2828 2300 2904 Homerique
2328 2830 2526 2888 aetate
2556 2830 2833 2904 apertum

593 2932 741 3007 erat,
787 2928 1042 2989 necdum
1085 2929 1296 2989 tabula
1339 2929 1507 2990 fictili
1551 2930 1943 2991 foraminibus
1986 2927 2196 3008 pervia
2225 2934 2466 3008 tectum,
2508 2933 2577 2989 ut
2604 2931 2834 3006 postea,

593 3030 667 3091 cf.
696 3032 847 3092 Poll.
877 3032 953 3110 11,
998 3030 1078 3088 54
1124 3017 1376 3090 όπαίαν
1422 3026 1494 3091 δὲ
1537 3024 1605 3092 οὶ
1651 3018 1937 3093 Ἀττικοὶ
1978 3022 2109 3112 τὴν
2151 3013 2474 3112 κεραμίδα
2519 3019 2832 3103 ἐκάλουν,

591 3117 634 3213 ἢ
676 3124 803 3213 τήν
849 3118 1030 3213 ὀπὴν
1075 3123 1267 3213 εἶχεν,
1312 3138 1373 3195 et
1416 3136 1590 3196 Phot.
1634 3154 1681 3195 s.
1709 3155 1766 3196 v.
1808 3119 2019 3194 ὄπαία
2062 3128 2363 3214 κεραμίς·
2406 3120 2449 3213 ἡ
2496 3124 2624 3213 τὴν
2666 3120 2834 3192 κάπ-

592 3253 719 3315 νην
782 3228 1026 3314 ἔχουσα
1047 3251 1060 3264 ·
1128 3232 1402 3312 Δίφιλος
1465 3226 1861 3316 Χρυσοχόῳ·
1930 3227 2263 3313 διακύψας
2331 3223 2474 3315 ὁρῶ
2539 3225 2650 3297 διὰ
2714 3230 2835 3313 τῆς

595 3323 837 3409 ὀπαίας
899 3335 1254 3418 κεραμίδος
1312 3330 1525 3419 καλὴν
1586 3331 1846 3419 σφόδρα
1896 3340 1998 3414 (ef.
2042 3341 2241 3401 Plauti
2293 3341 2417 3400 Mil.
2471 3339 2548 3416 gl.
2597 3334 2717 3396 174
2745 3355 2835 3414 sq.

593 3442 797 3500 nescio
842 3445 979 3516 quis
1023 3443 1387 3517 inspectavit
1434 3487 1447 3502 .
1498 3488 1512 3501 .
1561 3485 1576 3502 .
1616 3459 1740 3518 per
1780 3447 2052 3503 nostrum
2081 3443 2428 3517 &euphenium
2470 3441 2631 3500 emas
2672 3440 2843 3516 apud

592 3559 703 3602 nos
749 3543 1246 3605 Philoconwse‘um
1303 3549 1486 3619 atque
1538 3546 1834 3620 hospitem
1884 3544 2231 3605 Osculantis
2244 3563 2266 3615 ‚·
2332 3543 2425 3605 cfi-
2448 3562 2505 3603 v.
2550 3539 2674 3601 287
2707 3544 2837 3620 sq.).

587 3645 791 3706 Schol.
836 3647 895 3705 M
941 3647 1018 3707 ad
1062 3648 1099 3707 l.
1146 3647 1455 3726 Odysseae
1508 3647 1561 3707 Α
1609 3644 1732 3705 320
1792 3636 2058 3726 Κράτης
2116 3641 2189 3705 δὲ
2244 3635 2375 3725 τὴν
2430 3638 2837 3726 τετρημένην

594 3743 935 3828 κεραμίδα.
1025 3751 1160 3810 ΕΜ.
1207 3740 1470 3830 Κράτης
1515 3744 1591 3810 δέ
1631 3762 1838 3830 φησιν
1879 3735 2220 3809 ἀνοπαῑαν
2262 3740 2391 3828 τὴν
2430 3741 2839 3828 τετρημένην

595 3846 916 3929 κεραμίδα
975 3841 1099 3932 τὴν
1160 3845 1274 3920 ἐπὶ
1333 3850 1450 3932 τῆς
1505 3838 1782 3932 ὀροφῆς.
1885 3853 2101 3930 Itaque
2158 3850 2404 3914 Homeri
2468 3851 2839 3929 temporibus

596 3953 746 4013 haec
774 3959 1060 4031 apertura
1087 3955 1231 4015 satis
1260 3974 1480 4032 magna
1507 3954 1697 4016 fuisse
1725 3955 1984 4034 videtur,
2027 3974 2139 4032 per
2168 3973 2347 4033 quam
2374 3955 2555 4016 etiam
2584 3955 2839 4015 maiores

596 4073 740 4115 aves
783 4058 1190 4135 pervolarent,
1234 4075 1433 4135 neque
1461 4065 1626 4119 recte
1658 4059 1991 4119 Wornerus
2034 4078 2093 4136 p.
2125 4054 2248 4117 363
2278 4076 2367 4135 sq.
2410 4076 2487 4118 ex
2530 4056 2839 4120 foraminis

595 4159 891 4235 parvitate
945 4163 1367 4236 argumentum
1438 4162 1590 4237 petit
1648 4166 1861 4222 contra
1920 4162 2180 4222 Cratetis
2238 4161 2613 4221 seutentiam.
2714 4160 2838 4223 Sub

597 4261 711 4324 hac
767 4261 952 4340 igitur
1008 4267 1294 4342 apertura
1352 4281 1538 4343 quum
1580 4265 1737 4342 ignis
1782 4263 1901 4325 foci
1956 4264 2240 4341 flagraret
2281 4267 2343 4324 et
2382 4263 2543 4323 illam
2588 4266 2842 4341 peteret,
2907 4267 2917 4276 '
