<?xml version="1.0" encoding="UTF-8"?>
<!DOCTYPE html PUBLIC "-//W3C//DTD XHTML 1.0 Transitional//EN"
    "http://www.w3.org/TR/xhtml1/DTD/xhtml1-transitional.dtd">
<html xmlns="http://www.w3.org/1999/xhtml" xml:lang="en" lang="en">
 <head>
  <title>
</title>
<meta http-equiv="Content-Type" content="text/html;charset=utf-8" />
  <meta name='ocr-system' content='tesseract 3.04.00' />
  <meta name='ocr-capabilities' content='ocr_page ocr_carea ocr_par ocr_line ocrx_word'/>
</head>
<body>
  <div class='ocr_page' id='page_1' title='image "./dissertationesp00hallgoog_0516.png"; bbox 0 0 3166 4871; ppageno 0'>
   <div class='ocr_carea' id='block_1_1' title="bbox 545 285 660 347">
    <p class='ocr_par' dir='ltr' id='par_1_1' title="bbox 545 285 660 347">
     <span class='ocr_line' id='line_1_1' title="bbox 545 285 660 347; baseline 0.009 -1"><span class='ocrx_word' id='word_1_1' title='bbox 545 285 660 347; x_wconf 81' lang='lat'>158</span> 
     </span>
    </p>
   </div>
   <div class='ocr_carea' id='block_1_2' title="bbox 538 447 2793 4341">
    <p class='ocr_par' dir='ltr' id='par_1_2' title="bbox 538 447 2790 3312">
     <span class='ocr_line' id='line_1_2' title="bbox 539 447 2780 543; baseline -0 -24"><span class='ocrx_word' id='word_1_2' title='bbox 539 460 760 520; x_wconf 76' lang='lat' dir='ltr'>LXXII</span> <span class='ocrx_word' id='word_1_3' title='bbox 828 494 945 532; x_wconf 81' lang='lat'>„-—</span> <span class='ocrx_word' id='word_1_4' title='bbox 992 482 1084 533; x_wconf 79' lang='grc' dir='ltr'>ως</span> <span class='ocrx_word' id='word_1_5' title='bbox 1147 449 1230 522; x_wconf 73' lang='grc' dir='ltr'>ἂν</span> <span class='ocrx_word' id='word_1_6' title='bbox 1284 454 1568 542; x_wconf 82' lang='grc' dir='ltr'><strong><em>μάλιστα</em></strong></span> <span class='ocrx_word' id='word_1_7' title='bbox 1615 449 1966 541; x_wconf 75' lang='grc' dir='ltr'>ἠνείχοντο</span> <span class='ocrx_word' id='word_1_8' title='bbox 2011 447 2250 534; x_wconf 75' lang='grc' dir='ltr'><strong><em>αὐτὸν,</em></strong></span> <span class='ocrx_word' id='word_1_9' title='bbox 2309 451 2621 543; x_wconf 74' lang='grc' dir='ltr'>ηδόμευοι</span> <span class='ocrx_word' id='word_1_10' title='bbox 2668 454 2780 519; x_wconf 74' lang='grc' dir='ltr'>ἐπὶ</span> 
     </span>
     <span class='ocr_line' id='line_1_3' title="bbox 540 551 2778 644; baseline 0.002 -25"><span class='ocrx_word' id='word_1_11' title='bbox 540 559 638 640; x_wconf 73' lang='grc' dir='ltr'>τῷ</span> <span class='ocrx_word' id='word_1_12' title='bbox 714 559 957 643; x_wconf 77' lang='grc' dir='ltr'><em>γελοίῳ</em></span> <span class='ocrx_word' id='word_1_13' title='bbox 1011 560 1122 624; x_wconf 82' lang='grc' dir='ltr'>καὶ</span> <span class='ocrx_word' id='word_1_14' title='bbox 1186 573 1326 637; x_wconf 79' lang='grc' dir='ltr'><em>τοῖς</em></span> <span class='ocrx_word' id='word_1_15' title='bbox 1378 551 1723 644; x_wconf 67' lang='grc' dir='ltr'><em>μύθοις“),</em></span> <span class='ocrx_word' id='word_1_16' title='bbox 1788 567 1900 625; x_wconf 90' lang='lat' dir='ltr'>hoc</span> <span class='ocrx_word' id='word_1_17' title='bbox 1973 583 2184 643; x_wconf 87' lang='lat' dir='ltr'>versu,</span> <span class='ocrx_word' id='word_1_18' title='bbox 2240 565 2339 625; x_wconf 88' lang='lat' dir='ltr'>ubi</span> <span class='ocrx_word' id='word_1_19' title='bbox 2408 569 2604 624; x_wconf 84' lang='lat' dir='ltr'>exstat</span> <span class='ocrx_word' id='word_1_20' title='bbox 2661 581 2778 624; x_wconf 82' lang='lat' dir='ltr'>vox</span> 
     </span>
     <span class='ocr_line' id='line_1_4' title="bbox 545 650 2780 746; baseline 0.001 -23"><span class='ocrx_word' id='word_1_21' title='bbox 545 650 905 744; x_wconf 65' lang='grc' dir='ltr'><em>,μύθους“,</em></span> <span class='ocrx_word' id='word_1_22' title='bbox 975 668 1048 728; x_wconf 87' lang='lat' dir='ltr'>ad</span> <span class='ocrx_word' id='word_1_23' title='bbox 1121 670 1299 730; x_wconf 90' lang='lat' dir='ltr'>alium</span> <span class='ocrx_word' id='word_1_24' title='bbox 1382 688 1557 746; x_wconf 91' lang='lat' dir='ltr'>quam</span> <span class='ocrx_word' id='word_1_25' title='bbox 1620 668 1955 729; x_wconf 83' lang='lat' dir='ltr'>fabularum</span> <span class='ocrx_word' id='word_1_26' title='bbox 2017 672 2253 746; x_wconf 84' lang='lat' dir='ltr'>poetam</span> <span class='ocrx_word' id='word_1_27' title='bbox 2325 665 2622 727; x_wconf 84' lang='lat' dir='ltr'>referatur</span> <span class='ocrx_word' id='word_1_28' title='bbox 2680 664 2780 738; x_wconf 85' lang='lat' dir='ltr'>(cf.</span> 
     </span>
     <span class='ocr_line' id='line_1_5' title="bbox 541 767 2776 849; baseline 0 -24"><span class='ocrx_word' id='word_1_29' title='bbox 541 767 838 828; x_wconf 80' lang='lat' dir='ltr'>Welcker.</span> <span class='ocrx_word' id='word_1_30' title='bbox 885 769 966 828; x_wconf 86' lang='lat' dir='ltr'>kl.</span> <span class='ocrx_word' id='word_1_31' title='bbox 1012 769 1178 831; x_wconf 89' lang='lat' dir='ltr'>Schr.</span> <span class='ocrx_word' id='word_1_32' title='bbox 1225 791 1280 848; x_wconf 88' lang='lat' dir='ltr'>p.</span> <span class='ocrx_word' id='word_1_33' title='bbox 1328 775 1482 833; x_wconf 80' lang='lat'>245:</span> <span class='ocrx_word' id='word_1_34' title='bbox 1550 772 1789 849; x_wconf 79' lang='lat' dir='ltr'>„Aesop</span> <span class='ocrx_word' id='word_1_35' title='bbox 1851 772 1909 831; x_wconf 89' lang='lat' dir='ltr'>in</span> <span class='ocrx_word' id='word_1_36' title='bbox 1964 770 2077 831; x_wconf 88' lang='lat' dir='ltr'>der</span> <span class='ocrx_word' id='word_1_37' title='bbox 2119 769 2339 830; x_wconf 86' lang='lat' dir='ltr'>Fabel“</span> <span class='ocrx_word' id='word_1_38' title='bbox 2385 774 2444 829; x_wconf 92' lang='lat' dir='ltr'>et</span> <span class='ocrx_word' id='word_1_39' title='bbox 2488 768 2776 829; x_wconf 85' lang='lat' dir='ltr'>Grauert:</span> 
     </span>
     <span class='ocr_line' id='line_1_6' title="bbox 538 865 2778 952; baseline 0 -23"><span class='ocrx_word' id='word_1_40' title='bbox 538 871 649 947; x_wconf 88' lang='lat' dir='ltr'>„de</span> <span class='ocrx_word' id='word_1_41' title='bbox 694 865 968 950; x_wconf 82' lang='lat' dir='ltr'>Aesopo“</span> <span class='ocrx_word' id='word_1_42' title='bbox 1014 893 1069 952; x_wconf 87' lang='lat' dir='ltr'>p.</span> <span class='ocrx_word' id='word_1_43' title='bbox 1101 877 1182 935; x_wconf 83' lang='lat'>87</span> <span class='ocrx_word' id='word_1_44' title='bbox 1227 874 1365 934; x_wconf 84' lang='lat' dir='ltr'>adn.</span> <span class='ocrx_word' id='word_1_45' title='bbox 1412 874 1552 935; x_wconf 87' lang='lat' dir='ltr'>diss.</span> <span class='ocrx_word' id='word_1_46' title='bbox 1597 876 1785 935; x_wconf 88' lang='lat' dir='ltr'>Bonn.</span> <span class='ocrx_word' id='word_1_47' title='bbox 1840 871 2048 947; x_wconf 83' lang='lat'>1825).</span> <span class='ocrx_word' id='word_1_48' title='bbox 2136 872 2387 942; x_wconf 90' lang='lat' dir='ltr'>Dubito,</span> <span class='ocrx_word' id='word_1_49' title='bbox 2437 890 2578 932; x_wconf 88' lang='lat' dir='ltr'>num</span> <span class='ocrx_word' id='word_1_50' title='bbox 2623 872 2778 948; x_wconf 89' lang='lat' dir='ltr'>quis-</span> 
     </span>
     <span class='ocr_line' id='line_1_7' title="bbox 538 963 2781 1053; baseline 0 -22"><span class='ocrx_word' id='word_1_51' title='bbox 538 991 714 1049; x_wconf 81' lang='lat' dir='ltr'>quam</span> <span class='ocrx_word' id='word_1_52' title='bbox 765 975 1248 1052; x_wconf 77' lang='lat' dir='ltr'><strong>Atheniensium,</strong></span> <span class='ocrx_word' id='word_1_53' title='bbox 1309 979 1405 1037; x_wconf 86' lang='lat' dir='ltr'>ubi</span> <span class='ocrx_word' id='word_1_54' title='bbox 1464 978 1673 1037; x_wconf 84' lang='lat' dir='ltr'>eodem</span> <span class='ocrx_word' id='word_1_55' title='bbox 1731 979 1789 1038; x_wconf 91' lang='lat' dir='ltr'>in</span> <span class='ocrx_word' id='word_1_56' title='bbox 1855 996 2031 1037; x_wconf 88' lang='lat' dir='ltr'>versu</span> <span class='ocrx_word' id='word_1_57' title='bbox 2094 994 2273 1037; x_wconf 88' lang='lat' dir='ltr'>voces</span> <span class='ocrx_word' id='word_1_58' title='bbox 2335 963 2677 1053; x_wconf 56' lang='lat' dir='ltr'>„mh‘Mvd‘</span> <span class='ocrx_word' id='word_1_59' title='bbox 2721 976 2781 1032; x_wconf 91' lang='lat' dir='ltr'>et</span> 
     </span>
     <span class='ocr_line' id='line_1_8' title="bbox 538 1060 2781 1157; baseline 0 -24"><span class='ocrx_word' id='word_1_60' title='bbox 538 1060 933 1145; x_wconf 79' lang='grc' dir='ltr'><em>,,Αἰσώπου“</em></span> <span class='ocrx_word' id='word_1_61' title='bbox 978 1079 1276 1140; x_wconf 81' lang='lat' dir='ltr'>audiverit</span> <span class='ocrx_word' id='word_1_62' title='bbox 1321 1079 1394 1140; x_wconf 86' lang='lat' dir='ltr'>de</span> <span class='ocrx_word' id='word_1_63' title='bbox 1441 1081 1559 1140; x_wconf 89' lang='lat' dir='ltr'>alio</span> <span class='ocrx_word' id='word_1_64' title='bbox 1609 1099 1787 1157; x_wconf 87' lang='lat' dir='ltr'>quam</span> <span class='ocrx_word' id='word_1_65' title='bbox 1836 1071 1909 1140; x_wconf 84' lang='lat' dir='ltr'>de</span> <span class='ocrx_word' id='word_1_66' title='bbox 1956 1078 2289 1140; x_wconf 86' lang='lat' dir='ltr'>fabularum</span> <span class='ocrx_word' id='word_1_67' title='bbox 2337 1081 2518 1156; x_wconf 85' lang='lat' dir='ltr'>poeta</span> <span class='ocrx_word' id='word_1_68' title='bbox 2561 1074 2781 1152; x_wconf 87' lang='lat' dir='ltr'>cogita·</span> 
     </span>
     <span class='ocr_line' id='line_1_9' title="bbox 539 1177 2782 1259; baseline 0 -24"><span class='ocrx_word' id='word_1_69' title='bbox 539 1179 711 1238; x_wconf 84' lang='lat' dir='ltr'>verit.</span> <span class='ocrx_word' id='word_1_70' title='bbox 798 1179 933 1253; x_wconf 85' lang='lat' dir='ltr'>Qua</span> <span class='ocrx_word' id='word_1_71' title='bbox 963 1181 1039 1242; x_wconf 85' lang='lat' dir='ltr'>de</span> <span class='ocrx_word' id='word_1_72' title='bbox 1086 1200 1266 1242; x_wconf 84' lang='lat' dir='ltr'>causa</span> <span class='ocrx_word' id='word_1_73' title='bbox 1311 1182 1382 1243; x_wconf 74' lang='lat' dir='ltr'>(le</span> <span class='ocrx_word' id='word_1_74' title='bbox 1429 1183 1669 1259; x_wconf 88' lang='lat' dir='ltr'>Aesopo</span> <span class='ocrx_word' id='word_1_75' title='bbox 1702 1183 1990 1259; x_wconf 79' lang='lat' dir='ltr'><strong>Aeschyli</strong></span> <span class='ocrx_word' id='word_1_76' title='bbox 2036 1187 2238 1242; x_wconf 86' lang='lat' dir='ltr'>actore</span> <span class='ocrx_word' id='word_1_77' title='bbox 2282 1180 2398 1241; x_wconf 93' lang='lat' dir='ltr'>hoc</span> <span class='ocrx_word' id='word_1_78' title='bbox 2445 1181 2578 1240; x_wconf 91' lang='lat' dir='ltr'>loco</span> <span class='ocrx_word' id='word_1_79' title='bbox 2625 1177 2782 1254; x_wconf 87' lang='lat' dir='ltr'>cogi-</span> 
     </span>
     <span class='ocr_line' id='line_1_10' title="bbox 544 1280 2779 1357; baseline 0 -18"><span class='ocrx_word' id='word_1_80' title='bbox 544 1280 790 1341; x_wconf 81' lang='lat' dir='ltr'>tandum</span> <span class='ocrx_word' id='word_1_81' title='bbox 842 1301 958 1343; x_wconf 86' lang='lat' dir='ltr'>non</span> <span class='ocrx_word' id='word_1_82' title='bbox 1008 1302 1140 1344; x_wconf 88' lang='lat' dir='ltr'>esse</span> <span class='ocrx_word' id='word_1_83' title='bbox 1184 1284 1559 1345; x_wconf 82' lang='lat' dir='ltr'>manifestum</span> <span class='ocrx_word' id='word_1_84' title='bbox 1608 1291 1716 1345; x_wconf 86' lang='lat' dir='ltr'>est.</span> <span class='ocrx_word' id='word_1_85' title='bbox 1802 1284 2057 1346; x_wconf 83' lang='lat' dir='ltr'>Omnino</span> <span class='ocrx_word' id='word_1_86' title='bbox 2102 1303 2221 1345; x_wconf 90' lang='lat' dir='ltr'>non</span> <span class='ocrx_word' id='word_1_87' title='bbox 2264 1283 2447 1344; x_wconf 80' lang='lat' dir='ltr'>fuisse</span> <span class='ocrx_word' id='word_1_88' title='bbox 2478 1284 2779 1357; x_wconf 81' lang='lat' dir='ltr'>Aesopum</span> 
     </span>
     <span class='ocr_line' id='line_1_11' title="bbox 539 1383 2782 1464; baseline -0 -22"><span class='ocrx_word' id='word_1_89' title='bbox 539 1383 835 1461; x_wconf 87' lang='lat' dir='ltr'>quendam</span> <span class='ocrx_word' id='word_1_90' title='bbox 899 1385 1183 1464; x_wconf 81' lang='lat' dir='ltr'><strong>Aeschyli</strong></span> <span class='ocrx_word' id='word_1_91' title='bbox 1252 1394 1511 1448; x_wconf 85' lang='lat' dir='ltr'>actorem</span> <span class='ocrx_word' id='word_1_92' title='bbox 1586 1388 1765 1448; x_wconf 89' lang='lat' dir='ltr'>statui</span> <span class='ocrx_word' id='word_1_93' title='bbox 1846 1388 2085 1464; x_wconf 86' lang='lat' dir='ltr'>nequit,</span> <span class='ocrx_word' id='word_1_94' title='bbox 2157 1386 2270 1446; x_wconf 88' lang='lat' dir='ltr'>nisi</span> <span class='ocrx_word' id='word_1_95' title='bbox 2343 1385 2782 1445; x_wconf 87' lang='lat' dir='ltr'>demonstratur</span> 
     </span>
     <span class='ocr_line' id='line_1_12' title="bbox 540 1484 2780 1567; baseline -0 -23"><span class='ocrx_word' id='word_1_96' title='bbox 540 1485 808 1546; x_wconf 79' lang='lat' dir='ltr'>scholion</span> <span class='ocrx_word' id='word_1_97' title='bbox 853 1487 996 1547; x_wconf 87' lang='lat' dir='ltr'>illud</span> <span class='ocrx_word' id='word_1_98' title='bbox 1042 1508 1245 1549; x_wconf 89' lang='lat' dir='ltr'>errore</span> <span class='ocrx_word' id='word_1_99' title='bbox 1291 1509 1324 1549; x_wconf 93' lang='lat' dir='ltr'>e</span> <span class='ocrx_word' id='word_1_100' title='bbox 1369 1508 1546 1550; x_wconf 86' lang='lat' dir='ltr'>versu</span> <span class='ocrx_word' id='word_1_101' title='bbox 1582 1489 2023 1567; x_wconf 74' lang='lat' dir='ltr'>Aristophaneo</span> <span class='ocrx_word' id='word_1_102' title='bbox 2070 1493 2261 1549; x_wconf 86' lang='lat' dir='ltr'>ortum</span> <span class='ocrx_word' id='word_1_103' title='bbox 2308 1505 2456 1559; x_wconf 87' lang='lat' dir='ltr'>esse,</span> <span class='ocrx_word' id='word_1_104' title='bbox 2503 1484 2780 1564; x_wconf 79' lang='lat' dir='ltr'><strong>equidem</strong></span> 
     </span>
     <span class='ocr_line' id='line_1_13' title="bbox 539 1587 2785 1669; baseline -0 -22"><span class='ocrx_word' id='word_1_105' title='bbox 539 1592 738 1647; x_wconf 88' lang='lat' dir='ltr'>autem</span> <span class='ocrx_word' id='word_1_106' title='bbox 786 1608 903 1649; x_wconf 89' lang='lat' dir='ltr'>non</span> <span class='ocrx_word' id='word_1_107' title='bbox 946 1590 1142 1668; x_wconf 85' lang='lat' dir='ltr'>video,</span> <span class='ocrx_word' id='word_1_108' title='bbox 1186 1610 1308 1669; x_wconf 85' lang='lat' dir='ltr'>qua</span> <span class='ocrx_word' id='word_1_109' title='bbox 1351 1592 1582 1652; x_wconf 85' lang='lat' dir='ltr'>ratione</span> <span class='ocrx_word' id='word_1_110' title='bbox 1629 1592 1746 1651; x_wconf 85' lang='lat' dir='ltr'>talc</span> <span class='ocrx_word' id='word_1_111' title='bbox 1792 1591 2058 1651; x_wconf 76' lang='lat' dir='ltr'>scholion</span> <span class='ocrx_word' id='word_1_112' title='bbox 2106 1609 2138 1651; x_wconf 91' lang='lat' dir='ltr'>e</span> <span class='ocrx_word' id='word_1_113' title='bbox 2184 1610 2239 1650; x_wconf 89' lang='lat' dir='ltr'>v.</span> <span class='ocrx_word' id='word_1_114' title='bbox 2272 1593 2394 1652; x_wconf 84' lang='lat'>566</span> <span class='ocrx_word' id='word_1_115' title='bbox 2442 1593 2644 1648; x_wconf 87' lang='lat' dir='ltr'>natum</span> <span class='ocrx_word' id='word_1_116' title='bbox 2691 1587 2785 1647; x_wconf 84' lang='lat' dir='ltr'>sit.</span> 
     </span>
     <span class='ocr_line' id='line_1_14' title="bbox 718 1689 2781 1772; baseline 0.001 -23"><span class='ocrx_word' id='word_1_117' title='bbox 718 1689 1020 1766; x_wconf 66' lang='lat' dir='ltr'>Oeam-um</span> <span class='ocrx_word' id='word_1_118' title='bbox 1080 1692 1263 1754; x_wconf 86' lang='lat' dir='ltr'>fuisse</span> <span class='ocrx_word' id='word_1_119' title='bbox 1322 1694 1764 1772; x_wconf 85' lang='lat' dir='ltr'>tragoediarum</span> <span class='ocrx_word' id='word_1_120' title='bbox 1822 1699 2120 1770; x_wconf 88' lang='lat' dir='ltr'>actorem,</span> <span class='ocrx_word' id='word_1_121' title='bbox 2179 1712 2253 1753; x_wconf 85' lang='lat' dir='ltr'>ex</span> <span class='ocrx_word' id='word_1_122' title='bbox 2313 1693 2455 1770; x_wconf 87' lang='lat' dir='ltr'>ipsis</span> <span class='ocrx_word' id='word_1_123' title='bbox 2513 1710 2609 1750; x_wconf 80' lang='lat' dir='ltr'>vv.</span> <span class='ocrx_word' id='word_1_124' title='bbox 2640 1692 2781 1759; x_wconf 82' lang='lat'>579,</span> 
     </span>
     <span class='ocr_line' id='line_1_15' title="bbox 541 1792 2781 1874; baseline -0.001 -21"><span class='ocrx_word' id='word_1_125' title='bbox 541 1797 666 1854; x_wconf 87' lang='lat'>580</span> <span class='ocrx_word' id='word_1_126' title='bbox 725 1794 1102 1871; x_wconf 84' lang='lat' dir='ltr'>intelligitur;</span> <span class='ocrx_word' id='word_1_127' title='bbox 1179 1796 1531 1874; x_wconf 78' lang='lat' dir='ltr'>scholiasta,</span> <span class='ocrx_word' id='word_1_128' title='bbox 1592 1814 1774 1873; x_wconf 87' lang='lat' dir='ltr'>quum</span> <span class='ocrx_word' id='word_1_129' title='bbox 1822 1796 2184 1874; x_wconf 87' lang='lat' dir='ltr'>Aeschyline</span> <span class='ocrx_word' id='word_1_130' title='bbox 2240 1813 2315 1854; x_wconf 90' lang='lat' dir='ltr'>an</span> <span class='ocrx_word' id='word_1_131' title='bbox 2364 1793 2677 1871; x_wconf 73' lang='lat' dir='ltr'>Sophoclis</span> <span class='ocrx_word' id='word_1_132' title='bbox 2724 1792 2781 1850; x_wconf 89' lang='lat' dir='ltr'>in</span> 
     </span>
     <span class='ocr_line' id='line_1_16' title="bbox 542 1894 2782 1977; baseline -0 -23"><span class='ocrx_word' id='word_1_133' title='bbox 542 1895 736 1956; x_wconf 81' lang='lat' dir='ltr'>Nioba</span> <span class='ocrx_word' id='word_1_134' title='bbox 781 1896 1016 1974; x_wconf 87' lang='lat' dir='ltr'>Oeager</span> <span class='ocrx_word' id='word_1_135' title='bbox 1073 1905 1276 1977; x_wconf 87' lang='lat' dir='ltr'>partes</span> <span class='ocrx_word' id='word_1_136' title='bbox 1337 1901 1532 1976; x_wconf 88' lang='lat' dir='ltr'>egerit</span> <span class='ocrx_word' id='word_1_137' title='bbox 1578 1900 1836 1959; x_wconf 80' lang='lat' dir='ltr'>haesitet</span> <span class='ocrx_word' id='word_1_138' title='bbox 1881 1905 1939 1959; x_wconf 92' lang='lat' dir='ltr'>et</span> <span class='ocrx_word' id='word_1_139' title='bbox 1983 1915 2381 1975; x_wconf 88' lang='lat' dir='ltr'>quaecunque</span> <span class='ocrx_word' id='word_1_140' title='bbox 2425 1895 2502 1956; x_wconf 83' lang='lat' dir='ltr'>de</span> <span class='ocrx_word' id='word_1_141' title='bbox 2547 1894 2782 1972; x_wconf 86' lang='lat' dir='ltr'>Oeagro</span> 
     </span>
     <span class='ocr_line' id='line_1_17' title="bbox 542 1996 2784 2079; baseline -0 -22"><span class='ocrx_word' id='word_1_142' title='bbox 542 1999 794 2074; x_wconf 86' lang='lat' dir='ltr'>protulit</span> <span class='ocrx_word' id='word_1_143' title='bbox 853 2018 927 2059; x_wconf 87' lang='lat' dir='ltr'>ex</span> <span class='ocrx_word' id='word_1_144' title='bbox 972 2001 1394 2079; x_wconf 77' lang='lat' dir='ltr'>Aristophanis</span> <span class='ocrx_word' id='word_1_145' title='bbox 1461 2002 1666 2063; x_wconf 87' lang='lat' dir='ltr'>verbis</span> <span class='ocrx_word' id='word_1_146' title='bbox 1727 2002 1927 2079; x_wconf 87' lang='lat' dir='ltr'>colligi</span> <span class='ocrx_word' id='word_1_147' title='bbox 1995 2001 2259 2079; x_wconf 85' lang='lat' dir='ltr'>possint,</span> <span class='ocrx_word' id='word_1_148' title='bbox 2324 2019 2357 2060; x_wconf 91' lang='lat' dir='ltr'>e</span> <span class='ocrx_word' id='word_1_149' title='bbox 2418 2002 2589 2059; x_wconf 87' lang='lat' dir='ltr'>textu</span> <span class='ocrx_word' id='word_1_150' title='bbox 2655 1996 2784 2058; x_wconf 89' lang='lat' dir='ltr'>sine</span> 
     </span>
     <span class='ocr_line' id='line_1_18' title="bbox 542 2099 2788 2182; baseline -0 -23"><span class='ocrx_word' id='word_1_151' title='bbox 542 2100 724 2160; x_wconf 89' lang='lat' dir='ltr'>dubio</span> <span class='ocrx_word' id='word_1_152' title='bbox 793 2101 1011 2162; x_wconf 83' lang='lat' dir='ltr'>hausit.</span> <span class='ocrx_word' id='word_1_153' title='bbox 1122 2105 1215 2164; x_wconf 90' lang='lat' dir='ltr'>Ne</span> <span class='ocrx_word' id='word_1_154' title='bbox 1288 2104 1347 2164; x_wconf 89' lang='lat' dir='ltr'>in</span> <span class='ocrx_word' id='word_1_155' title='bbox 1426 2106 1623 2182; x_wconf 89' lang='lat' dir='ltr'>priore</span> <span class='ocrx_word' id='word_1_156' title='bbox 1682 2104 1918 2182; x_wconf 86' lang='lat' dir='ltr'>quidem</span> <span class='ocrx_word' id='word_1_157' title='bbox 1986 2104 2247 2174; x_wconf 88' lang='lat' dir='ltr'>scholio,</span> <span class='ocrx_word' id='word_1_158' title='bbox 2324 2101 2486 2179; x_wconf 87' lang='lat' dir='ltr'>quod</span> <span class='ocrx_word' id='word_1_159' title='bbox 2544 2099 2788 2177; x_wconf 85' lang='lat' dir='ltr'>respicit</span> 
     </span>
     <span class='ocr_line' id='line_1_19' title="bbox 541 2202 2784 2285; baseline -0 -23"><span class='ocrx_word' id='word_1_160' title='bbox 541 2203 898 2282; x_wconf 81' lang='lat' dir='ltr'>scholiasta,</span> <span class='ocrx_word' id='word_1_161' title='bbox 959 2206 1125 2266; x_wconf 86' lang='lat' dir='ltr'>aliud</span> <span class='ocrx_word' id='word_1_162' title='bbox 1185 2208 1296 2268; x_wconf 85' lang='lat' dir='ltr'>nisi</span> <span class='ocrx_word' id='word_1_163' title='bbox 1343 2209 1634 2285; x_wconf 86' lang='lat' dir='ltr'>tragicum</span> <span class='ocrx_word' id='word_1_164' title='bbox 1681 2208 2029 2268; x_wconf 84' lang='lat' dir='ltr'>histrionem</span> <span class='ocrx_word' id='word_1_165' title='bbox 2075 2206 2258 2266; x_wconf 84' lang='lat' dir='ltr'>fuisse</span> <span class='ocrx_word' id='word_1_166' title='bbox 2303 2202 2604 2282; x_wconf 84' lang='lat' dir='ltr'>Oeagrum</span> <span class='ocrx_word' id='word_1_167' title='bbox 2650 2220 2784 2280; x_wconf 87' lang='lat' dir='ltr'>pro-</span> 
     </span>
     <span class='ocr_line' id='line_1_20' title="bbox 542 2303 2785 2388; baseline -0 -25"><span class='ocrx_word' id='word_1_168' title='bbox 542 2305 725 2364; x_wconf 85' lang='lat' dir='ltr'>latum</span> <span class='ocrx_word' id='word_1_169' title='bbox 772 2304 982 2386; x_wconf 82' lang='lat' dir='ltr'>fuisse,</span> <span class='ocrx_word' id='word_1_170' title='bbox 1037 2310 1224 2370; x_wconf 83' lang='lat' dir='ltr'>verba</span> <span class='ocrx_word' id='word_1_171' title='bbox 1283 2311 1443 2388; x_wconf 85' lang='lat' dir='ltr'>ipsa,</span> <span class='ocrx_word' id='word_1_172' title='bbox 1499 2311 1719 2388; x_wconf 89' lang='lat' dir='ltr'>quibus</span> <span class='ocrx_word' id='word_1_173' title='bbox 1772 2311 2047 2388; x_wconf 85' lang='lat' dir='ltr'>respicit,</span> <span class='ocrx_word' id='word_1_174' title='bbox 2110 2306 2389 2385; x_wconf 85' lang='lat' dir='ltr'>produnt.</span> <span class='ocrx_word' id='word_1_175' title='bbox 2486 2303 2785 2382; x_wconf 86' lang='lat' dir='ltr'>Oeagrnm</span> 
     </span>
     <span class='ocr_line' id='line_1_21' title="bbox 541 2409 2782 2489; baseline 0 -22"><span class='ocrx_word' id='word_1_176' title='bbox 541 2413 671 2468; x_wconf 84' lang='lat' dir='ltr'>arte</span> <span class='ocrx_word' id='word_1_177' title='bbox 714 2426 824 2469; x_wconf 89' lang='lat' dir='ltr'>sua</span> <span class='ocrx_word' id='word_1_178' title='bbox 869 2411 1161 2489; x_wconf 83' lang='lat' dir='ltr'>insignem</span> <span class='ocrx_word' id='word_1_179' title='bbox 1208 2412 1391 2474; x_wconf 85' lang='lat' dir='ltr'>fuisse</span> <span class='ocrx_word' id='word_1_180' title='bbox 1437 2413 1760 2474; x_wconf 86' lang='lat' dir='ltr'>scholiasta</span> <span class='ocrx_word' id='word_1_181' title='bbox 1802 2417 1969 2473; x_wconf 90' lang='lat' dir='ltr'>recte</span> <span class='ocrx_word' id='word_1_182' title='bbox 2015 2429 2048 2471; x_wconf 90' lang='lat' dir='ltr'>e</span> <span class='ocrx_word' id='word_1_183' title='bbox 2091 2409 2518 2472; x_wconf 87' lang='lat' dir='ltr'>sententiarum</span> <span class='ocrx_word' id='word_1_184' title='bbox 2549 2424 2782 2469; x_wconf 84' lang='lat' dir='ltr'>conexu</span> 
     </span>
     <span class='ocr_line' id='line_1_22' title="bbox 543 2509 2784 2605; baseline 0 -36"><span class='ocrx_word' id='word_1_185' title='bbox 543 2511 788 2588; x_wconf 84' lang='lat' dir='ltr'>colligit.</span> <span class='ocrx_word' id='word_1_186' title='bbox 844 2544 927 2554; x_wconf 94' lang='lat'>—</span> <span class='ocrx_word' id='word_1_187' title='bbox 990 2514 1393 2587; x_wconf 80' lang='lat' dir='ltr'>Dindorfium,</span> <span class='ocrx_word' id='word_1_188' title='bbox 1453 2515 1555 2593; x_wconf 88' lang='lat' dir='ltr'>qui</span> <span class='ocrx_word' id='word_1_189' title='bbox 1612 2535 1645 2576; x_wconf 91' lang='lat' dir='ltr'>e</span> <span class='ocrx_word' id='word_1_190' title='bbox 1691 2515 1913 2576; x_wconf 87' lang='lat' dir='ltr'>scholio</span> <span class='ocrx_word' id='word_1_191' title='bbox 1959 2512 2485 2605; x_wconf 46' lang='lat' dir='ltr'>priore‚Aeschyli</span> <span class='ocrx_word' id='word_1_192' title='bbox 2532 2509 2784 2572; x_wconf 85' lang='lat' dir='ltr'>Niobam</span> 
     </span>
     <span class='ocr_line' id='line_1_23' title="bbox 544 2613 2784 2696; baseline 0 -23"><span class='ocrx_word' id='word_1_193' title='bbox 544 2615 989 2692; x_wconf 83' lang='lat' dir='ltr'>intelligendam</span> <span class='ocrx_word' id='word_1_194' title='bbox 1050 2635 1181 2678; x_wconf 87' lang='lat' dir='ltr'>esse</span> <span class='ocrx_word' id='word_1_195' title='bbox 1237 2620 1424 2696; x_wconf 88' lang='lat' dir='ltr'>cogit,</span> <span class='ocrx_word' id='word_1_196' title='bbox 1486 2619 1768 2696; x_wconf 89' lang='lat' dir='ltr'>quoniam</span> <span class='ocrx_word' id='word_1_197' title='bbox 1834 2617 2039 2677; x_wconf 75' lang='lat' dir='ltr'>falsam</span> <span class='ocrx_word' id='word_1_198' title='bbox 2097 2614 2452 2677; x_wconf 83' lang='lat' dir='ltr'>emendandi</span> <span class='ocrx_word' id='word_1_199' title='bbox 2497 2615 2654 2674; x_wconf 86' lang='lat' dir='ltr'>viam</span> <span class='ocrx_word' id='word_1_200' title='bbox 2700 2613 2784 2673; x_wconf 90' lang='lat' dir='ltr'>in·</span> 
     </span>
     <span class='ocr_line' id='line_1_24' title="bbox 544 2716 2784 2797; baseline -0.001 -21"><span class='ocrx_word' id='word_1_201' title='bbox 544 2734 785 2793; x_wconf 88' lang='lat' dir='ltr'>gressus</span> <span class='ocrx_word' id='word_1_202' title='bbox 845 2725 969 2797; x_wconf 89' lang='lat' dir='ltr'>est,</span> <span class='ocrx_word' id='word_1_203' title='bbox 1031 2722 1357 2797; x_wconf 87' lang='lat' dir='ltr'>praeterire</span> <span class='ocrx_word' id='word_1_204' title='bbox 1414 2722 1569 2782; x_wconf 84' lang='lat' dir='ltr'>licet.</span> <span class='ocrx_word' id='word_1_205' title='bbox 1668 2720 1984 2781; x_wconf 83' lang='lat' dir='ltr'>Assentior</span> <span class='ocrx_word' id='word_1_206' title='bbox 2027 2720 2310 2780; x_wconf 89' lang='lat' dir='ltr'>Richtero</span> <span class='ocrx_word' id='word_1_207' title='bbox 2357 2716 2475 2790; x_wconf 88' lang='lat' dir='ltr'>(ed.</span> <span class='ocrx_word' id='word_1_208' title='bbox 2520 2734 2686 2794; x_wconf 82' lang='lat' dir='ltr'>vesp.</span> <span class='ocrx_word' id='word_1_209' title='bbox 2728 2735 2784 2794; x_wconf 91' lang='lat' dir='ltr'>p.</span> 
     </span>
     <span class='ocr_line' id='line_1_25' title="bbox 546 2817 2788 2901; baseline -0.001 -22"><span class='ocrx_word' id='word_1_210' title='bbox 546 2817 695 2892; x_wconf 84' lang='lat'><strong>261)</strong></span> <span class='ocrx_word' id='word_1_211' title='bbox 755 2825 815 2880; x_wconf 88' lang='lat' dir='ltr'>et</span> <span class='ocrx_word' id='word_1_212' title='bbox 877 2822 1289 2884; x_wconf 85' lang='lat' dir='ltr'>Halbertsmae</span> <span class='ocrx_word' id='word_1_213' title='bbox 1349 2823 1729 2901; x_wconf 86' lang='lat' dir='ltr'>(prosopogr.</span> <span class='ocrx_word' id='word_1_214' title='bbox 1786 2821 1967 2884; x_wconf 88' lang='lat' dir='ltr'>Arist.</span> <span class='ocrx_word' id='word_1_215' title='bbox 2028 2842 2086 2900; x_wconf 89' lang='lat' dir='ltr'>p.</span> <span class='ocrx_word' id='word_1_216' title='bbox 2140 2819 2246 2893; x_wconf 83' lang='lat'>97)</span> <span class='ocrx_word' id='word_1_217' title='bbox 2317 2822 2420 2898; x_wconf 88' lang='lat' dir='ltr'>qui</span> <span class='ocrx_word' id='word_1_218' title='bbox 2479 2818 2788 2897; x_wconf 83' lang='lat' dir='ltr'>Sophoclis</span> 
     </span>
     <span class='ocr_line' id='line_1_26' title="bbox 543 2921 2785 3004; baseline -0 -23"><span class='ocrx_word' id='word_1_219' title='bbox 543 2921 804 2982; x_wconf 81' lang='lat' dir='ltr'>fabulam</span> <span class='ocrx_word' id='word_1_220' title='bbox 855 2942 890 2982; x_wconf 82' lang='lat' dir='ltr'>a</span> <span class='ocrx_word' id='word_1_221' title='bbox 936 2924 1158 2985; x_wconf 89' lang='lat' dir='ltr'>comico</span> <span class='ocrx_word' id='word_1_222' title='bbox 1205 2926 1525 3003; x_wconf 83' lang='lat' dir='ltr'>significari</span> <span class='ocrx_word' id='word_1_223' title='bbox 1574 2931 1805 3004; x_wconf 84' lang='lat' dir='ltr'>putant.</span> <span class='ocrx_word' id='word_1_224' title='bbox 1910 2924 2343 3001; x_wconf 83' lang='lat' dir='ltr'>Aristophanes</span> <span class='ocrx_word' id='word_1_225' title='bbox 2402 2924 2525 3000; x_wconf 89' lang='lat' dir='ltr'>ipse</span> <span class='ocrx_word' id='word_1_226' title='bbox 2578 2921 2637 2981; x_wconf 91' lang='lat' dir='ltr'>in</span> <span class='ocrx_word' id='word_1_227' title='bbox 2696 2939 2785 2981; x_wconf 87' lang='lat' dir='ltr'>ra·</span> 
     </span>
     <span class='ocr_line' id='line_1_27' title="bbox 542 3022 2790 3107; baseline -0 -24"><span class='ocrx_word' id='word_1_228' title='bbox 542 3043 751 3084; x_wconf 85' lang='lat' dir='ltr'>narum</span> <span class='ocrx_word' id='word_1_229' title='bbox 812 3025 1015 3087; x_wconf 86' lang='lat' dir='ltr'>fabula</span> <span class='ocrx_word' id='word_1_230' title='bbox 1078 3048 1132 3086; x_wconf 84' lang='lat' dir='ltr'>v.</span> <span class='ocrx_word' id='word_1_231' title='bbox 1178 3031 1296 3089; x_wconf 89' lang='grc'>911</span> <span class='ocrx_word' id='word_1_232' title='bbox 1348 3048 1434 3107; x_wconf 88' lang='lat' dir='ltr'>sq.</span> <span class='ocrx_word' id='word_1_233' title='bbox 1480 3029 1765 3106; x_wconf 82' lang='lat' dir='ltr'>Aeschyli</span> <span class='ocrx_word' id='word_1_234' title='bbox 1812 3028 2065 3088; x_wconf 89' lang='lat' dir='ltr'>Niobam</span> <span class='ocrx_word' id='word_1_235' title='bbox 2125 3025 2530 3104; x_wconf 86' lang='lat' dir='ltr'>asperioribus</span> <span class='ocrx_word' id='word_1_236' title='bbox 2590 3022 2790 3083; x_wconf 86' lang='lat' dir='ltr'>verbis</span> 
     </span>
     <span class='ocr_line' id='line_1_28' title="bbox 541 3124 2788 3205; baseline -0.002 -18"><span class='ocrx_word' id='word_1_237' title='bbox 541 3132 709 3188; x_wconf 80' lang='lat' dir='ltr'>notat</span> <span class='ocrx_word' id='word_1_238' title='bbox 767 3146 940 3204; x_wconf 90' lang='lat' dir='ltr'>quam</span> <span class='ocrx_word' id='word_1_239' title='bbox 1010 3134 1073 3190; x_wconf 87' lang='lat' dir='ltr'>ut</span> <span class='ocrx_word' id='word_1_240' title='bbox 1119 3131 1212 3190; x_wconf 90' lang='lat' dir='ltr'>hic</span> <span class='ocrx_word' id='word_1_241' title='bbox 1258 3131 1502 3192; x_wconf 86' lang='lat' dir='ltr'>eandem</span> <span class='ocrx_word' id='word_1_242' title='bbox 1562 3131 1822 3192; x_wconf 89' lang='lat' dir='ltr'>fabulam</span> <span class='ocrx_word' id='word_1_243' title='bbox 1870 3136 2040 3191; x_wconf 84' lang='lat' dir='ltr'>tanta</span> <span class='ocrx_word' id='word_1_244' title='bbox 2084 3128 2266 3189; x_wconf 86' lang='lat' dir='ltr'>laude</span> <span class='ocrx_word' id='word_1_245' title='bbox 2311 3129 2526 3188; x_wconf 83' lang='lat' dir='ltr'>efferre</span> <span class='ocrx_word' id='word_1_246' title='bbox 2569 3124 2788 3205; x_wconf 83' lang='lat' dir='ltr'>possit:</span> 
     </span>
     <span class='ocr_line' id='line_1_29' title="bbox 851 3237 1364 3312; baseline 0.012 -21"><span class='ocrx_word' id='word_1_247' title='bbox 851 3249 974 3291; x_wconf 84' lang='lat' dir='ltr'>ran.</span> <span class='ocrx_word' id='word_1_248' title='bbox 1022 3252 1076 3291; x_wconf 83' lang='lat' dir='ltr'>v.</span> <span class='ocrx_word' id='word_1_249' title='bbox 1122 3237 1247 3295; x_wconf 88' lang='lat'>910</span> <span class='ocrx_word' id='word_1_250' title='bbox 1360 3308 1364 3312; x_wconf 67' lang='lat'><em>,</em></span> 
     </span>
    </p>

    <p class='ocr_par' dir='ltr' id='par_1_3' title="bbox 629 3317 2527 3414">
     <span class='ocr_line' id='line_1_30' title="bbox 629 3317 2527 3414; baseline -0.001 -24"><span class='ocrx_word' id='word_1_251' title='bbox 629 3318 1019 3408; x_wconf 79' lang='grc' dir='ltr'><strong><em>,,πρώτιστα</em></strong></span> <span class='ocrx_word' id='word_1_252' title='bbox 1060 3328 1182 3412; x_wconf 80' lang='grc' dir='ltr'>μὲν</span> <span class='ocrx_word' id='word_1_253' title='bbox 1226 3325 1351 3414; x_wconf 77' lang='grc' dir='ltr'>γὰρ</span> <span class='ocrx_word' id='word_1_254' title='bbox 1398 3327 1518 3395; x_wconf 69' lang='grc' dir='ltr'>ἕνα</span> <span class='ocrx_word' id='word_1_255' title='bbox 1562 3321 1778 3395; x_wconf 77' lang='grc' dir='ltr'><strong><em>τιν’ἂν</em></strong></span> <span class='ocrx_word' id='word_1_256' title='bbox 1823 3335 2107 3395; x_wconf 79' lang='grc' dir='ltr'><strong><em>καθῖσεν</em></strong></span> <span class='ocrx_word' id='word_1_257' title='bbox 2149 3317 2527 3411; x_wconf 77' lang='grc' dir='ltr'><strong><em>ἐγκαλύψας</em></strong></span> 
     </span>
    </p>

    <p class='ocr_par' dir='ltr' id='par_1_4' title="bbox 630 3418 2597 3517">
     <span class='ocr_line' id='line_1_31' title="bbox 630 3418 2597 3517; baseline -0.001 -23"><span class='ocrx_word' id='word_1_258' title='bbox 630 3418 959 3511; x_wconf 53' lang='grc' dir='ltr'><strong><em>,μᾌχιλλέα</em></strong></span> <span class='ocrx_word' id='word_1_259' title='bbox 1003 3422 1128 3495; x_wconf 78' lang='grc' dir='ltr'>τιν’</span> <span class='ocrx_word' id='word_1_260' title='bbox 1171 3424 1212 3517; x_wconf 82' lang='grc' dir='ltr'>ἢ</span> <span class='ocrx_word' id='word_1_261' title='bbox 1259 3428 1533 3516; x_wconf 80' lang='grc' dir='ltr'><em>Νιόβην,</em></span> <span class='ocrx_word' id='word_1_262' title='bbox 1577 3428 1659 3496; x_wconf 86' lang='grc' dir='ltr'>τὸ</span> <span class='ocrx_word' id='word_1_263' title='bbox 1702 3426 2077 3516; x_wconf 79' lang='grc' dir='ltr'><em>,πρόσωπον</em></span> <span class='ocrx_word' id='word_1_264' title='bbox 2121 3422 2269 3513; x_wconf 76' lang='grc' dir='ltr'><em>οὐχὶ</em></span> <span class='ocrx_word' id='word_1_265' title='bbox 2315 3423 2597 3505; x_wconf 77' lang='grc' dir='ltr'>δεικνὺς,</span> 
     </span>
    </p>

    <p class='ocr_par' dir='ltr' id='par_1_5' title="bbox 546 3521 2790 4131">
     <span class='ocr_line' id='line_1_32' title="bbox 633 3521 2530 3619; baseline -0.001 -24"><span class='ocrx_word' id='word_1_266' title='bbox 633 3526 1020 3618; x_wconf 77' lang='grc' dir='ltr'><strong><em>,,πρόσχημα</em></strong></span> <span class='ocrx_word' id='word_1_267' title='bbox 1064 3535 1184 3618; x_wconf 81' lang='grc' dir='ltr'>τῆς</span> <span class='ocrx_word' id='word_1_268' title='bbox 1228 3535 1623 3619; x_wconf 71' lang='grc' dir='ltr'><strong><em>τραγῳδίας,</em></strong></span> <span class='ocrx_word' id='word_1_269' title='bbox 1669 3529 2035 3618; x_wconf 77' lang='grc' dir='ltr'><strong><em>γρύζοντας</em></strong></span> <span class='ocrx_word' id='word_1_270' title='bbox 2077 3521 2236 3597; x_wconf 73' lang='grc' dir='ltr'>οὐδὲ</span> <span class='ocrx_word' id='word_1_271' title='bbox 2279 3531 2530 3596; x_wconf 74' lang='lat' dir='ltr'>tovtl“.</span> 
     </span>
     <span class='ocr_line' id='line_1_33' title="bbox 546 3638 2788 3721; baseline -0.001 -22"><span class='ocrx_word' id='word_1_272' title='bbox 546 3639 644 3714; x_wconf 88' lang='lat' dir='ltr'>(cf.</span> <span class='ocrx_word' id='word_1_273' title='bbox 710 3660 765 3701; x_wconf 81' lang='grc' dir='ltr'>ν.</span> <span class='ocrx_word' id='word_1_274' title='bbox 825 3639 1005 3714; x_wconf 82' lang='lat' dir='ltr'>92o):</span> <span class='ocrx_word' id='word_1_275' title='bbox 1079 3643 1438 3720; x_wconf 86' lang='lat' dir='ltr'>Perstringit</span> <span class='ocrx_word' id='word_1_276' title='bbox 1504 3644 1901 3721; x_wconf 88' lang='lat' dir='ltr'>Aeschylum,</span> <span class='ocrx_word' id='word_1_277' title='bbox 1989 3640 2151 3719; x_wconf 81' lang='lat' dir='ltr'>quod</span> <span class='ocrx_word' id='word_1_278' title='bbox 2218 3640 2554 3717; x_wconf 87' lang='lat' dir='ltr'>praelongis</span> <span class='ocrx_word' id='word_1_279' title='bbox 2620 3638 2788 3698; x_wconf 90' lang='lat' dir='ltr'>chori</span> 
     </span>
     <span class='ocr_line' id='line_1_34' title="bbox 547 3739 2790 3822; baseline -0.001 -20"><span class='ocrx_word' id='word_1_280' title='bbox 547 3743 793 3803; x_wconf 87' lang='lat' dir='ltr'>canticis</span> <span class='ocrx_word' id='word_1_281' title='bbox 855 3748 946 3804; x_wconf 87' lang='lat' dir='ltr'>est</span> <span class='ocrx_word' id='word_1_282' title='bbox 1005 3763 1146 3805; x_wconf 89' lang='lat' dir='ltr'>usus</span> <span class='ocrx_word' id='word_1_283' title='bbox 1205 3749 1263 3806; x_wconf 93' lang='lat' dir='ltr'>et</span> <span class='ocrx_word' id='word_1_284' title='bbox 1307 3745 1598 3806; x_wconf 90' lang='lat' dir='ltr'>Achillem</span> <span class='ocrx_word' id='word_1_285' title='bbox 1659 3750 1718 3804; x_wconf 89' lang='lat' dir='ltr'>et</span> <span class='ocrx_word' id='word_1_286' title='bbox 1761 3743 2011 3805; x_wconf 89' lang='lat' dir='ltr'>Niobam</span> <span class='ocrx_word' id='word_1_287' title='bbox 2071 3762 2179 3822; x_wconf 89' lang='lat' dir='ltr'>per</span> <span class='ocrx_word' id='word_1_288' title='bbox 2226 3760 2500 3819; x_wconf 87' lang='lat' dir='ltr'>magnam</span> <span class='ocrx_word' id='word_1_289' title='bbox 2550 3739 2790 3801; x_wconf 84' lang='lat' dir='ltr'>fabulae</span> 
     </span>
     <span class='ocr_line' id='line_1_35' title="bbox 547 3841 2788 3924; baseline -0.002 -19"><span class='ocrx_word' id='word_1_290' title='bbox 547 3852 775 3922; x_wconf 85' lang='lat' dir='ltr'>partem</span> <span class='ocrx_word' id='word_1_291' title='bbox 822 3846 1034 3907; x_wconf 86' lang='lat' dir='ltr'>velatis</span> <span class='ocrx_word' id='word_1_292' title='bbox 1080 3847 1376 3924; x_wconf 86' lang='lat' dir='ltr'>capitibus</span> <span class='ocrx_word' id='word_1_293' title='bbox 1421 3855 1481 3909; x_wconf 91' lang='lat' dir='ltr'>et</span> <span class='ocrx_word' id='word_1_294' title='bbox 1525 3867 1600 3908; x_wconf 89' lang='lat' dir='ltr'>ne</span> <span class='ocrx_word' id='word_1_295' title='bbox 1647 3848 1896 3908; x_wconf 85' lang='lat' dir='ltr'>verbum</span> <span class='ocrx_word' id='word_1_296' title='bbox 1943 3846 2186 3923; x_wconf 87' lang='lat' dir='ltr'>quidem</span> <span class='ocrx_word' id='word_1_297' title='bbox 2218 3844 2590 3923; x_wconf 82' lang='lat' dir='ltr'>proferentes</span> <span class='ocrx_word' id='word_1_298' title='bbox 2621 3841 2788 3902; x_wconf 88' lang='lat' dir='ltr'>indu-</span> 
     </span>
     <span class='ocr_line' id='line_1_36' title="bbox 546 3945 2789 4029; baseline -0.002 -20"><span class='ocrx_word' id='word_1_299' title='bbox 546 3950 651 4009; x_wconf 85' lang='lat' dir='ltr'>xit.</span> <span class='ocrx_word' id='word_1_300' title='bbox 748 3951 1071 4011; x_wconf 84' lang='lat' dir='ltr'>Praeterea</span> <span class='ocrx_word' id='word_1_301' title='bbox 1131 3950 1332 4011; x_wconf 83' lang='lat' dir='ltr'>fabula</span> <span class='ocrx_word' id='word_1_302' title='bbox 1376 3948 1715 4029; x_wconf 87' lang='lat' dir='ltr'>Sophoclea</span> <span class='ocrx_word' id='word_1_303' title='bbox 1774 3950 1984 4011; x_wconf 89' lang='lat' dir='ltr'>melius</span> <span class='ocrx_word' id='word_1_304' title='bbox 2039 3966 2216 4027; x_wconf 89' lang='lat' dir='ltr'>quam</span> <span class='ocrx_word' id='word_1_305' title='bbox 2266 3945 2605 4024; x_wconf 80' lang='lat' dir='ltr'>Aeschylea</span> <span class='ocrx_word' id='word_1_306' title='bbox 2649 3962 2789 4005; x_wconf 88' lang='lat' dir='ltr'>con·</span> 
     </span>
     <span class='ocr_line' id='line_1_37' title="bbox 548 4052 2266 4131; baseline -0.001 -19"><span class='ocrx_word' id='word_1_307' title='bbox 548 4054 711 4113; x_wconf 84' lang='lat' dir='ltr'>veuit</span> <span class='ocrx_word' id='word_1_308' title='bbox 753 4071 911 4113; x_wconf 87' lang='lat' dir='ltr'>anno</span> <span class='ocrx_word' id='word_1_309' title='bbox 957 4057 1101 4129; x_wconf 76' lang='lat'>422,</span> <span class='ocrx_word' id='word_1_310' title='bbox 1145 4072 1265 4131; x_wconf 88' lang='lat' dir='ltr'>quo</span> <span class='ocrx_word' id='word_1_311' title='bbox 1311 4053 1647 4131; x_wconf 87' lang='lat' dir='ltr'>Vesparum</span> <span class='ocrx_word' id='word_1_312' title='bbox 1693 4053 1896 4113; x_wconf 84' lang='lat' dir='ltr'>fabula</span> <span class='ocrx_word' id='word_1_313' title='bbox 1937 4052 2115 4112; x_wconf 84' lang='lat' dir='ltr'>docta</span> <span class='ocrx_word' id='word_1_314' title='bbox 2158 4055 2266 4110; x_wconf 86' lang='lat' dir='ltr'>est.</span> 
     </span>
    </p>

    <p class='ocr_par' dir='ltr' id='par_1_6' title="bbox 719 4149 2793 4232">
     <span class='ocr_line' id='line_1_38' title="bbox 719 4149 2793 4232; baseline -0.003 -16"><span class='ocrx_word' id='word_1_315' title='bbox 719 4156 888 4230; x_wconf 83' lang='lat' dir='ltr'>Quae</span> <span class='ocrx_word' id='word_1_316' title='bbox 947 4175 1078 4216; x_wconf 89' lang='lat' dir='ltr'>cum</span> <span class='ocrx_word' id='word_1_317' title='bbox 1140 4156 1221 4217; x_wconf 90' lang='lat' dir='ltr'>ita</span> <span class='ocrx_word' id='word_1_318' title='bbox 1295 4157 1446 4227; x_wconf 85' lang='lat' dir='ltr'>sint,</span> <span class='ocrx_word' id='word_1_319' title='bbox 1521 4153 1848 4232; x_wconf 82' lang='lat' dir='ltr'>Oeagrum‚</span> <span class='ocrx_word' id='word_1_320' title='bbox 1922 4156 1971 4215; x_wconf 89' lang='lat' dir='ltr'>si</span> <span class='ocrx_word' id='word_1_321' title='bbox 2032 4152 2347 4229; x_wconf 77' lang='lat' dir='ltr'>cujusdam</span> <span class='ocrx_word' id='word_1_322' title='bbox 2407 4154 2620 4227; x_wconf 88' lang='lat' dir='ltr'>poetae</span> <span class='ocrx_word' id='word_1_323' title='bbox 2680 4149 2793 4210; x_wconf 84' lang='lat' dir='ltr'>fuit</span> 
     </span>
    </p>

    <p class='ocr_par' dir='ltr' id='par_1_7' title="bbox 550 4258 1974 4341">
     <span class='ocr_line' id='line_1_39' title="bbox 550 4258 1974 4341; baseline -0.004 -20"><span class='ocrx_word' id='word_1_324' title='bbox 550 4261 831 4341; x_wconf 84' lang='lat' dir='ltr'>proprius</span> <span class='ocrx_word' id='word_1_325' title='bbox 876 4261 1099 4333; x_wconf 88' lang='lat' dir='ltr'>histrio,</span> <span class='ocrx_word' id='word_1_326' title='bbox 1145 4259 1419 4336; x_wconf 82' lang='lat' dir='ltr'>Sophocli</span> <span class='ocrx_word' id='word_1_327' title='bbox 1468 4258 1731 4318; x_wconf 84' lang='lat' dir='ltr'>tribuere</span> <span class='ocrx_word' id='word_1_328' title='bbox 1778 4258 1974 4316; x_wconf 86' lang='lat' dir='ltr'>velim.</span> 
     </span>
    </p>
   </div>
  </div>
 </body>
</html>
