3166 4871
1429 1343 1501 1427 Ι.

517 1553 979 1685 LeotychideS,
1066 1605 1676 1667 Lacedaemoniorum
1754 1627 1893 1685 rex,
1980 1610 2141 1686 apud
2215 1611 2584 1671 Herodotum

351 1704 592 1780 [v186]
642 1708 848 1769 Glauci
896 1709 1167 1785 exemplo
1215 1709 1595 1787 comprobat,
1654 1728 1806 1786 quae
1862 1712 2000 1788 quis
2047 1713 2467 1772 conservanda
2510 1714 2585 1773 ab

345 1812 535 1870 altero
597 1811 925 1889 acceperit,
983 1829 1056 1870 ea
1114 1812 1347 1886 roganti
1410 1811 1490 1869 illi
1554 1811 1893 1872 reddenda:
1954 1814 2171 1874 etenim
2216 1816 2266 1874 si
2313 1816 2447 1891 quis
2491 1816 2585 1875 vel

347 1918 597 1973 conetur
656 1914 917 1973 retinere
978 1931 1048 1972 ea
1094 1917 1153 1973 et
1214 1913 1477 1990 periurio
1538 1914 1889 1975 confirmare
1952 1934 2015 1975 se
2063 1917 2205 1977 nihil
2262 1918 2588 1993 accepisse,

348 2033 479 2074 eum
526 2017 716 2093 ipsum
765 2020 1071 2092 totamque
1115 2016 1462 2093 progeniem
1510 2017 1676 2075 brevi
1723 2036 1758 2075 a
1805 2017 1914 2077 diis
1960 2018 2256 2079 ultoribus
2302 2038 2374 2078 ex
2422 2024 2585 2078 terra

348 2116 604 2176 deletum
650 2118 739 2177 iri.
826 2118 1106 2192 Glaucus,
1148 2118 1196 2177 si
1242 2117 1614 2178 Herodotum
1661 2121 1986 2197 sequimur,
2029 2121 2188 2179 intra
2230 2138 2421 2180 annos
2453 2116 2582 2180 se'x-

347 2221 727 2280 centesimum
776 2225 836 2279 et
880 2220 1417 2297 quingentesimum
1467 2222 2029 2299 quinquagesimum
2077 2223 2216 2283 fuit:
2263 2243 2398 2284 nam
2435 2225 2581 2283 Leo-

344 2322 618 2397 tychides
650 2324 795 2399 ipse,
839 2324 940 2399 qui
971 2324 1144 2400 primi
1188 2323 1327 2383 belli
1363 2324 1678 2383 Persarum
1724 2327 1919 2384 aetate
1952 2344 2073 2384 una
2117 2343 2247 2385 cum
2274 2326 2585 2402 Aeginetis

344 2424 612 2485 Athenas
655 2426 839 2504 venit,
884 2425 1175 2486 Glaucum
1221 2415 1394 2484 κατὰ
1436 2419 1671 2505 τρίτην
1714 2416 1949 2505 γενεὴν
1995 2446 2033 2488 a
2076 2446 2140 2488 se
2172 2428 2302 2504 ipso
2334 2428 2584 2506 Spartae

346 2527 527 2588 fnisse
584 2534 801 2588 narrat.
904 2529 998 2589 Ad
1064 2529 1223 2588 hunc
1287 2528 1586 2605 quondam
1649 2529 1944 2590 hominem
1991 2531 2286 2591 Milesium
2348 2533 2584 2591 venisse

344 2631 540 2709 eique,
582 2631 723 2707 quia
752 2632 924 2690 Ionia
965 2649 1200 2707 semper
1229 2630 1288 2689 in
1336 2630 1614 2708 periculis
1658 2636 2001 2692 versaretur
2045 2635 2105 2692 et
2128 2633 2390 2693 Glaucus
2421 2634 2582 2711 apud

344 2752 548 2792 omnes
593 2735 850 2794 iustitiae
895 2733 1073 2793 laude
1102 2733 1362 2811 floreret,
1405 2751 1552 2809 opes
1585 2752 1746 2812 suas-
1771 2734 2212 2794 eonservandas
2243 2735 2584 2812 tradidisse;

343 2840 403 2894 et
446 2837 713 2912 symbolo
760 2837 964 2913 aliquo
996 2837 1318 2896 constituto
1364 2840 1636 2896 sanctum
1685 2854 1816 2896 esse
1861 2839 1930 2894 ut
1959 2836 2064 2913 eis,
2110 2838 2210 2913 qui
2242 2837 2357 2896 hoc
2387 2844 2581 2898 osten-

345 2937 588 3016 dissent,
632 2940 756 2998 sive
801 2940 926 3015 ipse
971 2942 1129 2998 esset
1159 2938 1425 2997 Milesius
1472 2937 1570 2998 ille
1618 2938 1743 2998 sive
1789 2938 1907 3014 alii,
1953 2937 2237 3010 aGlaueo
2268 2956 2414 3017 opes
2444 2937 2583 3022 illae

345 3040 753 3100 redderentur.
840 3039 954 3100 Sed
990 3059 1121 3100 cum
1154 3044 1364 3118 postea
1393 3038 1496 3098 filii
1528 3039 1782 3100 hominis
1826 3039 1986 3098 illius
2016 3041 2267 3100 ostentis
2296 3040 2583 3116 symbolis

343 3142 655 3219 pecuniam
687 3143 1107 3219 postulassent,
1139 3142 1429 3203 Glaucum
1464 3143 1704 3202 omnino
1736 3146 2041 3219 acceptam
2075 3161 2202 3201 eam
2236 3144 2581 3218 negavisse:

344 3244 487 3320 quin
537 3246 711 3303 etiam
758 3245 1093 3320 Apollinem
1139 3245 1497 3322 Delphicum
1541 3245 1914 3305 consuluisse
1972 3238 2029 3302 εἷ
2074 3230 2259 3323 ὅρκῳ
2303 3235 2385 3303 τὰ
2426 3235 2581 3323 χρή-

342 3362 519 3422 ματα
565 3341 886 3425 ληίσηται.
976 3346 1251 3422 Pythiam
1298 3365 1440 3406 vero
1486 3346 1897 3422 respondisse:

516 3450 766 3524 Γλαῦκ’
808 3449 1221 3545 Ἐπικυδείδη
1264 3454 1345 3523 τὸ
1387 3458 1510 3542 μὲν
1554 3449 1800 3524 αὐτίκα
1842 3459 2115 3543 κέρδιον
2159 3450 2378 3536 οὕτως

516 3551 702 3646 ὅρκῳ
746 3564 1008 3646 νικῆσαι
1058 3560 1171 3625 καὶ
1210 3555 1513 3645 χρήματα
1557 3561 1979 3646 ληίσσασθαι.

518 3654 710 3747 ὅμνυ’
756 3663 899 3729 ἐπεὶ
946 3658 1247 3739 θάνατός
1292 3686 1360 3747 γε
1406 3662 1520 3727 καὶ
1566 3655 1854 3747 εὔορκον
1898 3663 2079 3748 μένει
2125 3655 2352 3748 ἄνδρα.

515 3757 659 3830 ἀλλ’
704 3756 917 3850 ὅρκου
958 3761 1117 3842 πάις
1162 3764 1345 3830 ἐστὶν
1391 3755 1763 3849 ἀνώνυμος,
1807 3756 1952 3830 οὐδ’
1996 3763 2106 3830 ἔπι
2146 3778 2358 3850 χεῖρες

513 3859 671 3933 οὐδὲ
719 3864 921 3944 πόδες,-
970 3888 982 3900 ·
1028 3864 1356 3952 κραιπνὸς
1400 3868 1471 3932 δὲ
1515 3868 1918 3952 μετέρχεται,
1964 3861 2169 3943 εἶςόκε
2217 3871 2443 3932 πᾶσαν

514 3965 911 4055 συμμάρψας
956 3960 1173 4034 ὀλέσει
1220 3964 1457 4055 γενεὴν
1499 3969 1615 4034 καὶ
1660 3965 1853 4034 οἶκον
1899 3960 2185 4034 ἅπαντα.

514 4064 758 4157 ἀνδρὸς
803 4063 861 4138 δ’
909 4062 1198 4155 εὖόρκου
1240 4068 1431 4156 γενεὴ
1477 4067 1890 4155 μετόπισθεν
1936 4063 2242 4154 ἀμείνων.

345 4198 497 4257 Tum
542 4198 855 4258 attonitum
912 4199 1202 4258 Glaucum
1257 4199 1491 4257 veniam
1537 4217 1573 4256 a
1618 4198 1835 4274 Pythia
1893 4199 2139 4275 petisse3
2201 4197 2304 4257 sed
2363 4198 2576 4256 iterum

344 4300 728 4376 respondisse
788 4277 946 4361 illam
1010 4289 1090 4360 τὸ
1146 4296 1557 4378 πειρηθῆναι
1616 4297 1740 4356 τοῦ
1799 4297 1967 4357 θεοῦ
2009 4293 2122 4356 καὶ
2182 4288 2261 4356 τὸ
2306 4294 2578 4375 ποιῆσαι

2247 4412 2268 4462 l
