3166 4871
2486 305 2611 367 275

373 493 731 552 quamquam
764 476 966 536 nullus
1012 481 1211 536 exstat
1255 477 1438 547 locus,
1485 476 1583 537 ubi
1615 478 1839 554 apertis
1885 477 2081 537 verbis
2124 478 2240 537 hoc
2283 478 2615 557 confitetur,

371 595 570 654 neque
617 595 866 654 usquam
914 577 1223 639 Menandri
1271 578 1457 654 ipsius
1505 597 1715 640 versus
1758 580 1833 639 ab
1880 598 1950 640 eo
1995 577 2491 657 proferuntur.⁹⁴)

535 678 652 740 Sed
701 680 850 741 haec
896 680 1199 740 hactenus.
1290 681 1470 742 Nunc
1515 683 1851 760 argumenti
1902 682 2086 759 ipsius
2132 676 2301 742 ratio‘
2328 683 2613 760 postulat,

369 784 462 858 ut,
521 782 667 860 quid
716 782 791 843 de
852 783 1093 859 tragicis
1141 782 1386 844 Graecis
1431 783 1642 845 Cicero
1688 784 1964 855 senserit,
2024 783 2234 845 eodem
2292 784 2466 845 modo
2511 802 2608 845 ex-

366 902 600 962 ponam.
694 886 772 946 Ut
814 890 1010 945 autem
1059 885 1237 947 modo
1284 885 1460 947 docui
1508 887 1611 946 vix
1659 887 1994 964 principum
2043 887 2384 948 comoediae
2429 887 2609 948 Grae·

369 1004 474 1047 cae
522 1005 708 1065 opera
751 988 806 1046 ei
849 991 991 1048 nota
1037 987 1220 1048 fuisse
1264 988 1480 1065 videri,
1525 990 1606 1049 ita
1650 1006 1723 1049 ex
1768 988 2213 1066 tragoediarum
2244 986 2607 1050 Graecarum

366 1107 581 1166 magno
626 1106 873 1151 numero
917 1090 1063 1149 nihil
1109 1110 1243 1151 eum
1294 1091 1527 1168 legisse,
1575 1092 1685 1151 nisi
1720 1091 2020 1169 Aeschyli,
2063 1090 2391 1169 Sophoclis,
2435 1091 2609 1152 Euri-

364 1190 517 1269 pidis
561 1190 796 1252 fabulas
851 1191 1049 1252 dicere
1098 1211 1218 1253 non
1268 1192 1506 1271 dubito;
1565 1212 1701 1253 nam
1745 1212 1822 1254 ne
1877 1211 2096 1254 nomen
2142 1192 2382 1271 quidem
2429 1193 2608 1254 ullius

364 1293 518 1354 alius
564 1295 774 1372 tragici
834 1293 1082 1372 profert.
1171 1294 1331 1370 Quid
1379 1300 1576 1355 autem
1635 1295 1708 1356 de
1754 1295 1873 1356 illis
1921 1296 2321 1374 judicaverit,
2380 1296 2463 1355 ita
2507 1314 2605 1356 ex·

362 1396 623 1456 aminare
666 1397 727 1457 in
773 1398 968 1457 animo
1014 1401 1121 1469 est,
1174 1402 1240 1457 ut
1282 1397 1535 1474 primum
1585 1398 1860 1475 neglecto
1910 1397 2229 1476 Aeschylo,
2273 1398 2446 1476 cujus
2491 1403 2606 1459 tra·

362 1498 594 1575 goediis
640 1499 912 1577 legendis
957 1499 1242 1560 minorem
1276 1517 1410 1559 eum
1458 1499 1693 1561 dedisse
1732 1519 1977 1577 operam
2022 1505 2230 1579 postea
2259 1500 2609 1579 videbimus,

361 1619 738 1678 quaeramus,
772 1606 970 1662 utrum
995 1602 1293 1680 Sophocle
1323 1621 1402 1662 an
1427 1602 1711 1680 Euripide
1742 1603 1931 1681 magis
1961 1602 2242 1663 videatur
2276 1591 2608 1663 delectatus

364 1721 515 1764 esse.
591 1704 742 1766 Sunt
771 1703 925 1765 enim
960 1722 1229 1783 caussae,
1273 1705 1492 1782 quibus
1523 1704 1655 1776 hoc,
1701 1709 1859 1783 sunt,
1903 1705 2123 1782 quibus
2153 1703 2297 1765 illud
2331 1705 2607 1765 videatur

360 1805 625 1884 probari,
690 1810 750 1867 et
794 1825 868 1867 ex
914 1805 1060 1867 viris
1119 1807 1311 1869 doctis
1355 1807 1450 1867 alii
1513 1807 1689 1867 aliter
1751 1806 1826 1867 de
1871 1808 1985 1867 hac
2044 1825 2108 1867 re
2158 1807 2607 1885 judicaverunt.

360 1909 411 1968 J.
474 1927 589 1968 van
639 1908 878 1969 Heusde
927 1910 1079 1970 enim
1127 1909 1161 1968 l.
1210 1911 1262 1982 l.,
1308 1914 1629 1986 postquam
1690 1927 1828 1987 pag.
1861 1911 1941 1970 28
2000 1909 2060 1969 in
2121 1909 2460 1969 universum
2520 1910 2605 1969 sic

352 2008 682 2088 judicavit:
750 2009 1046 2083 „(Gicero)
1094 2012 1477 2089 Aeschylum,
1540 2010 1920 2088 Sophoclem,
1973 2010 2318 2088 Euripidem
2367 2011 2606 2073 assidua

365 2111 619 2173 lectione
663 2111 1005 2190 tractavit“,
1061 2132 1198 2191 pag.
1231 2117 1314 2175 30
1355 2114 1438 2174 ita
1481 2115 1707 2191 pergit:
1770 2113 2091 2188 „Quamvis
2149 2118 2345 2174 autem
2394 2113 2603 2175 Cicero

363 2216 419 2275 in
465 2215 768 2293 Aeschylo
832 2215 945 2275 vim
993 2216 1280 2293 tragicam
1342 2215 1752 2275 admirabatur
1811 2234 2069 2292 eumque
2112 2214 2190 2274 ad
2250 2215 2601 2277 imitandum

361 2317 472 2376 sibi
517 2318 915 2396 proponebat,
961 2320 1161 2377 tamen
1208 2316 1510 2395 Euripidi,
1568 2317 1642 2378 de
1688 2336 1869 2378 scena
1912 2317 2300 2396 philosopho,
2355 2322 2603 2397 propter

363 2419 642 2499 majorem
709 2421 933 2499 ingenii
995 2419 1470 2500 similitudinem,
1529 2439 1686 2499 quae
1746 2420 1859 2499 ipsi
1923 2439 2056 2481 cum
2120 2420 2254 2497 illo,
2308 2424 2376 2480 nt
2428 2425 2608 2482 antea

361 2523 593 2583 Platoni
639 2523 1077 2602 intercedebat,
1143 2522 1515 2602 praeclaram
1563 2541 1809 2601 operam
1858 2524 2151 2584 navavit.
2181 2568 2197 2585 .
2228 2569 2243 2586 .
2274 2524 2422 2585 tanti
2468 2542 2604 2584 eum

361 2623 576 2686 fecisse
605 2626 912 2704 putandus
947 2623 1064 2704 est,
1111 2631 1174 2686 ιιι
1220 2625 1294 2686 ad
1326 2626 1614 2687 Tironem
1660 2626 1929 2687 scribens
1970 2625 2295 2687 affirmaret
2338 2626 2608 2704 singulos

367 2728 675 2806 Euripidis
706 2747 920 2791 versus
953 2729 1195 2808 singula
1224 2729 1563 2790 testimonia
1595 2746 1660 2788 se
1692 2727 2085 2790 existimare.“
2123 2728 2224 2798 (cf.
2246 2727 2321 2789 ad
2350 2729 2487 2789 fam.
2514 2733 2611 2806 16,

365 2837 421 2908 8,
452 2829 535 2903 2).
580 2832 715 2907 Quo
748 2833 879 2893 loco
912 2833 1021 2892 etsi
1040 2832 1406 2909 Aeschylum
1441 2836 1670 2892 tantum
1704 2835 1765 2891 et
1787 2830 2134 2910 Euripidem
2167 2830 2607 2909 quodammodo

362 2934 517 2993 inter
577 2953 640 2992 se
687 2937 1018 3012 comparat,
1075 2933 1150 2993 de
1193 2933 1496 3011 Sophocle
1541 2938 1766 3004 autem,
1826 2933 2031 2993 nescio
2078 2951 2199 3010 qua
2242 2932 2320 2993 de
2375 2950 2607 3010 caussa,

361 3035 508 3095 nihil
552 3035 809 3112 profert,
856 3039 1053 3095 tamen
1105 3034 1239 3095 talis
1286 3040 1378 3095 est
1420 3034 1607 3095 totius
1651 3034 1765 3094 loci
1812 3032 2075 3094 conditio
2121 3052 2192 3094 ac
2238 3039 2479 3104 natura,
2539 3038 2605 3094 ut

364 3137 620 3198 dubitari
684 3156 801 3198 non
866 3138 1080 3215 possit,
1140 3138 1285 3214 quin
1331 3137 1385 3198 J.
1429 3156 1545 3197 van
1594 3136 1838 3198 Heusde
1899 3137 2205 3213 putaverit
2260 3135 2602 3214 Euripidem

358 3240 618 3300 omnium
662 3240 1023 3317 tragicorum
1057 3258 1350 3301 summum
1396 3259 1434 3300 a
1464 3238 1754 3300 Cicerone
1801 3257 1933 3300 esse
1968 3238 2324 3317 judicatum.
2413 3238 2603 3300 Idem-

357 3361 477 3420 que
538 3343 611 3404 de
673 3343 785 3403 hac
844 3360 912 3402 re
969 3344 1280 3403 Drumann
1342 3342 1601 3404 sensisse
1661 3341 1923 3413 videtur,
1985 3340 2131 3401 dicit
2189 3342 2343 3403 enim
2389 3342 2427 3401 l.
2464 3341 2499 3400 l.
2536 3343 2603 3421 V,

356 3466 414 3524 p.
447 3449 570 3509 223
630 3445 977 3506 brevissime
1022 3446 1135 3506 ita:
1212 3437 1572 3518 „Daneben“
1618 3443 1834 3517 (neben
1879 3444 2127 3517 Homer)
2172 3443 2456 3523 „wurden
2505 3442 2602 3504 dio

356 3548 772 3625 griechischen
833 3547 1135 3627 'Pragiker
1198 3548 1362 3609 nicht
1424 3565 1782 3626 vergessen,
1857 3566 1923 3608 er
1984 3546 2265 3609 bediente
2325 3547 2454 3608 sich
2516 3545 2605 3608 oft

355 3651 518 3711 ihrer
562 3651 789 3729 Worte,
835 3651 1158 3729 Euripides
1205 3651 1439 3712 scheint
1482 3651 1586 3711 ibn
1633 3650 1981 3728 vorznglich
2026 3650 2480 3730 angesprochen
2527 3668 2602 3710 zu

526 3849 600 3916 ω)
635 3846 717 3902 Ne
753 3845 887 3916 quid
924 3852 1131 3902 temere
1167 3846 1424 3902 omisisse
1449 3845 1660 3914 videar,
1695 3846 1799 3901 hoc
1832 3846 2030 3901 addam
2054 3844 2355 3901 Rhintonis
2378 3860 2603 3916 qnoque

354 3933 538 3989 locum
582 3933 734 4002 apud
772 3932 1093 3988 Ciceronem
1144 3938 1382 3988 exstare.
1451 3930 1610 3986 Dicit
1643 3931 1789 3987 enim
1824 3931 1897 3986 ad
1932 3933 2059 3987 Att.
2102 3936 2142 4001 Ι,
2179 3936 2262 4000 20,
2297 3937 2352 3986 3:
2415 3930 2601 3999 „Nam,

358 4024 421 4073 ut
454 4018 535 4073 ait
567 4016 830 4086 Rhinton,
865 4023 930 4072 ut
963 4015 1188 4086 opinor:

786 4098 852 4158 Οἱ
883 4100 995 4172 μὲν
1028 4096 1165 4174 παρ’
1201 4096 1369 4159 οὐδέν
1407 4098 1533 4172 εἰσι,
1569 4109 1691 4167 τοῖς
1726 4093 1948 4159 δὀὖδὲν
1980 4096 2169 4170 μέλεαι

355 4204 498 4258 quae
537 4189 705 4246 verba
738 4206 850 4245 non
887 4189 1064 4245 solum
1098 4205 1208 4244 uon
1232 4188 1541 4246 ostendunt
1575 4203 1700 4244 eum
1727 4187 1893 4259 hujus
1918 4194 2115 4258 poetae
2138 4184 2354 4242 fabulas
2377 4185 2601 4255 legisse,

356 4274 456 4328 sed
492 4274 670 4344 magis
705 4275 777 4329 ad
812 4275 1144 4329 contrariam
1181 4275 1516 4330 seutentiam
1552 4274 1885 4343 perducunt.
