3166 4871
895 344 979 402 De
1014 347 1218 402 nomin.
1253 345 1313 401 in
1347 364 1511 412 -αιος,
1580 346 1614 416 ξ
1650 342 1733 401 65.
2354 350 2472 412 169

236 508 533 583 εὐδιαῖον
564 530 856 603 naturam,
884 544 1060 602 quam
1093 524 1374 602 deinceps
1404 525 1841 604 intellegemus,
1886 529 1947 585 et
1977 524 2139 602 quod
2167 519 2475 604 χείμαρος

237 627 386 687 idem
417 628 777 689 vocabulum
807 628 1049 689 videtur
1087 645 1218 688 esse
1250 632 1432 706 atque
1473 616 1889 706 χειμάρρους,
1937 628 2097 704 quod
2129 646 2473 705 quanquam
2519 669 2537 686 .

235 730 594 807 plerumque
637 736 958 791 torrentem
1004 730 1318 809 signifieat,
1364 736 1560 790 tamen
1609 732 1784 790 etiam
1832 729 1906 790 de
1952 731 2113 790 inoili
2144 731 2239 790 vel
2271 731 2475 790 oloaea

236 832 660 911 usurpabatur.
690 832 765 892 of.
796 834 964 895 Dem.
992 834 1054 892 in
1079 832 1302 894 Gallici.
1333 828 1511 891 1277.
1571 833 1702 892 Hae
1726 830 2157 908 significatione
2183 817 2475 902 εὐδιαῖος

236 935 408 995 etiam
454 935 535 995 de
585 935 852 1015 eorporis
895 935 1138 995 humani
1186 935 1354 1012 quasi
1399 935 1679 995 incilibus
1714 922 1934 994 dietum
1969 939 2060 994 est
2091 936 2246 995 Plut.
2275 936 2474 1013 Symp.

236 1038 496 1115 qu.V11‚
535 1037 588 1115 1,
618 1033 675 1116 3,
719 1032 842 1095 699
865 1039 916 1098 F
961 1030 1018 1096 εἰ
1045 1026 1170 1115 γὰρ
1202 1023 1239 1095 ὃ
1272 1025 1601 1114 στόμαχος
1631 1020 1763 1114 ἅμα
1792 1032 1892 1114 τῷ
1925 1030 2115 1114 σιτίῳ
2144 1026 2226 1095 τὸ
2254 1028 2475 1096 ποτὸν

234 1122 690 1217 ἀναλαμβάνει
733 1134 846 1198 καὶ
889 1135 970 1216 τῇ
1013 1133 1239 1220 κοιλίᾳ
1281 1130 1768 1216 παραδίδωσιν,
1813 1122 2016 1197 ου’δὲν
2046 1131 2223 1198 ἰδίου
2253 1129 2476 1219 πόρου

237 1240 341 1315 (so.
382 1242 594 1303 vesica
636 1242 962 1319 fistulaque
1008 1238 1251 1314 urinali)
1303 1235 1515 1299 δεῖται
1558 1231 1639 1299 τὸ
1683 1235 2071 1319 περίττωμα
2113 1238 2233 1321 τῆς
2276 1230 2476 1321 υγρᾶς

236 1340 529 1424 τροφῆς,
576 1329 742 1403 ἀλλὰ
785 1332 876 1415 εἷς
919 1328 1112 1422 ἀρκεῖ
1149 1338 1262 1402 καὶ
1305 1332 1536 1413 κοινὸς
1579 1327 1809 1422 ὥσπερ
1857 1327 2147 1413 ευδιαῖος
2192 1328 2476 1422 ἀμφοτέ-

235 1462 368 1524 ροις
427 1439 522 1517 εἰς
583 1431 791 1506 ταύτὰ
846 1435 955 1506 διὰ
996 1431 1251 1506 ταύτοῦ
1297 1438 1867 1524 εἰςκομιζομένοις.
1962 1447 2253 1523 Hesyoha
2308 1432 2476 1506 εὐδί-

238 1562 425 1608 αιον·
485 1538 572 1607 τὸ
630 1555 1016 1627 γυναικεῖον
1072 1538 1345 1628 μόριον·
1408 1532 1543 1606 ἀπὸ
1603 1544 1745 1607 τῶν
1804 1541 1878 1607 ἐν
1934 1554 2079 1619 τοῖς
2136 1532 2372 1621 ὅπλοις
2416 1549 2481 1625 (1.

245 1645 533 1723 πλοίοις)
579 1645 958 1729 γινομένων
999 1640 1359 1731 τρημάτων
1404 1639 1514 1708 διὰ
1553 1639 1718 1720 τούς
1761 1635 2074 1729 ὄμβρους·
2129 1642 2195 1710 οὶ
2240 1645 2313 1710 δὲ
2356 1642 2482 1712 τὸν

240 1742 534 1864 βρόκτον
578 1752 645 1828 (1.
685 1742 1072 1832 πρωκτόν),
1127 1738 1168 1832 ἢ
1227 1742 1350 1810 τὸν
1389 1747 1754 1832 χείμαρρον
1807 1742 2360 1832 ἐπιφημιζόμενοι
2417 1753 2480 1829 (l.

241 1839 801 1935 εὖφημιζόμενοι).
911 1856 1187 1932 Denique
1248 1856 1494 1915 Festus·
1562 1855 1951 1933 „Eudiaeon‚
2010 1855 2230 1916 lineum
2299 1856 2482 1934 filum,

239 1957 392 2035 quod
441 1957 660 2019 medici
705 1961 969 2018 extremo
1012 1958 1074 2017 in
1114 1957 1398 2034 clysterio
1438 1957 1805 2035 relinquunt,
1849 1975 1959 2035 per
1998 1958 2158 2034 quod
2191 1948 2482 2036 κλυσμός

241 2060 584 2121 emittitur.“
628 2088 716 2100 —
758 2060 940 2120 Hisce
983 2059 1128 2120 loeis
1172 2058 1460 2136 efficitur,
1519 2044 1813 2130 εὐδιαῖος
1858 2061 2099 2138 proprie
2142 2059 2483 2137 significare

249 2162 418 2239 quasi
462 2161 770 2239 quoddam
816 2162 1201 2239 emissarium,
1242 2163 1452 2222 tubum
1495 2162 1595 2222 vel
1636 2161 1908 2237 fistulam,
1951 2181 2062 2240 per
2105 2180 2284 2239 quam
2328 2181 2488 2239 aqua

243 2264 336 2322 vel
377 2264 535 2325 alius
584 2264 783 2340 liquor
825 2265 1130 2324 emittitur.
1217 2265 1309 2323 De
1353 2264 1685 2339 veriloquio
1729 2264 1910 2324 silent
1951 2264 2338 2344 grammatici,
2381 2284 2486 2325 ex·

245 2370 413 2444 eepto
458 2365 780 2446 Bonfeyio,
824 2367 977 2426 Wzl.
1007 2366 1081 2445 ΙΙ,
1109 2362 1252 2425 207.
1341 2366 1459 2441 Qui
1503 2385 1690 2445 quum
1736 2370 1898 2427 reete
1943 2369 2154 2445 neget,
2200 2367 2339 2427 huie
2382 2387 2485 2428 vo-

244 2470 447 2531 cabulo
493 2489 634 2531 oum
681 2454 869 2529 εὐδία
913 2470 1240 2547 quidquam
1286 2487 1418 2531 esse
1464 2471 1568 2548 rei,
1615 2489 1734 2531 non
1781 2475 1872 2531 est
1917 2471 2276 2550 laudandus,
2321 2451 2483 2548 quod

245 2573 568 2647 particulas
613 2550 688 2630 εὖ
732 2577 795 2632 et
837 2561 947 2630 διά
1005 2573 1333 2648 composita
1389 2576 1566 2650 putat
1621 2573 1719 2632 vel
1776 2591 1909 2633 eum
1970 2573 2096 2633 rad.
2157 2588 2228 2631 as
2277 2574 2486 2651 jacere

245 2671 442 2751 (quam
489 2675 557 2734 in
601 2674 786 2734 verbo
831 2666 969 2754 Ῡημι
1014 2692 1146 2734 esse
1191 2676 1383 2752 putat,
1427 2674 1589 2751 quod
1620 2675 1845 2735 rectius
1877 2673 2119 2736 Curtius
2150 2676 2241 2734 Et.
2272 2694 2328 2735 n.
2360 2672 2483 2732 615

245 2776 315 2836 ad
359 2777 488 2837 rad.
518 2777 604 2849 ja
645 2793 721 2836 ex
764 2777 788 2835 i
832 2781 1030 2856 natam
1075 2772 1369 2853 revocat),
1428 2777 1530 2836 vel
1582 2795 1715 2836 eum
1762 2776 1889 2837 rad.
1934 2778 1957 2835 i
2000 2779 2105 2837 ire.
2191 2778 2333 2840 Mihi
2383 2762 2484 2836 εὖ·

247 2873 462 2938 διαῖον
509 2897 590 2939 ex
633 2878 762 2938 sola
804 2879 1249 2957 praepositione
1297 2867 1405 2937 διά
1449 2896 1585 2940 eum
1631 2858 1704 2937 εὖ
1751 2880 2077 2956 composita
2138 2884 2341 2939 natum
2401 2881 2484 2939 vi-

248 2979 421 3041 detur
463 2981 546 3041 ad
592 2978 1045 3057 significandum
1092 2981 1150 3041 id
1199 2980 1360 3056 quod
1412 2981 1566 3041 bene
1621 2981 1981 3059 transmittit,
2041 2986 2107 3042 ut
2149 2982 2486 3060 supplenda

246 3083 320 3142 sit
363 3085 532 3144 notio
578 3083 842 3143 verbalis
885 3083 1043 3143 sieut
1085 3083 1144 3142 in
1190 3077 1534 3153 διανταῖος
1578 3084 1915 3161 suppletur.

408 3190 808 3264 κρυφαῖος
852 3183 1157 3262 occultus,
1202 3183 1641 3262 clandestinus,
1687 3185 1860 3245 Pind.
1904 3187 2043 3264 Att„
2085 3189 2193 3245 aut
2234 3187 2310 3247 ab
2354 3186 2487 3264 ipso

248 3287 423 3349 verbo
473 3274 760 3366 κρύπτω
803 3290 1006 3363 potest
1049 3287 1380 3346 derivatum
1426 3304 1588 3364 esse,
1645 3290 1712 3346 ut
1755 3276 2072 3366 κρύφιος,
2120 3291 2223 3348 aut
2266 3288 2343 3349 ab
2387 3289 2488 3349 ad-

248 3391 469 3468 verbio,
512 3389 642 3449 sive
671 3386 919 3468 κρυφῆ,
963 3406 1083 3465 quo
1113 3388 1410 3449 Pindarus
1440 3393 1498 3449 et
1526 3389 1745 3466 tragici
1780 3395 2044 3469 utuntur,
2088 3391 2215 3451 sive
2245 3380 2492 3470 κρύφᾶ,

251 3493 405 3567 quod
451 3492 866 3570 prosaieorum
910 3492 1228 3551 atticorum
1276 3495 1381 3551 est.
1413 3511 1420 3518 ·

415 3592 815 3672 λαθραῖος
857 3593 1008 3671 Att„
1059 3612 1096 3653 a
1139 3582 1389 3672 λάθρᾶ,
1430 3593 1549 3653 ion.
1596 3581 1853 3674 λάθρη,
1898 3594 2060 3672 quod
2105 3595 2182 3654 ab
2230 3596 2490 3657 Homero

253 3695 379 3757 inde
423 3699 712 3758 usitatum
759 3699 866 3756 est.

413 3804 752 3877 περαῖος
796 3798 909 3875 Ap.
938 3798 1051 3859 Rh.
1082 3798 1244 3876 quod
1290 3802 1456 3858 trans
1499 3816 1663 3858 mare
1708 3798 1805 3858 vel
1848 3797 2094 3859 fluvium
2127 3817 2201 3859 ex
2235 3800 2491 3862 adverso

253 3905 367 3977 θεὶς
430 3888 473 3979 ἡ
535 3894 833 3980 περαὶα
892 3905 1058 3961 terra
1122 3900 1184 3959 in
1249 3900 1441 3960 altera
1497 3900 1679 3959 maris
1735 3901 1836 3959 vel
1896 3901 2154 3961 fluminis
2214 3920 2321 3962 ora
2378 3904 2495 3963 sita

256 4002 388 4063 Hdt.
416 4004 535 4065 Str.
566 4003 699 4063 Pol.
773 4003 927 4063 Hine
955 3997 1349 4079 περαίοθεν,
1392 3990 1695 4078 περαιόω
1726 4002 1899 4063 Ηοιιι.
1928 4002 2068 4080 Att„
2109 3999 2491 4081 περαίωσις.

257 4101 312 4163 Α
352 4099 573 4185 πέρᾶν
629 4097 885 4184 πέρην,·
943 4104 1017 4165 ef.
1073 4098 1280 4183 πέρᾶ,
1338 4093 1591 4183 περάω.
1644 4134 1719 4148 σ-
1760 4087 2279 4185 οἷντιπέραιος
2321 4107 2495 4166 Ηοιιι.

256 4211 313 4266 et
338 4208 411 4268 al.
440 4210 516 4270 ab
549 4191 944 4286 οἷντιπέρᾶν,
990 4191 1380 4286 ἀντιπέρην,
1427 4190 1776 4286 ἀντιπέραρ
1821 4190 2198 4285 ἄντιπέρᾶς,
2244 4205 2317 4267 ef.
2347 4191 2494 4264 κατ’

257 4292 612 4390 ἀντιπέρας
657 4313 720 4369 et
767 4293 910 4367 κατ’
955 4294 1338 4388 ἀντιπέραν.

1991 4417 2088 4469 11·
