3166 4871
2551 315 2622 377 11

389 491 756 568 temporibus
811 490 1158 551 discessisse
1202 490 1359 551 iuter
1404 509 1468 550 se
1522 490 1824 552 homiuum
1880 490 2226 565 sententias,
2269 493 2466 550 utrum
2514 491 2628 567 Py·

392 593 516 653 thia
560 593 737 653 etiam
783 594 918 653 aliis
964 593 1168 653 metris
1212 596 1396 670 atque
1442 595 1790 654 hexametro
1837 610 1947 652 usa
1990 596 2149 653 esset
2195 610 2415 669 necne,
2459 592 2630 652 intel-

346 752 352 759 .
388 696 605 773 legitur
659 714 734 755 ex
780 696 1036 756 scholiis
1080 694 1159 755 ad
1206 696 1625 774 Aristophanis
1670 694 1911 756 nubium
1957 714 2015 754 v.
2070 691 2205 771 144,
2262 694 2360 754 ubi
2405 694 2484 755 ad
2530 713 2632 757 no·

389 798 675 859 tissimum
718 798 869 859 illud

693 890 903 975 σοφὸς
948 898 1335 978 Σοφοκλῆς,
1382 888 1769 979 σοφώτερος
1813 884 1874 959 δ’
1919 884 2305 978 Εὐριπίδης,

693 986 965 1078 ἀνδρῶν
1012 996 1081 1062 δὲ
1130 992 1414 1062 πάντων
1458 991 1835 1081 Σωκράτης
1883 990 2279 1076 σοφώτατος

389 1106 535 1164 haec
600 1104 885 1165 adnotata
948 1112 1110 1165 sunt:
1186 1102 1435 1164 τοῦτον
1502 1095 1652 1177 (τὸν
1712 1094 2034 1183 χρησμὸν)
2081 1089 2527 1174 Ἀπολλώνιος
2592 1123 2630 1165 ο

390 1196 645 1266 Μόλων
690 1199 789 1264 ἐν’
817 1203 913 1284 τῷ
960 1196 1129 1265 κατὰ
1173 1197 1576 1282 φιλοσόᾳων
1636 1200 1968 1282 ἐψεῦσθαί
2022 1218 2182 1286 φησι
2231 1219 2243 1231 ·
2290 1196 2451 1276 τοίς
2510 1198 2631 1285 γὰρ

390 1298 737 1378 Πυθικοὺς
766 1298 1099 1387 χρησμούς
1132 1300 1530 1388 ἑξαμέτρους
1573 1298 1758 1368 εἶναι.
1851 1311 1989 1370 Duo
2024 1308 2239 1369 deinde
2273 1309 2631 1371 scholiastae

387 1412 462 1470 ab
495 1430 566 1472 eo
598 1411 914 1473 dissentire
953 1430 1017 1472 se
1059 1412 1228 1472 aiunt
1260 1412 1581 1489 allatisque
1619 1412 1906 1490 exemplis
1940 1412 2331 1489 comprobare
2370 1412 2631 1489 student,

389 1520 627 1589 praeter
662 1514 1039 1574 hexametros
1074 1519 1134 1574 et
1171 1532 1406 1592 prosam
1446 1514 1776 1574 orationem
1820 1514 1991 1575 etiam
2037 1514 2323 1574 trimetris
2357 1514 2631 1590 Pythiam

389 1634 519 1676 esse
545 1634 727 1694 usam,
756 1617 1026 1694 alterque
1057 1634 1263 1677 eorum
1301 1634 1494 1694 usque
1526 1617 1604 1676 ad
1642 1635 1812 1676 suam
1851 1620 2107 1677 aetatem
2132 1617 2217 1676 ita
2237 1616 2424 1677 fuisse
2446 1616 2631 1677 addit.

387 1721 455 1779 ln
479 1718 729 1779 eandem
763 1721 1115 1780 sententiam
1144 1718 1418 1779 Wolffins
1438 1717 1480 1787 ¹)
1512 1726 1573 1779 et
1603 1737 1795 1796 nuper
1829 1718 2132 1795 Bergkius
2151 1716 2198 1791 2)
2228 1713 2632 1796 disputarunt.

559 1821 880 1882 Videamus
922 1823 1106 1899 igitur
1153 1830 1348 1882 utrum
1395 1819 1780 1882 statuendum
1828 1821 1999 1882 nobis
2043 1822 2120 1881 sit
2162 1822 2338 1882 etiam
2384 1840 2457 1881 ea
2502 1841 2628 1881 ora·

388 1925 551 2000 cula,
611 1942 766 2001 quac
824 1924 1104 1985 trimetris
1162 1924 1430 1985 iambicis
1490 1923 1853 2001 procedunt,
1911 1925 2173 2000 genuina.
2231 1941 2364 1983 esse
2425 1942 2632 1983 necue.

389 2026 503 2087 Sed
549 2034 871 2104 antequam
919 2027 995 2087 ad
1041 2027 1227 2104 ipsam
1273 2027 1429 2087 hanc
1474 2027 1884 2103 quaestionem
1923 2025 2267 2103 adgredior,
2310 2024 2630 2086 dicendum

390 2134 480 2187 est
537 2148 742 2189 eorum
802 2129 1197 2207 oraculorum,
1255 2148 1413 2206 quac
1474 2134 1614 2206 post
1671 2127 2050 2205 Apollonium
2111 2128 2409 2188 Molonem
2471 2127 2631 2187 edita

390 2230 692 2308 feruntur,
758 2232 943 2292 veluti
999 2232 1227 2292 Neroni
1298 2231 1605 2292 Hadriano
1665 2230 1796 2291 aliis
1854 2230 2192 2308 permultis,
2255 2230 2474 2290 nnllam
2539 2249 2632 2290 me
2675 2268 2686 2275 ·

390 2331 609 2395 habere
667 2335 957 2395 rationem
1005 2334 1398 2411 consultoque
1447 2353 1520 2394 ea
1571 2335 1634 2393 in
1693 2332 2082 2410 sequentibus
2137 2334 2632 2410 praetermittere.

388 2438 543 2497 Nam
586 2438 845 2515 posteris
889 2437 1258 2515 temporibus
1305 2452 1423 2496 non
1456 2435 1631 2497 modo
1664 2437 1965 2500 trimetros
1997 2434 2279 2495 iambicos
2308 2434 2413 2495 sed
2444 2437 2628 2496 etiam

389 2539 723 2600 trochaicos
780 2543 1163 2600 tetrametros
1217 2538 1593 2616 distichaque
1648 2539 1916 2616 elegiaca
1970 2543 2211 2616 praeter
2257 2538 2634 2599 hexametros

390 2645 679 2719 usurpata
724 2660 875 2720 esse,
918 2643 1048 2703 sine
1094 2642 1216 2703 ulla
1260 2641 1631 2703 dubitatione
1678 2640 2125 2702 concedendum
2171 2645 2337 2719 puto.
2350 2639 2396 2710 ³)

562 2746 814 2805 Praeter
858 2763 949 2823 es,
1008 2745 1081 2805 de
1135 2744 1354 2820 quibus
1400 2762 1585 2821 supra
1646 2743 1769 2803 dixi
1825 2743 2074 2804 oracula
2133 2741 2231 2814 (cf.
2279 2762 2336 2820 p.
2367 2741 2453 2820 6),
2511 2761 2630 2819 my-

388 2848 585 2906 thicae
635 2848 847 2907 aetatis
900 2847 1062 2926 apud
1103 2847 1281 2906 Arist.
1326 2847 1515 2906 schol.
1559 2846 1699 2906 nub.
1751 2843 1866 2902 144
1922 2847 2035 2906 hoc
2081 2848 2300 2923 exstat,
2356 2844 2432 2905 de
2493 2863 2632 2922 qu0,

394 2967 754 3026 quamquam
800 2950 1153 3028 Delphicum
1201 2968 1320 3008 non
1367 2954 1472 3024 cst,
1516 2966 1714 3025 pauca
1758 2947 1973 3007 dicam:
2231 2959 2242 2970 ·

764 3037 803 3109 ὅ
847 3040 1171 3129 βούλομαι
1217 3040 1351 3123 δός,
1394 3040 1483 3127 μή
1531 3044 1726 3108 δίδου
1774 3034 1833 3106 ‹5'
1879 3035 1916 3107 ὃ
1962 3039 2049 3128 μὴ
2099 3043 2310 3122 θέλω,

389 3152 861 3231 adnotatumque
905 3153 1207 3215 videmus:
1253 3146 1326 3212 ἐν
1372 3146 1612 3229 Λέσβῳ
1658 3146 1726 3210 ὀὶ
1777 3145 2093 3210 Ναπαὶου
2119 3135 2549 3220 Audiamus
2595 3138 2632 3209 ὃ

391 3250 619 3325 (δοθεὶς
681 3250 938 3315 Πέλοπι
1001 3243 1375 3335 (χρησμός),
1449 3248 1805 3323 αἰτοῦντος
1865 3238 2074 3311 αὐτὸν
2134 3237 2450 3332 ἀνάθημα
2505 3250 2632 3329 τοῦ

394 3355 561 3418 θεοῦ
633 3349 758 3436 τὴν
827 3344 996 3435 ἄρνα
1061 3347 1185 3437 τὴν
1287 3354 1565 3437 χρυσῆν,
1629 3348 1822 3436 ἕτερα
1882 3349 2250 3435 παρέχοντι
2305 3344 2632 3434 κειμήλια.
2686 3385 2694 3391 ·

567 3523 607 3585 ¹)
644 3514 907 3578 Wolffius
957 3519 1012 3574 in
1062 3520 1202 3576 libro
1238 3520 1308 3575 de
1344 3519 1640 3588 Porphyrii
1687 3519 1938 3589 reliquiis
1975 3536 2030 3589 p.
2056 3525 2150 3574 89:
2187 3527 2250 3572 nt
2293 3518 2400 3572 iam
2439 3518 2634 3586 paucis

394 3604 840 3673 complectamur,
878 3621 1020 3674 quae
1065 3606 1351 3662 invenisse
1398 3605 1564 3664 nobis
1617 3604 1873 3662 videmur
1917 3610 2136 3672 praeter
2184 3602 2534 3660 hexametros
2579 3611 2638 3660 et

391 3689 695 3745 orationem
732 3690 971 3745 solutam
994 3691 1326 3760 Delphicum
1363 3690 1646 3745 oraculum
1685 3690 1850 3746 etism
1887 3689 2158 3746 trimetris
2187 3688 2437 3743 iambicis
2472 3699 2633 3744 usum

391 3785 479 3828 est
513 3775 697 3844 iisque
734 3791 846 3831 non
881 3781 1095 3830 tantum
1132 3776 1445 3844 posteriore
1479 3783 1692 3830 aetate.
1765 3777 1934 3832 certa
1968 3773 2136 3829 huius
2185 3775 2347 3829 metri
2383 3775 2636 3844 exempla

393 3867 528 3913 sunt
560 3876 827 3915 annorum
865 3858 983 3915 fere
1019 3860 1450 3929 quingentesimi
1489 3867 1547 3915 et
1582 3858 2120 3930 quadringentesimi
2156 3874 2204 3914 a.
2230 3858 2357 3915 Chr.
2384 3867 2440 3914 et
2473 3857 2635 3927 primi

393 3946 698 4000 secundive
735 3946 945 4001 saeculi
979 3962 1034 4015 p.
1061 3945 1188 4001 Chr.

562 4033 609 4098 2)
640 4031 924 4100 Bergkius
967 4031 1026 4085 in
1074 4030 1379 4086 litterarum
1423 4045 1746 4099 graecarum
1785 4030 1911 4085 hist.
1936 4047 1991 4099 p.
2017 4035 2143 4086 336:
2185 4030 2320 4092 ..das
2357 4025 2638 4097 elegische

395 4114 672 4170 distichon
724 4133 838 4171 war
891 4115 1045 4171 nicht
1100 4115 1314 4183 iiblich,
1371 4117 1477 4170 wol
1531 4116 1668 4171 aber
1719 4115 1950 4171 bedient
2003 4114 2124 4171 sich
2172 4114 2263 4172 die
2299 4112 2504 4185 Pythis
2538 4111 2637 4170 der

397 4199 624 4268 ismben‚
660 4202 967 4258 besonders
1004 4216 1161 4256 wenn
1198 4200 1281 4256 sie
1318 4200 1435 4257 sich
1472 4200 1617 4256 kurz
1652 4199 1839 4258 fassen
1875 4201 2036 4258 will:-

567 4288 612 4353 ³)
644 4285 715 4339 cf.
754 4286 938 4342 Wolff.
977 4284 1247 4357 Porphyr.
1270 4302 1325 4356 p.
1354 4291 1416 4340 70
1436 4301 1565 4358 sqq.
1609 4309 1621 4321 ·
