<?xml version="1.0" encoding="UTF-8"?>
<!DOCTYPE html PUBLIC "-//W3C//DTD XHTML 1.0 Transitional//EN"
    "http://www.w3.org/TR/xhtml1/DTD/xhtml1-transitional.dtd">
<html xmlns="http://www.w3.org/1999/xhtml" xml:lang="en" lang="en">
 <head>
  <title>
</title>
<meta http-equiv="Content-Type" content="text/html;charset=utf-8" />
  <meta name='ocr-system' content='tesseract 3.04.00' />
  <meta name='ocr-capabilities' content='ocr_page ocr_carea ocr_par ocr_line ocrx_word'/>
</head>
<body>
  <div class='ocr_page' id='page_1' title='image "./dissertationesp00hallgoog_0225.png"; bbox 0 0 3166 4871; ppageno 0'>
   <div class='ocr_carea' id='block_1_1' title="bbox 1036 271 2574 344">
    <p class='ocr_par' dir='ltr' id='par_1_1' title="bbox 1036 271 2574 344">
     <span class='ocr_line' id='line_1_1' title="bbox 1036 271 2574 344; baseline 0.011 -18"><span class='ocrx_word' id='word_1_1' title='bbox 1036 271 1116 326; x_wconf 88' lang='lat' dir='ltr'><strong>De</strong></span> <span class='ocrx_word' id='word_1_2' title='bbox 1154 273 1356 337; x_wconf 84' lang='lat' dir='ltr'><strong>nomin.</strong></span> <span class='ocrx_word' id='word_1_3' title='bbox 1393 273 1450 327; x_wconf 89' lang='lat' dir='ltr'><strong>in</strong></span> <span class='ocrx_word' id='word_1_4' title='bbox 1485 292 1651 338; x_wconf 83' lang='grc' dir='ltr'><em>-αιος,</em></span> <span class='ocrx_word' id='word_1_5' title='bbox 1719 275 1751 342; x_wconf 59' lang='grc' dir='ltr'><strong>,ὃ</strong></span> <span class='ocrx_word' id='word_1_6' title='bbox 1788 279 1868 329; x_wconf 77' lang='lat'><strong>72.</strong></span> <span class='ocrx_word' id='word_1_7' title='bbox 2453 281 2574 344; x_wconf 85' lang='lat'><strong>203</strong></span> 
     </span>
    </p>
   </div>
   <div class='ocr_carea' id='block_1_2' title="bbox 320 452 2667 3602">
    <p class='ocr_par' dir='ltr' id='par_1_2' title="bbox 329 452 2667 1143">
     <span class='ocr_line' id='line_1_2' title="bbox 331 452 2575 529; baseline 0.001 -18"><span class='ocrx_word' id='word_1_8' title='bbox 331 470 464 511; x_wconf 84' lang='lat' dir='ltr'><strong>esse</strong></span> <span class='ocrx_word' id='word_1_9' title='bbox 511 452 678 529; x_wconf 81' lang='lat' dir='ltr'><strong>haec,</strong></span> <span class='ocrx_word' id='word_1_10' title='bbox 723 456 788 512; x_wconf 89' lang='lat' dir='ltr'><strong>ut</strong></span> <span class='ocrx_word' id='word_1_11' title='bbox 835 452 1157 513; x_wconf 84' lang='lat' dir='ltr'><strong>vernaculo</strong></span> <span class='ocrx_word' id='word_1_12' title='bbox 1205 457 1340 512; x_wconf 85' lang='lat' dir='ltr'><strong>utar</strong></span> <span class='ocrx_word' id='word_1_13' title='bbox 1383 471 1687 513; x_wconf 76' lang='lat' dir='ltr'>sermone:</span> <span class='ocrx_word' id='word_1_14' title='bbox 1732 454 1847 512; x_wconf 72' lang='lat' dir='ltr'><strong>eei</strong></span> <span class='ocrx_word' id='word_1_15' title='bbox 1882 454 2356 526; x_wconf 77' lang='lat' dir='ltr'><strong>seuchtmarmer</strong></span> <span class='ocrx_word' id='word_1_16' title='bbox 2388 456 2575 513; x_wconf 74' lang='lat' dir='ltr'><strong>wind·</strong></span> 
     </span>
     <span class='ocr_line' id='line_1_3' title="bbox 329 541 2667 630; baseline 0 -18"><span class='ocrx_word' id='word_1_17' title='bbox 329 554 531 613; x_wconf 73' lang='lat' dir='ltr'><strong>stillet·</strong></span> <span class='ocrx_word' id='word_1_18' title='bbox 573 555 921 630; x_wconf 70' lang='lat' dir='ltr'><strong>mittet-unq,</strong></span> <span class='ocrx_word' id='word_1_19' title='bbox 968 555 1094 613; x_wconf 77' lang='lat' dir='ltr'><strong>und</strong></span> <span class='ocrx_word' id='word_1_20' title='bbox 1137 571 1308 613; x_wconf 80' lang='lat' dir='ltr'><strong>menn</strong></span> <span class='ocrx_word' id='word_1_21' title='bbox 1351 558 1530 613; x_wconf 65' lang='lat' dir='ltr'><strong>nii-sse</strong></span> <span class='ocrx_word' id='word_1_22' title='bbox 1573 560 1679 614; x_wconf 71' lang='lat' dir='ltr'><strong>mil</strong></span> <span class='ocrx_word' id='word_1_23' title='bbox 1722 556 2161 616; x_wconf 76' lang='lat' dir='ltr'><strong>sonnenschein</strong></span> <span class='ocrx_word' id='word_1_24' title='bbox 2192 557 2576 629; x_wconf 61' lang='lat' dir='ltr'><strong>ahmam-eh,</strong></span> <span class='ocrx_word' id='word_1_25' title='bbox 2662 541 2667 545; x_wconf 39' lang='lat'><strong>⁴</strong></span> 
     </span>
     <span class='ocr_line' id='line_1_4' title="bbox 329 656 2580 733; baseline 0.001 -18"><span class='ocrx_word' id='word_1_26' title='bbox 329 656 593 715; x_wconf 72' lang='lat' dir='ltr'><strong>schiesst</strong></span> <span class='ocrx_word' id='word_1_27' title='bbox 647 657 750 715; x_wconf 66' lang='lat' dir='ltr'><strong>dle</strong></span> <span class='ocrx_word' id='word_1_28' title='bbox 798 661 937 715; x_wconf 75' lang='lat' dir='ltr'><strong>saal</strong></span> <span class='ocrx_word' id='word_1_29' title='bbox 995 658 1089 715; x_wconf 77' lang='lat' dir='ltr'><strong>ins</strong></span> <span class='ocrx_word' id='word_1_30' title='bbox 1133 656 1346 730; x_wconf 75' lang='lat' dir='ltr'><strong>kraut,</strong></span> <span class='ocrx_word' id='word_1_31' title='bbox 1405 658 1566 716; x_wconf 79' lang='lat' dir='ltr'><strong>mird</strong></span> <span class='ocrx_word' id='word_1_32' title='bbox 1603 658 1750 732; x_wconf 71' lang='lat' dir='ltr'><strong>yelI,</strong></span> <span class='ocrx_word' id='word_1_33' title='bbox 1811 659 1939 733; x_wconf 67' lang='lat' dir='ltr'><strong>und</strong></span> <span class='ocrx_word' id='word_1_34' title='bbox 1993 659 2151 717; x_wconf 80' lang='lat' dir='ltr'><strong>mird</strong></span> <span class='ocrx_word' id='word_1_35' title='bbox 2201 675 2327 717; x_wconf 85' lang='lat' dir='ltr'><strong>vom</strong></span> <span class='ocrx_word' id='word_1_36' title='bbox 2379 656 2580 717; x_wconf 82' lang='lat' dir='ltr'><strong><em>brand</em></strong></span> 
     </span>
     <span class='ocr_line' id='line_1_5' title="bbox 332 756 2576 837; baseline 0.003 -23"><span class='ocrx_word' id='word_1_37' title='bbox 332 756 621 831; x_wconf 80' lang='lat' dir='ltr'><strong>befallen.</strong></span> <span class='ocrx_word' id='word_1_38' title='bbox 711 761 834 819; x_wconf 84' lang='lat' dir='ltr'><strong>Iam</strong></span> <span class='ocrx_word' id='word_1_39' title='bbox 883 778 1025 818; x_wconf 85' lang='lat' dir='ltr'><strong>vero</strong></span> <span class='ocrx_word' id='word_1_40' title='bbox 1086 778 1270 835; x_wconf 91' lang='lat' dir='ltr'><strong>quum</strong></span> <span class='ocrx_word' id='word_1_41' title='bbox 1334 760 1711 837; x_wconf 73' lang='lat' dir='ltr'>luxuriantes</span> <span class='ocrx_word' id='word_1_42' title='bbox 1767 766 1999 837; x_wconf 78' lang='lat' dir='ltr'><strong>segetes</strong></span> <span class='ocrx_word' id='word_1_43' title='bbox 2054 760 2289 820; x_wconf 81' lang='lat' dir='ltr'><strong>facilius</strong></span> <span class='ocrx_word' id='word_1_44' title='bbox 2336 778 2576 837; x_wconf 89' lang='lat' dir='ltr'><strong>quoque</strong></span> 
     </span>
     <span class='ocr_line' id='line_1_6' title="bbox 332 860 2575 939; baseline 0.001 -20"><span class='ocrx_word' id='word_1_45' title='bbox 332 860 695 920; x_wconf 77' lang='lat' dir='ltr'><strong>decumbant</strong></span> <span class='ocrx_word' id='word_1_46' title='bbox 712 860 781 938; x_wconf 73' lang='lat'><strong>&#39;),</strong></span> <span class='ocrx_word' id='word_1_47' title='bbox 837 860 1060 923; x_wconf 80' lang='lat' dir='ltr'><strong>factum</strong></span> <span class='ocrx_word' id='word_1_48' title='bbox 1104 868 1195 921; x_wconf 87' lang='lat' dir='ltr'><strong>est</strong></span> <span class='ocrx_word' id='word_1_49' title='bbox 1239 867 1304 920; x_wconf 92' lang='lat' dir='ltr'><strong>ut</strong></span> <span class='ocrx_word' id='word_1_50' title='bbox 1348 863 1733 939; x_wconf 61' lang='lat' dir='ltr'><strong>interprete-«3,</strong></span> <span class='ocrx_word' id='word_1_51' title='bbox 1777 864 2128 938; x_wconf 84' lang='lat' dir='ltr'><strong>praesertim</strong></span> <span class='ocrx_word' id='word_1_52' title='bbox 2178 882 2361 939; x_wconf 89' lang='lat' dir='ltr'><strong>quum</strong></span> <span class='ocrx_word' id='word_1_53' title='bbox 2401 881 2575 923; x_wconf 85' lang='lat' dir='ltr'><strong>voca-</strong></span> 
     </span>
     <span class='ocr_line' id='line_1_7' title="bbox 332 952 2576 1047; baseline 0.002 -25"><span class='ocrx_word' id='word_1_54' title='bbox 332 962 452 1023; x_wconf 90' lang='lat' dir='ltr'><strong>buli</strong></span> <span class='ocrx_word' id='word_1_55' title='bbox 520 962 690 1021; x_wconf 80' lang='lat' dir='ltr'>radix</span> <span class='ocrx_word' id='word_1_56' title='bbox 761 965 912 1025; x_wconf 86' lang='lat' dir='ltr'><strong>hanc</strong></span> <span class='ocrx_word' id='word_1_57' title='bbox 986 964 1341 1023; x_wconf 75' lang='lat' dir='ltr'><strong>sententiam</strong></span> <span class='ocrx_word' id='word_1_58' title='bbox 1411 964 1719 1024; x_wconf 88' lang='lat' dir='ltr'><strong>videretur</strong></span> <span class='ocrx_word' id='word_1_59' title='bbox 1792 952 2238 1043; x_wconf 76' lang='lat' dir='ltr'><strong>commendare,</strong></span> <span class='ocrx_word' id='word_1_60' title='bbox 2310 962 2576 1047; x_wconf 84' lang='grc' dir='ltr'><em>λοχατος</em></span> 
     </span>
     <span class='ocr_line' id='line_1_8' title="bbox 331 1050 1857 1143; baseline 0.001 -20"><span class='ocrx_word' id='word_1_61' title='bbox 331 1063 670 1140; x_wconf 82' lang='lat' dir='ltr'><strong>significare</strong></span> <span class='ocrx_word' id='word_1_62' title='bbox 707 1070 997 1141; x_wconf 80' lang='lat' dir='ltr'><strong>putarent</strong></span> <span class='ocrx_word' id='word_1_63' title='bbox 1040 1067 1192 1126; x_wconf 86' lang='lat' dir='ltr'><strong>idem</strong></span> <span class='ocrx_word' id='word_1_64' title='bbox 1240 1050 1402 1143; x_wconf 68' lang='lat' dir='ltr'><strong>quod</strong></span> <span class='ocrx_word' id='word_1_65' title='bbox 1447 1056 1857 1143; x_wconf 74' lang='grc' dir='ltr'><em>κλινάμενος.</em></span> 
     </span>
    </p>

    <p class='ocr_par' dir='ltr' id='par_1_3' title="bbox 328 1167 2579 2994">
     <span class='ocr_line' id='line_1_9' title="bbox 503 1167 2572 1246; baseline 0.002 -21"><span class='ocrx_word' id='word_1_66' title='bbox 503 1167 593 1226; x_wconf 84' lang='lat' dir='ltr'><strong>Ex</strong></span> <span class='ocrx_word' id='word_1_67' title='bbox 661 1167 752 1226; x_wconf 89' lang='lat' dir='ltr'><strong>his</strong></span> <span class='ocrx_word' id='word_1_68' title='bbox 818 1187 969 1244; x_wconf 88' lang='lat' dir='ltr'><strong>quae</strong></span> <span class='ocrx_word' id='word_1_69' title='bbox 1036 1169 1111 1228; x_wconf 90' lang='lat' dir='ltr'><strong>de</strong></span> <span class='ocrx_word' id='word_1_70' title='bbox 1178 1168 1450 1228; x_wconf 84' lang='lat' dir='ltr'><strong>vocabuli</strong></span> <span class='ocrx_word' id='word_1_71' title='bbox 1522 1167 1793 1245; x_wconf 75' lang='grc' dir='ltr'><em>λοχαϊος</em></span> <span class='ocrx_word' id='word_1_72' title='bbox 1865 1169 2025 1246; x_wconf 85' lang='lat' dir='ltr'><strong>apud</strong></span> <span class='ocrx_word' id='word_1_73' title='bbox 2091 1169 2572 1246; x_wconf 76' lang='lat' dir='ltr'><strong>Theophrastum</strong></span> 
     </span>
     <span class='ocr_line' id='line_1_10' title="bbox 331 1269 2574 1350; baseline 0.003 -24"><span class='ocrx_word' id='word_1_74' title='bbox 331 1269 763 1343; x_wconf 84' lang='lat' dir='ltr'><strong>significatione</strong></span> <span class='ocrx_word' id='word_1_75' title='bbox 808 1270 1262 1349; x_wconf 76' lang='lat' dir='ltr'><strong>disputavimus,</strong></span> <span class='ocrx_word' id='word_1_76' title='bbox 1305 1273 1438 1331; x_wconf 88' lang='lat' dir='ltr'><strong>luce</strong></span> <span class='ocrx_word' id='word_1_77' title='bbox 1484 1272 1703 1332; x_wconf 84' lang='lat' dir='ltr'><strong>clarius</strong></span> <span class='ocrx_word' id='word_1_78' title='bbox 1748 1278 2019 1350; x_wconf 87' lang='lat' dir='ltr'><strong>apparet,</strong></span> <span class='ocrx_word' id='word_1_79' title='bbox 2064 1291 2259 1349; x_wconf 90' lang='lat' dir='ltr'><strong>neque</strong></span> <span class='ocrx_word' id='word_1_80' title='bbox 2304 1291 2341 1331; x_wconf 89' lang='lat' dir='ltr'><strong>a</strong></span> <span class='ocrx_word' id='word_1_81' title='bbox 2371 1272 2574 1333; x_wconf 79' lang='lat' dir='ltr'><strong>radice</strong></span> 
     </span>
     <span class='ocr_line' id='line_1_11' title="bbox 334 1364 2577 1452; baseline 0.001 -21"><span class='ocrx_word' id='word_1_82' title='bbox 334 1369 402 1427; x_wconf 75' lang='grc' dir='ltr'><strong>λε</strong></span> <span class='ocrx_word' id='word_1_83' title='bbox 410 1387 452 1446; x_wconf 85' lang='grc' dir='ltr'><em>χ</em></span> <span class='ocrx_word' id='word_1_84' title='bbox 494 1370 677 1448; x_wconf 82' lang='lat' dir='ltr'><strong>(quae</strong></span> <span class='ocrx_word' id='word_1_85' title='bbox 724 1373 781 1432; x_wconf 89' lang='lat' dir='ltr'><strong>in</strong></span> <span class='ocrx_word' id='word_1_86' title='bbox 814 1364 1004 1448; x_wconf 71' lang='grc' dir='ltr'><em>ἔλεξα</em></span> <span class='ocrx_word' id='word_1_87' title='bbox 1035 1367 1230 1431; x_wconf 79' lang='grc' dir='ltr'><em>λε’κτο</em></span> <span class='ocrx_word' id='word_1_88' title='bbox 1262 1368 1752 1451; x_wconf 74' lang='grc' dir='ltr'><em>καταλέγμενος</em></span> <span class='ocrx_word' id='word_1_89' title='bbox 1782 1372 1919 1446; x_wconf 87' lang='lat' dir='ltr'><strong>cet.)</strong></span> <span class='ocrx_word' id='word_1_90' title='bbox 1950 1393 2159 1433; x_wconf 79' lang='lat' dir='ltr'><strong>vocem</strong></span> <span class='ocrx_word' id='word_1_91' title='bbox 2192 1374 2577 1452; x_wconf 77' lang='lat' dir='ltr'><strong>descendere,</strong></span> 
     </span>
     <span class='ocr_line' id='line_1_12' title="bbox 330 1460 2575 1553; baseline 0 -20"><span class='ocrx_word' id='word_1_92' title='bbox 330 1492 515 1550; x_wconf 89' lang='lat' dir='ltr'><strong>quum</strong></span> <span class='ocrx_word' id='word_1_93' title='bbox 560 1474 810 1552; x_wconf 81' lang='lat' dir='ltr'><strong>propria</strong></span> <span class='ocrx_word' id='word_1_94' title='bbox 851 1475 1201 1552; x_wconf 85' lang='lat' dir='ltr'><strong>significatio</strong></span> <span class='ocrx_word' id='word_1_95' title='bbox 1249 1495 1367 1535; x_wconf 92' lang='lat' dir='ltr'><strong>non</strong></span> <span class='ocrx_word' id='word_1_96' title='bbox 1424 1477 1502 1535; x_wconf 87' lang='lat' dir='ltr'><strong>sit</strong></span> <span class='ocrx_word' id='word_1_97' title='bbox 1555 1460 1982 1553; x_wconf 73' lang='lat' dir='ltr'><strong>procumbens,</strong></span> <span class='ocrx_word' id='word_1_98' title='bbox 2040 1495 2239 1553; x_wconf 87' lang='lat' dir='ltr'><strong>neque</strong></span> <span class='ocrx_word' id='word_1_99' title='bbox 2291 1493 2328 1534; x_wconf 83' lang='lat' dir='ltr'><strong>a</strong></span> <span class='ocrx_word' id='word_1_100' title='bbox 2382 1466 2575 1553; x_wconf 83' lang='grc' dir='ltr'><em>λόχος</em></span> 
     </span>
     <span class='ocr_line' id='line_1_13' title="bbox 329 1561 2573 1657; baseline 0.001 -22"><span class='ocrx_word' id='word_1_101' title='bbox 329 1576 582 1636; x_wconf 79' lang='lat' dir='ltr'><strong>insidiae</strong></span> <span class='ocrx_word' id='word_1_102' title='bbox 631 1561 852 1654; x_wconf 66' lang='lat' dir='ltr'><strong>2010}oe</strong></span> <span class='ocrx_word' id='word_1_103' title='bbox 895 1572 1156 1655; x_wconf 77' lang='grc' dir='ltr'><em>λοχίςω,</em></span> <span class='ocrx_word' id='word_1_104' title='bbox 1199 1579 1516 1656; x_wconf 85' lang='lat' dir='ltr'><strong>perinepta</strong></span> <span class='ocrx_word' id='word_1_105' title='bbox 1561 1579 1715 1639; x_wconf 90' lang='lat' dir='ltr'><strong>enim</strong></span> <span class='ocrx_word' id='word_1_106' title='bbox 1762 1583 1852 1638; x_wconf 80' lang='lat' dir='ltr'><strong>est</strong></span> <span class='ocrx_word' id='word_1_107' title='bbox 1895 1580 1998 1638; x_wconf 82' lang='lat' dir='ltr'><strong>illa</strong></span> <span class='ocrx_word' id='word_1_108' title='bbox 2044 1579 2266 1657; x_wconf 86' lang='lat' dir='ltr'><strong>opinio,</strong></span> <span class='ocrx_word' id='word_1_109' title='bbox 2311 1583 2573 1654; x_wconf 83' lang='lat' dir='ltr'><strong>segetem</strong></span> 
     </span>
     <span class='ocr_line' id='line_1_14' title="bbox 328 1678 2574 1757; baseline 0.002 -21"><span class='ocrx_word' id='word_1_110' title='bbox 328 1678 426 1738; x_wconf 80' lang='lat' dir='ltr'><strong>vei</strong></span> <span class='ocrx_word' id='word_1_111' title='bbox 473 1678 792 1740; x_wconf 83' lang='lat' dir='ltr'><strong>lentiscum</strong></span> <span class='ocrx_word' id='word_1_112' title='bbox 837 1680 923 1739; x_wconf 90' lang='lat' dir='ltr'><strong>sic</strong></span> <span class='ocrx_word' id='word_1_113' title='bbox 969 1684 1236 1739; x_wconf 85' lang='lat' dir='ltr'><strong>vocatam</strong></span> <span class='ocrx_word' id='word_1_114' title='bbox 1284 1698 1444 1757; x_wconf 87' lang='lat' dir='ltr'><strong>esse,</strong></span> <span class='ocrx_word' id='word_1_115' title='bbox 1505 1681 1666 1757; x_wconf 89' lang='lat' dir='ltr'><strong>quod</strong></span> <span class='ocrx_word' id='word_1_116' title='bbox 1715 1685 1832 1740; x_wconf 84' lang='lat' dir='ltr'><strong>tam</strong></span> <span class='ocrx_word' id='word_1_117' title='bbox 1881 1682 2066 1741; x_wconf 88' lang='lat' dir='ltr'><strong>densa</strong></span> <span class='ocrx_word' id='word_1_118' title='bbox 2123 1686 2307 1756; x_wconf 85' lang='lat' dir='ltr'><strong>esset,</strong></span> <span class='ocrx_word' id='word_1_119' title='bbox 2368 1684 2447 1747; x_wconf 32' lang='lat' dir='ltr'><strong>ut*</strong></span> <span class='ocrx_word' id='word_1_120' title='bbox 2476 1681 2574 1740; x_wconf 86' lang='lat' dir='ltr'><strong>vel</strong></span> 
     </span>
     <span class='ocr_line' id='line_1_15' title="bbox 330 1781 2576 1860; baseline 0.001 -20"><span class='ocrx_word' id='word_1_121' title='bbox 330 1781 559 1841; x_wconf 85' lang='lat' dir='ltr'><strong>locatas</strong></span> <span class='ocrx_word' id='word_1_122' title='bbox 601 1784 715 1842; x_wconf 87' lang='lat' dir='ltr'><strong>sub</strong></span> <span class='ocrx_word' id='word_1_123' title='bbox 760 1801 833 1841; x_wconf 86' lang='lat' dir='ltr'><strong>ea</strong></span> <span class='ocrx_word' id='word_1_124' title='bbox 875 1782 1120 1842; x_wconf 86' lang='lat' dir='ltr'><strong>insidias</strong></span> <span class='ocrx_word' id='word_1_125' title='bbox 1160 1789 1364 1860; x_wconf 84' lang='lat' dir='ltr'><strong>posset</strong></span> <span class='ocrx_word' id='word_1_126' title='bbox 1392 1784 1687 1859; x_wconf 80' lang='lat' dir='ltr'><strong>occulere.</strong></span> <span class='ocrx_word' id='word_1_127' title='bbox 1762 1783 1904 1843; x_wconf 78' lang='lat' dir='ltr'><strong>Mihi</strong></span> <span class='ocrx_word' id='word_1_128' title='bbox 1935 1802 2053 1844; x_wconf 88' lang='lat' dir='ltr'><strong>non</strong></span> <span class='ocrx_word' id='word_1_129' title='bbox 2087 1785 2160 1843; x_wconf 90' lang='lat' dir='ltr'><strong>ab</strong></span> <span class='ocrx_word' id='word_1_130' title='bbox 2191 1784 2308 1843; x_wconf 88' lang='lat' dir='ltr'><strong>alia</strong></span> <span class='ocrx_word' id='word_1_131' title='bbox 2337 1784 2576 1843; x_wconf 86' lang='lat' dir='ltr'><strong>videtur</strong></span> 
     </span>
     <span class='ocr_line' id='line_1_16' title="bbox 330 1875 2577 1963; baseline 0.001 -19"><span class='ocrx_word' id='word_1_132' title='bbox 330 1883 560 1960; x_wconf 89' lang='lat' dir='ltr'><strong>origine</strong></span> <span class='ocrx_word' id='word_1_133' title='bbox 606 1884 744 1944; x_wconf 88' lang='lat' dir='ltr'><strong>duci</strong></span> <span class='ocrx_word' id='word_1_134' title='bbox 784 1902 980 1962; x_wconf 87' lang='lat' dir='ltr'><strong>posse,</strong></span> <span class='ocrx_word' id='word_1_135' title='bbox 1025 1905 1204 1963; x_wconf 88' lang='lat' dir='ltr'><strong>quam</strong></span> <span class='ocrx_word' id='word_1_136' title='bbox 1235 1905 1272 1945; x_wconf 90' lang='lat' dir='ltr'><strong>a</strong></span> <span class='ocrx_word' id='word_1_137' title='bbox 1318 1875 1626 1962; x_wconf 77' lang='grc' dir='ltr'><em>λοχεύα)</em></span> <span class='ocrx_word' id='word_1_138' title='bbox 1671 1905 1885 1963; x_wconf 86' lang='lat' dir='ltr'><strong>parere</strong></span> <span class='ocrx_word' id='word_1_139' title='bbox 1933 1886 2015 1959; x_wconf 89' lang='lat' dir='ltr'><strong>(h.</strong></span> <span class='ocrx_word' id='word_1_140' title='bbox 2046 1888 2218 1948; x_wconf 88' lang='lat' dir='ltr'><strong>Hom.</strong></span> <span class='ocrx_word' id='word_1_141' title='bbox 2246 1890 2457 1963; x_wconf 67' lang='lat' dir='ltr'><strong>tragg„</strong></span> <span class='ocrx_word' id='word_1_142' title='bbox 2502 1886 2577 1946; x_wconf 90' lang='lat' dir='ltr'><strong>de</strong></span> 
     </span>
     <span class='ocr_line' id='line_1_17' title="bbox 329 1976 2578 2066; baseline 0 -20"><span class='ocrx_word' id='word_1_143' title='bbox 329 1987 539 2046; x_wconf 82' lang='lat' dir='ltr'><strong>bestiis</strong></span> <span class='ocrx_word' id='word_1_144' title='bbox 587 1986 866 2065; x_wconf 83' lang='lat' dir='ltr'><strong>Aristot.;</strong></span> <span class='ocrx_word' id='word_1_145' title='bbox 910 1987 1165 2047; x_wconf 91' lang='lat' dir='ltr'><strong>medium</strong></span> <span class='ocrx_word' id='word_1_146' title='bbox 1213 1976 1573 2064; x_wconf 83' lang='grc' dir='ltr'><em>λοχεύομαι</em></span> <span class='ocrx_word' id='word_1_147' title='bbox 1619 1988 1695 2047; x_wconf 91' lang='lat' dir='ltr'><strong>de</strong></span> <span class='ocrx_word' id='word_1_148' title='bbox 1726 1993 1899 2065; x_wconf 85' lang='lat' dir='ltr'><strong>patre</strong></span> <span class='ocrx_word' id='word_1_149' title='bbox 1928 2008 2022 2066; x_wconf 88' lang='lat' dir='ltr'><strong>ap.</strong></span> <span class='ocrx_word' id='word_1_150' title='bbox 2052 1989 2269 2048; x_wconf 88' lang='lat' dir='ltr'><strong>Aesch.</strong></span> <span class='ocrx_word' id='word_1_151' title='bbox 2301 1987 2373 2047; x_wconf 80' lang='lat' dir='ltr'><strong>fr.</strong></span> <span class='ocrx_word' id='word_1_152' title='bbox 2403 1988 2578 2048; x_wconf 86' lang='lat' dir='ltr'><strong>Niob.</strong></span> 
     </span>
     <span class='ocr_line' id='line_1_18' title="bbox 334 2075 2577 2167; baseline 0.002 -23"><span class='ocrx_word' id='word_1_153' title='bbox 334 2086 452 2145; x_wconf 81' lang='lat'><strong>159</strong></span> <span class='ocrx_word' id='word_1_154' title='bbox 485 2091 556 2151; x_wconf 87' lang='lat' dir='ltr'><strong>D.</strong></span> <span class='ocrx_word' id='word_1_155' title='bbox 609 2075 864 2166; x_wconf 78' lang='grc' dir='ltr'><strong><em>Ἴστρος</em></strong></span> <span class='ocrx_word' id='word_1_156' title='bbox 909 2079 1224 2159; x_wconf 77' lang='grc' dir='ltr'><em>τοιαύτας</em></span> <span class='ocrx_word' id='word_1_157' title='bbox 1268 2084 1659 2166; x_wconf 74' lang='grc' dir='ltr'><em>παρθένους</em></span> <span class='ocrx_word' id='word_1_158' title='bbox 1698 2080 2064 2167; x_wconf 69' lang='grc' dir='ltr'><em>λοχεύεται,</em></span> <span class='ocrx_word' id='word_1_159' title='bbox 2123 2092 2210 2149; x_wconf 88' lang='lat' dir='ltr'><strong>sic</strong></span> <span class='ocrx_word' id='word_1_160' title='bbox 2254 2090 2577 2166; x_wconf 85' lang='lat' dir='ltr'><strong>Hephaest.</strong></span> 
     </span>
     <span class='ocr_line' id='line_1_19' title="bbox 330 2182 2578 2271; baseline 0 -20"><span class='ocrx_word' id='word_1_161' title='bbox 330 2196 390 2251; x_wconf 88' lang='lat' dir='ltr'><strong>et</strong></span> <span class='ocrx_word' id='word_1_162' title='bbox 433 2193 644 2266; x_wconf 68' lang='lat' dir='ltr'><strong>Prisc„</strong></span> <span class='ocrx_word' id='word_1_163' title='bbox 688 2211 870 2269; x_wconf 89' lang='lat' dir='ltr'><strong>quum</strong></span> <span class='ocrx_word' id='word_1_164' title='bbox 916 2193 1085 2252; x_wconf 84' lang='lat' dir='ltr'><strong>Eust.</strong></span> <span class='ocrx_word' id='word_1_165' title='bbox 1131 2193 1349 2252; x_wconf 86' lang='lat' dir='ltr'><strong>habeat</strong></span> <span class='ocrx_word' id='word_1_166' title='bbox 1389 2182 1844 2271; x_wconf 67' lang='grc' dir='ltr'><em>μνηστεύεται,</em></span> <span class='ocrx_word' id='word_1_167' title='bbox 1889 2192 2048 2269; x_wconf 89' lang='lat' dir='ltr'><strong>quod</strong></span> <span class='ocrx_word' id='word_1_168' title='bbox 2096 2193 2298 2252; x_wconf 86' lang='lat' dir='ltr'><strong>Herm.</strong></span> <span class='ocrx_word' id='word_1_169' title='bbox 2335 2193 2578 2269; x_wconf 87' lang='lat' dir='ltr'><strong>recepit.</strong></span> 
     </span>
     <span class='ocr_line' id='line_1_20' title="bbox 328 2280 2575 2374; baseline 0 -22"><span class='ocrx_word' id='word_1_170' title='bbox 328 2294 418 2353; x_wconf 85' lang='lat' dir='ltr'><strong>Ac</strong></span> <span class='ocrx_word' id='word_1_171' title='bbox 463 2295 538 2353; x_wconf 91' lang='lat' dir='ltr'><strong>de</strong></span> <span class='ocrx_word' id='word_1_172' title='bbox 585 2294 715 2353; x_wconf 87' lang='lat' dir='ltr'><strong>viro</strong></span> <span class='ocrx_word' id='word_1_173' title='bbox 761 2293 997 2371; x_wconf 89' lang='lat' dir='ltr'><strong>quidem</strong></span> <span class='ocrx_word' id='word_1_174' title='bbox 1044 2295 1487 2374; x_wconf 69' lang='lat' dir='ltr'><strong>praeterhunc</strong></span> <span class='ocrx_word' id='word_1_175' title='bbox 1532 2280 1728 2354; x_wconf 80' lang='lat' dir='ltr'><strong>locum</strong></span> <span class='ocrx_word' id='word_1_176' title='bbox 1762 2294 1924 2371; x_wconf 88' lang='lat' dir='ltr'><strong>apud</strong></span> <span class='ocrx_word' id='word_1_177' title='bbox 1954 2295 2319 2370; x_wconf 78' lang='lat' dir='ltr'><strong>posteriores</strong></span> <span class='ocrx_word' id='word_1_178' title='bbox 2348 2298 2575 2355; x_wconf 85' lang='lat' dir='ltr'><strong>tantum</strong></span> 
     </span>
     <span class='ocr_line' id='line_1_21' title="bbox 331 2394 2576 2476; baseline 0 -20"><span class='ocrx_word' id='word_1_179' title='bbox 331 2400 540 2473; x_wconf 82' lang='lat' dir='ltr'><strong>poetas</strong></span> <span class='ocrx_word' id='word_1_180' title='bbox 586 2396 926 2476; x_wconf 87' lang='lat' dir='ltr'><strong>reperitur).</strong></span> <span class='ocrx_word' id='word_1_181' title='bbox 1010 2394 1299 2475; x_wconf 84' lang='grc' dir='ltr'><em>Λοχαῑος</em></span> <span class='ocrx_word' id='word_1_182' title='bbox 1342 2398 1525 2474; x_wconf 85' lang='lat' dir='ltr'><strong>igitur</strong></span> <span class='ocrx_word' id='word_1_183' title='bbox 1570 2402 1661 2459; x_wconf 86' lang='lat' dir='ltr'><strong>est</strong></span> <span class='ocrx_word' id='word_1_184' title='bbox 1704 2398 1963 2476; x_wconf 87' lang='lat' dir='ltr'><strong>pariens,</strong></span> <span class='ocrx_word' id='word_1_185' title='bbox 2006 2396 2322 2474; x_wconf 82' lang='lat' dir='ltr'><strong>fetificans,</strong></span> <span class='ocrx_word' id='word_1_186' title='bbox 2374 2396 2576 2459; x_wconf 86' lang='lat' dir='ltr'><strong>fecun-</strong></span> 
     </span>
     <span class='ocr_line' id='line_1_22' title="bbox 331 2498 2578 2578; baseline 0 -20"><span class='ocrx_word' id='word_1_187' title='bbox 331 2500 469 2578; x_wconf 88' lang='lat' dir='ltr'><strong>dus,</strong></span> <span class='ocrx_word' id='word_1_188' title='bbox 528 2499 742 2560; x_wconf 78' lang='lat' dir='ltr'><strong>fertilis</strong></span> <span class='ocrx_word' id='word_1_189' title='bbox 799 2498 887 2570; x_wconf 86' lang='lat' dir='ltr'><strong>(et</strong></span> <span class='ocrx_word' id='word_1_190' title='bbox 930 2501 1213 2561; x_wconf 81' lang='lat' dir='ltr'><strong>lentiscus</strong></span> <span class='ocrx_word' id='word_1_191' title='bbox 1273 2505 1410 2577; x_wconf 81' lang='lat' dir='ltr'><strong>apte</strong></span> <span class='ocrx_word' id='word_1_192' title='bbox 1470 2502 1556 2560; x_wconf 89' lang='lat' dir='ltr'><strong>sic</strong></span> <span class='ocrx_word' id='word_1_193' title='bbox 1603 2502 1804 2560; x_wconf 87' lang='lat' dir='ltr'><strong>vocari</strong></span> <span class='ocrx_word' id='word_1_194' title='bbox 1865 2505 2109 2578; x_wconf 60' lang='lat' dir='ltr'><strong>potest,</strong></span> <span class='ocrx_word' id='word_1_195' title='bbox 2150 2501 2431 2578; x_wconf 89' lang='lat' dir='ltr'><strong>quoniam</strong></span> <span class='ocrx_word' id='word_1_196' title='bbox 2486 2506 2578 2560; x_wconf 88' lang='lat' dir='ltr'><strong>ter</strong></span> 
     </span>
     <span class='ocr_line' id='line_1_23' title="bbox 330 2601 2576 2681; baseline -0 -20"><span class='ocrx_word' id='word_1_197' title='bbox 330 2621 441 2679; x_wconf 88' lang='lat' dir='ltr'><strong>per</strong></span> <span class='ocrx_word' id='word_1_198' title='bbox 484 2621 711 2664; x_wconf 85' lang='lat' dir='ltr'><strong>annum</strong></span> <span class='ocrx_word' id='word_1_199' title='bbox 753 2601 990 2664; x_wconf 62' lang='lat' dir='ltr'><strong>fructus</strong></span> <span class='ocrx_word' id='word_1_200' title='bbox 1031 2604 1211 2681; x_wconf 85' lang='lat' dir='ltr'><strong>parit,</strong></span> <span class='ocrx_word' id='word_1_201' title='bbox 1253 2602 1314 2662; x_wconf 88' lang='lat' dir='ltr'><strong>id</strong></span> <span class='ocrx_word' id='word_1_202' title='bbox 1347 2603 1508 2680; x_wconf 85' lang='lat' dir='ltr'><strong>quod</strong></span> <span class='ocrx_word' id='word_1_203' title='bbox 1540 2603 1746 2663; x_wconf 89' lang='lat' dir='ltr'><strong>eodem</strong></span> <span class='ocrx_word' id='word_1_204' title='bbox 1780 2603 1910 2666; x_wconf 90' lang='lat' dir='ltr'><strong>loco</strong></span> <span class='ocrx_word' id='word_1_205' title='bbox 1943 2605 2164 2664; x_wconf 80' lang='lat' dir='ltr'><strong>Aratus</strong></span> <span class='ocrx_word' id='word_1_206' title='bbox 2195 2601 2393 2681; x_wconf 86' lang='lat' dir='ltr'><strong>dicit);</strong></span> <span class='ocrx_word' id='word_1_207' title='bbox 2432 2603 2576 2672; x_wconf 52' lang='lat' dir='ltr'><strong>„hinc</strong></span> 
     </span>
     <span class='ocr_line' id='line_1_24' title="bbox 332 2703 2575 2783; baseline 0 -20"><span class='ocrx_word' id='word_1_208' title='bbox 332 2703 505 2764; x_wconf 79' lang='lat' dir='ltr'><strong>facile</strong></span> <span class='ocrx_word' id='word_1_209' title='bbox 551 2704 742 2764; x_wconf 84' lang='lat' dir='ltr'><strong>oritur</strong></span> <span class='ocrx_word' id='word_1_210' title='bbox 786 2704 1139 2782; x_wconf 85' lang='lat' dir='ltr'><strong>significatio</strong></span> <span class='ocrx_word' id='word_1_211' title='bbox 1185 2705 1558 2778; x_wconf 82' lang='lat' dir='ltr'><strong>luxuriantis,</strong></span> <span class='ocrx_word' id='word_1_212' title='bbox 1604 2709 1784 2783; x_wconf 85' lang='lat' dir='ltr'><strong>atque</strong></span> <span class='ocrx_word' id='word_1_213' title='bbox 1831 2706 1985 2766; x_wconf 86' lang='lat' dir='ltr'><strong>hanc</strong></span> <span class='ocrx_word' id='word_1_214' title='bbox 2017 2707 2184 2764; x_wconf 90' lang='lat' dir='ltr'><strong>vocis</strong></span> <span class='ocrx_word' id='word_1_215' title='bbox 2222 2705 2575 2765; x_wconf 87' lang='lat' dir='ltr'><strong>sententiam</strong></span> 
     </span>
     <span class='ocr_line' id='line_1_25' title="bbox 330 2807 2577 2885; baseline 0 -19"><span class='ocrx_word' id='word_1_216' title='bbox 330 2808 494 2885; x_wconf 82' lang='lat' dir='ltr'><strong>apud</strong></span> <span class='ocrx_word' id='word_1_217' title='bbox 541 2807 1018 2884; x_wconf 84' lang='lat' dir='ltr'><strong>Theophrastum</strong></span> <span class='ocrx_word' id='word_1_218' title='bbox 1068 2826 1198 2868; x_wconf 89' lang='lat' dir='ltr'><strong>esse</strong></span> <span class='ocrx_word' id='word_1_219' title='bbox 1244 2807 1521 2884; x_wconf 75' lang='lat' dir='ltr'><strong>vidimu8‚</strong></span> <span class='ocrx_word' id='word_1_220' title='bbox 1580 2810 1733 2868; x_wconf 86' lang='lat' dir='ltr'><strong>hanc</strong></span> <span class='ocrx_word' id='word_1_221' title='bbox 1780 2808 1956 2869; x_wconf 90' lang='lat' dir='ltr'><strong>etiam</strong></span> <span class='ocrx_word' id='word_1_222' title='bbox 2003 2810 2061 2867; x_wconf 88' lang='lat' dir='ltr'><strong>in</strong></span> <span class='ocrx_word' id='word_1_223' title='bbox 2096 2808 2193 2868; x_wconf 86' lang='lat' dir='ltr'><strong>ilio</strong></span> <span class='ocrx_word' id='word_1_224' title='bbox 2227 2807 2413 2884; x_wconf 87' lang='lat' dir='ltr'><strong>epigr.</strong></span> <span class='ocrx_word' id='word_1_225' title='bbox 2446 2825 2577 2867; x_wconf 83' lang='lat' dir='ltr'><strong>esse</strong></span> 
     </span>
     <span class='ocr_line' id='line_1_26' title="bbox 329 2909 2579 2994; baseline 0 -25"><span class='ocrx_word' id='word_1_226' title='bbox 329 2915 496 2987; x_wconf 89' lang='lat' dir='ltr'><strong>puto,</strong></span> <span class='ocrx_word' id='word_1_227' title='bbox 541 2916 608 2970; x_wconf 85' lang='lat' dir='ltr'><strong>ut</strong></span> <span class='ocrx_word' id='word_1_228' title='bbox 639 2910 888 2970; x_wconf 84' lang='lat' dir='ltr'><strong>Achillis</strong></span> <span class='ocrx_word' id='word_1_229' title='bbox 925 2928 1091 2970; x_wconf 85' lang='lat' dir='ltr'><strong>amor</strong></span> <span class='ocrx_word' id='word_1_230' title='bbox 1137 2929 1254 2970; x_wconf 92' lang='lat' dir='ltr'><strong>non</strong></span> <span class='ocrx_word' id='word_1_231' title='bbox 1302 2909 1730 2986; x_wconf 87' lang='lat' dir='ltr'><strong>clandestinus,</strong></span> <span class='ocrx_word' id='word_1_232' title='bbox 1772 2910 1877 2970; x_wconf 85' lang='lat' dir='ltr'><strong>sed</strong></span> <span class='ocrx_word' id='word_1_233' title='bbox 1926 2911 2267 2994; x_wconf 84' lang='lat' dir='ltr'><strong>luxuriosus</strong></span> <span class='ocrx_word' id='word_1_234' title='bbox 2311 2913 2579 2970; x_wconf 84' lang='lat' dir='ltr'><strong>vocetur.</strong></span> 
     </span>
    </p>

    <p class='ocr_par' dir='ltr' id='par_1_4' title="bbox 320 3011 2580 3602">
     <span class='ocr_line' id='line_1_27' title="bbox 504 3011 2576 3090; baseline -0.002 -17"><span class='ocrx_word' id='word_1_235' title='bbox 504 3013 692 3073; x_wconf 88' lang='lat' dir='ltr'><strong>Plane</strong></span> <span class='ocrx_word' id='word_1_236' title='bbox 758 3012 996 3073; x_wconf 83' lang='lat' dir='ltr'><strong>diversa</strong></span> <span class='ocrx_word' id='word_1_237' title='bbox 1055 3016 1196 3072; x_wconf 88' lang='lat' dir='ltr'><strong>sunt</strong></span> <span class='ocrx_word' id='word_1_238' title='bbox 1257 3013 1552 3086; x_wconf 82' lang='lat' dir='ltr'><strong>vocabula</strong></span> <span class='ocrx_word' id='word_1_239' title='bbox 1618 3011 1924 3090; x_wconf 82' lang='grc' dir='ltr'><em>λοχεῑος</em></span> <span class='ocrx_word' id='word_1_240' title='bbox 1992 3011 2342 3089; x_wconf 78' lang='grc' dir='ltr'><em>λοχεῖον,</em></span> <span class='ocrx_word' id='word_1_241' title='bbox 2422 3029 2576 3087; x_wconf 88' lang='lat' dir='ltr'><strong>quae</strong></span> 
     </span>
     <span class='ocr_line' id='line_1_28' title="bbox 331 3104 2577 3192; baseline -0.001 -18"><span class='ocrx_word' id='word_1_242' title='bbox 331 3116 566 3184; x_wconf 68' lang='lat' dir='ltr'><strong>etiamsi</strong></span> <span class='ocrx_word' id='word_1_243' title='bbox 609 3119 671 3175; x_wconf 90' lang='lat' dir='ltr'><strong>et</strong></span> <span class='ocrx_word' id='word_1_244' title='bbox 714 3116 845 3191; x_wconf 87' lang='lat' dir='ltr'><strong>ipsa</strong></span> <span class='ocrx_word' id='word_1_245' title='bbox 890 3135 927 3173; x_wconf 88' lang='lat' dir='ltr'><strong>a</strong></span> <span class='ocrx_word' id='word_1_246' title='bbox 970 3104 1225 3192; x_wconf 79' lang='grc' dir='ltr'><em>λοχεύω</em></span> <span class='ocrx_word' id='word_1_247' title='bbox 1270 3113 1451 3174; x_wconf 83' lang='lat' dir='ltr'><strong>ducta</strong></span> <span class='ocrx_word' id='word_1_248' title='bbox 1497 3117 1656 3191; x_wconf 88' lang='lat' dir='ltr'><strong>sunt,</strong></span> <span class='ocrx_word' id='word_1_249' title='bbox 1698 3119 1893 3173; x_wconf 90' lang='lat' dir='ltr'><strong>tamen</strong></span> <span class='ocrx_word' id='word_1_250' title='bbox 1940 3114 2061 3173; x_wconf 86' lang='lat' dir='ltr'><strong>alia</strong></span> <span class='ocrx_word' id='word_1_251' title='bbox 2106 3119 2166 3173; x_wconf 92' lang='lat' dir='ltr'><strong>et</strong></span> <span class='ocrx_word' id='word_1_252' title='bbox 2209 3113 2577 3173; x_wconf 82' lang='lat' dir='ltr'><strong>formationis</strong></span> 
     </span>
     <span class='ocr_line' id='line_1_29' title="bbox 331 3215 2575 3294; baseline -0.002 -17"><span class='ocrx_word' id='word_1_253' title='bbox 331 3218 560 3278; x_wconf 83' lang='lat' dir='ltr'><strong>ratione</strong></span> <span class='ocrx_word' id='word_1_254' title='bbox 607 3222 668 3277; x_wconf 87' lang='lat' dir='ltr'><strong>et</strong></span> <span class='ocrx_word' id='word_1_255' title='bbox 709 3216 1157 3294; x_wconf 81' lang='lat' dir='ltr'><strong>significatione.</strong></span> <span class='ocrx_word' id='word_1_256' title='bbox 1244 3217 1747 3294; x_wconf 74' lang='lat' dir='ltr'><strong>significationem</strong></span> <span class='ocrx_word' id='word_1_257' title='bbox 1796 3216 1949 3276; x_wconf 90' lang='lat' dir='ltr'><strong>enim</strong></span> <span class='ocrx_word' id='word_1_258' title='bbox 1996 3235 2115 3276; x_wconf 88' lang='lat' dir='ltr'><strong>nou</strong></span> <span class='ocrx_word' id='word_1_259' title='bbox 2163 3217 2389 3275; x_wconf 85' lang='lat' dir='ltr'><strong>habent</strong></span> <span class='ocrx_word' id='word_1_260' title='bbox 2433 3215 2575 3274; x_wconf 83' lang='lat' dir='ltr'><strong>acti·</strong></span> 
     </span>
     <span class='ocr_line' id='line_1_30' title="bbox 333 3318 2577 3397; baseline -0.001 -19"><span class='ocrx_word' id='word_1_261' title='bbox 333 3339 467 3378; x_wconf 85' lang='lat' dir='ltr'><strong>vam</strong></span> <span class='ocrx_word' id='word_1_262' title='bbox 515 3320 614 3378; x_wconf 85' lang='lat' dir='ltr'><strong>vel</strong></span> <span class='ocrx_word' id='word_1_263' title='bbox 659 3320 985 3397; x_wconf 83' lang='lat' dir='ltr'><strong>passivam,</strong></span> <span class='ocrx_word' id='word_1_264' title='bbox 1040 3319 1145 3380; x_wconf 89' lang='lat' dir='ltr'><strong>sed</strong></span> <span class='ocrx_word' id='word_1_265' title='bbox 1204 3318 1263 3379; x_wconf 89' lang='lat' dir='ltr'><strong>id</strong></span> <span class='ocrx_word' id='word_1_266' title='bbox 1323 3320 1612 3380; x_wconf 88' lang='lat' dir='ltr'><strong>denotant</strong></span> <span class='ocrx_word' id='word_1_267' title='bbox 1670 3318 1833 3396; x_wconf 89' lang='lat' dir='ltr'><strong>quod</strong></span> <span class='ocrx_word' id='word_1_268' title='bbox 1894 3337 2026 3378; x_wconf 88' lang='lat' dir='ltr'><strong>cum</strong></span> <span class='ocrx_word' id='word_1_269' title='bbox 2074 3318 2396 3396; x_wconf 89' lang='lat' dir='ltr'><strong>puerperio</strong></span> <span class='ocrx_word' id='word_1_270' title='bbox 2441 3336 2577 3376; x_wconf 88' lang='lat' dir='ltr'><strong>con-</strong></span> 
     </span>
     <span class='ocr_line' id='line_1_31' title="bbox 320 3403 2577 3499; baseline -0.001 -17"><span class='ocrx_word' id='word_1_271' title='bbox 320 3424 600 3499; x_wconf 88' lang='lat' dir='ltr'><strong>junctum</strong></span> <span class='ocrx_word' id='word_1_272' title='bbox 649 3427 755 3498; x_wconf 87' lang='lat' dir='ltr'><strong>est,</strong></span> <span class='ocrx_word' id='word_1_273' title='bbox 797 3422 1052 3482; x_wconf 82' lang='lat' dir='ltr'><strong>formata</strong></span> <span class='ocrx_word' id='word_1_274' title='bbox 1094 3427 1294 3484; x_wconf 83' lang='lat' dir='ltr'><strong>autem</strong></span> <span class='ocrx_word' id='word_1_275' title='bbox 1343 3441 1462 3482; x_wconf 89' lang='lat' dir='ltr'><strong>non</strong></span> <span class='ocrx_word' id='word_1_276' title='bbox 1508 3426 1649 3482; x_wconf 87' lang='lat' dir='ltr'><strong>sunt</strong></span> <span class='ocrx_word' id='word_1_277' title='bbox 1694 3427 1760 3481; x_wconf 86' lang='lat' dir='ltr'><strong>ut</strong></span> <span class='ocrx_word' id='word_1_278' title='bbox 1802 3403 2089 3499; x_wconf 83' lang='grc' dir='ltr'><em>λοχαῑος,</em></span> <span class='ocrx_word' id='word_1_279' title='bbox 2148 3425 2211 3482; x_wconf 88' lang='lat' dir='ltr'><strong>ut</strong></span> <span class='ocrx_word' id='word_1_280' title='bbox 2254 3439 2363 3498; x_wconf 88' lang='lat' dir='ltr'><strong>per</strong></span> <span class='ocrx_word' id='word_1_281' title='bbox 2406 3438 2577 3497; x_wconf 78' lang='lat' dir='ltr'><strong>pera·</strong></span> 
     </span>
     <span class='ocr_line' id='line_1_32' title="bbox 329 3505 2580 3602; baseline -0.001 -18"><span class='ocrx_word' id='word_1_282' title='bbox 329 3543 528 3602; x_wconf 85' lang='lat' dir='ltr'><strong>gogen</strong></span> <span class='ocrx_word' id='word_1_283' title='bbox 576 3525 825 3584; x_wconf 89' lang='lat' dir='ltr'><strong>ionicam</strong></span> <span class='ocrx_word' id='word_1_284' title='bbox 872 3543 909 3585; x_wconf 83' lang='lat' dir='ltr'><strong>a</strong></span> <span class='ocrx_word' id='word_1_285' title='bbox 956 3525 1191 3585; x_wconf 88' lang='lat' dir='ltr'><strong>nomine</strong></span> <span class='ocrx_word' id='word_1_286' title='bbox 1246 3523 1502 3600; x_wconf 90' lang='lat' dir='ltr'><strong>quodam</strong></span> <span class='ocrx_word' id='word_1_287' title='bbox 1558 3505 1810 3601; x_wconf 81' lang='lat' dir='ltr'><strong>verbali,</strong></span> <span class='ocrx_word' id='word_1_288' title='bbox 1870 3523 2031 3601; x_wconf 89' lang='lat' dir='ltr'><strong>quod</strong></span> <span class='ocrx_word' id='word_1_289' title='bbox 2093 3542 2212 3584; x_wconf 90' lang='lat' dir='ltr'><strong>non</strong></span> <span class='ocrx_word' id='word_1_290' title='bbox 2271 3523 2580 3596; x_wconf 82' lang='lat' dir='ltr'><strong>existebat,</strong></span> 
     </span>
    </p>
   </div>
   <div class='ocr_carea' id='block_1_3' title="bbox 565 3659 740 3665">
    <p class='ocr_par' dir='ltr' id='par_1_5' title="bbox 565 3659 740 3665">
     <span class='ocr_line' id='line_1_33' title="bbox 565 3659 740 3665; baseline 0 0"><span class='ocrx_word' id='word_1_291' title='bbox 565 3659 740 3665; x_wconf 95' lang='lat' dir='ltr'><strong> </strong></span> 
     </span>
    </p>
   </div>
   <div class='ocr_carea' id='block_1_4' title="bbox 330 3735 2580 4317">
    <p class='ocr_par' dir='ltr' id='par_1_6' title="bbox 330 3735 2580 4317">
     <span class='ocr_line' id='line_1_34' title="bbox 507 3735 2578 3809; baseline -0.001 -16"><span class='ocrx_word' id='word_1_292' title='bbox 507 3741 553 3803; x_wconf 77' lang='lat'><strong>⁶)</strong></span> <span class='ocrx_word' id='word_1_293' title='bbox 589 3737 734 3793; x_wconf 87' lang='lat' dir='ltr'><strong>Plin.</strong></span> <span class='ocrx_word' id='word_1_294' title='bbox 778 3737 998 3805; x_wconf 87' lang='lat' dir='ltr'><strong>XVIII,</strong></span> <span class='ocrx_word' id='word_1_295' title='bbox 1035 3741 1129 3805; x_wconf 75' lang='lat'><strong>44,</strong></span> <span class='ocrx_word' id='word_1_296' title='bbox 1168 3741 1290 3791; x_wconf 66' lang='lat'><strong>154:</strong></span> <span class='ocrx_word' id='word_1_297' title='bbox 1357 3737 1608 3792; x_wconf 69' lang='lat' dir='ltr'><strong>Caeles-te</strong></span> <span class='ocrx_word' id='word_1_298' title='bbox 1646 3738 1881 3809; x_wconf 69' lang='lat' dir='ltr'><strong>fraqum</strong></span> <span class='ocrx_word' id='word_1_299' title='bbox 1928 3737 2327 3807; x_wconf 77' lang='lat' dir='ltr'><strong>vinearumque</strong></span> <span class='ocrx_word' id='word_1_300' title='bbox 2373 3735 2578 3791; x_wconf 80' lang='lat' dir='ltr'><strong>malum</strong></span> 
     </span>
     <span class='ocr_line' id='line_1_35' title="bbox 331 3819 2576 3894; baseline -0.002 -17"><span class='ocrx_word' id='word_1_301' title='bbox 331 3825 487 3878; x_wconf 79' lang='lat' dir='ltr'><strong>nullo</strong></span> <span class='ocrx_word' id='word_1_302' title='bbox 543 3822 748 3878; x_wconf 73' lang='lat' dir='ltr'><strong>minus·</strong></span> <span class='ocrx_word' id='word_1_303' title='bbox 781 3824 1018 3879; x_wconf 70' lang='lat' dir='ltr'><strong>noxium</strong></span> <span class='ocrx_word' id='word_1_304' title='bbox 1073 3829 1157 3878; x_wconf 78' lang='lat' dir='ltr'><strong>est</strong></span> <span class='ocrx_word' id='word_1_305' title='bbox 1206 3822 1419 3894; x_wconf 76' lang='lat' dir='ltr'><strong>robiqo.</strong></span> <span class='ocrx_word' id='word_1_306' title='bbox 1511 3823 1999 3892; x_wconf 77' lang='lat' dir='ltr'><strong>Frequentissima</strong></span> <span class='ocrx_word' id='word_1_307' title='bbox 2051 3820 2191 3878; x_wconf 69' lang='lat' dir='ltr'><strong>Ilaec</strong></span> <span class='ocrx_word' id='word_1_308' title='bbox 2243 3822 2297 3876; x_wconf 79' lang='lat' dir='ltr'><strong>in</strong></span> <span class='ocrx_word' id='word_1_309' title='bbox 2352 3819 2576 3878; x_wconf 77' lang='lat' dir='ltr'><strong>roscido</strong></span> 
     </span>
     <span class='ocr_line' id='line_1_36' title="bbox 331 3907 2580 3980; baseline -0.001 -17"><span class='ocrx_word' id='word_1_310' title='bbox 331 3914 521 3964; x_wconf 78' lang='lat' dir='ltr'><strong>tractu</strong></span> <span class='ocrx_word' id='word_1_311' title='bbox 558 3908 1012 3980; x_wconf 72' lang='lat' dir='ltr'><strong>convallibusque</strong></span> <span class='ocrx_word' id='word_1_312' title='bbox 1047 3926 1115 3963; x_wconf 82' lang='lat' dir='ltr'><strong>ac</strong></span> <span class='ocrx_word' id='word_1_313' title='bbox 1147 3907 1444 3979; x_wconf 74' lang='lat' dir='ltr'><strong>perflatum</strong></span> <span class='ocrx_word' id='word_1_314' title='bbox 1495 3925 1607 3962; x_wconf 81' lang='lat' dir='ltr'><strong>non</strong></span> <span class='ocrx_word' id='word_1_315' title='bbox 1654 3907 2014 3970; x_wconf 73' lang='lat' dir='ltr'><strong>habentibuS‚·</strong></span> <span class='ocrx_word' id='word_1_316' title='bbox 2059 3925 2090 3961; x_wconf 80' lang='lat' dir='ltr'><strong>e</strong></span> <span class='ocrx_word' id='word_1_317' title='bbox 2126 3907 2348 3962; x_wconf 77' lang='lat' dir='ltr'><strong>diverso</strong></span> <span class='ocrx_word' id='word_1_318' title='bbox 2385 3911 2580 3961; x_wconf 72' lang='lat' dir='ltr'><strong>carent</strong></span> 
     </span>
     <span class='ocr_line' id='line_1_37' title="bbox 332 3991 2576 4064; baseline -0.004 -14"><span class='ocrx_word' id='word_1_319' title='bbox 332 4013 400 4050; x_wconf 81' lang='lat' dir='ltr'><strong>ea</strong></span> <span class='ocrx_word' id='word_1_320' title='bbox 439 4000 672 4048; x_wconf 78' lang='lat' dir='ltr'><strong>ventosa</strong></span> <span class='ocrx_word' id='word_1_321' title='bbox 709 3999 764 4048; x_wconf 79' lang='lat' dir='ltr'><strong>et</strong></span> <span class='ocrx_word' id='word_1_322' title='bbox 798 3993 1046 4049; x_wconf 76' lang='lat' dir='ltr'><strong>excelsa.</strong></span> <span class='ocrx_word' id='word_1_323' title='bbox 1120 3993 1280 4048; x_wconf 76' lang='lat' dir='ltr'><strong>Inter</strong></span> <span class='ocrx_word' id='word_1_324' title='bbox 1327 3993 1455 4046; x_wconf 78' lang='lat' dir='ltr'><strong>vitia</strong></span> <span class='ocrx_word' id='word_1_325' title='bbox 1502 3998 1747 4064; x_wconf 74' lang='lat' dir='ltr'><strong>seqetum</strong></span> <span class='ocrx_word' id='word_1_326' title='bbox 1795 3999 1847 4048; x_wconf 77' lang='lat' dir='ltr'><strong>et</strong></span> <span class='ocrx_word' id='word_1_327' title='bbox 1894 3991 2183 4046; x_wconf 73' lang='lat' dir='ltr'><strong>luxuria</strong></span> <span class='ocrx_word' id='word_1_328' title='bbox 2221 3997 2330 4055; x_wconf 79' lang='lat' dir='ltr'><strong>est,</strong></span> <span class='ocrx_word' id='word_1_329' title='bbox 2377 4007 2576 4062; x_wconf 76' lang='lat' dir='ltr'><strong>quum</strong></span> 
     </span>
     <span class='ocr_line' id='line_1_38' title="bbox 331 4076 2574 4149; baseline -0.003 -15"><span class='ocrx_word' id='word_1_330' title='bbox 331 4085 674 4135; x_wconf 80' lang='lat' dir='ltr'><strong>oneratae</strong></span> <span class='ocrx_word' id='word_1_331' title='bbox 735 4079 1129 4149; x_wconf 76' lang='lat' dir='ltr'><strong>fertilitate</strong></span> <span class='ocrx_word' id='word_1_332' title='bbox 1195 4077 1683 4149; x_wconf 77' lang='lat' dir='ltr'><strong>procumbunt.</strong></span> <span class='ocrx_word' id='word_1_333' title='bbox 1776 4078 1916 4132; x_wconf 85' lang='lat' dir='ltr'><strong>Num</strong></span> <span class='ocrx_word' id='word_1_334' title='bbox 1988 4076 2123 4131; x_wconf 81' lang='lat' dir='ltr'><strong>haec</strong></span> <span class='ocrx_word' id='word_1_335' title='bbox 2195 4083 2442 4132; x_wconf 78' lang='lat' dir='ltr'><strong>extrema</strong></span> <span class='ocrx_word' id='word_1_336' title='bbox 2506 4090 2574 4128; x_wconf 85' lang='lat' dir='ltr'><strong>ex</strong></span> 
     </span>
     <span class='ocr_line' id='line_1_39' title="bbox 330 4157 2577 4234; baseline -0.004 -15"><span class='ocrx_word' id='word_1_337' title='bbox 330 4163 614 4234; x_wconf 85' lang='lat' dir='ltr'><strong>Theophr.</strong></span> <span class='ocrx_word' id='word_1_338' title='bbox 662 4165 988 4233; x_wconf 79' lang='lat' dir='ltr'><strong>sumpserit,</strong></span> <span class='ocrx_word' id='word_1_339' title='bbox 1035 4163 1264 4232; x_wconf 87' lang='lat' dir='ltr'><strong>dubito,</strong></span> <span class='ocrx_word' id='word_1_340' title='bbox 1324 4169 1473 4217; x_wconf 84' lang='lat' dir='ltr'><strong>certe</strong></span> <span class='ocrx_word' id='word_1_341' title='bbox 1521 4163 1706 4232; x_wconf 82' lang='lat' dir='ltr'><strong>priora</strong></span> <span class='ocrx_word' id='word_1_342' title='bbox 1759 4178 1827 4217; x_wconf 85' lang='lat' dir='ltr'><strong>ex</strong></span> <span class='ocrx_word' id='word_1_343' title='bbox 1888 4163 2023 4216; x_wconf 85' lang='lat' dir='ltr'><strong>locis</strong></span> <span class='ocrx_word' id='word_1_344' title='bbox 2071 4176 2240 4230; x_wconf 86' lang='lat' dir='ltr'><strong>supra</strong></span> <span class='ocrx_word' id='word_1_345' title='bbox 2286 4160 2471 4215; x_wconf 74' lang='lat' dir='ltr'><strong>citatis</strong></span> <span class='ocrx_word' id='word_1_346' title='bbox 2516 4157 2577 4211; x_wconf 88' lang='lat' dir='ltr'><strong>in</strong></span> 
     </span>
     <span class='ocr_line' id='line_1_40' title="bbox 333 4243 2565 4317; baseline -0.005 -11"><span class='ocrx_word' id='word_1_347' title='bbox 333 4267 493 4306; x_wconf 85' lang='lat' dir='ltr'><strong>suum</strong></span> <span class='ocrx_word' id='word_1_348' title='bbox 533 4265 695 4304; x_wconf 83' lang='lat' dir='ltr'><strong>usum</strong></span> <span class='ocrx_word' id='word_1_349' title='bbox 734 4249 921 4316; x_wconf 84' lang='lat' dir='ltr'><strong>vertit,</strong></span> <span class='ocrx_word' id='word_1_350' title='bbox 955 4247 1085 4303; x_wconf 84' lang='lat' dir='ltr'><strong>hist.</strong></span> <span class='ocrx_word' id='word_1_351' title='bbox 1123 4248 1198 4317; x_wconf 88' lang='lat' dir='ltr'><strong>pl.</strong></span> <span class='ocrx_word' id='word_1_352' title='bbox 1236 4247 1391 4314; x_wconf 87' lang='lat' dir='ltr'><strong>VIII,</strong></span> <span class='ocrx_word' id='word_1_353' title='bbox 1423 4252 1499 4312; x_wconf 75' lang='lat'><strong>10,</strong></span> <span class='ocrx_word' id='word_1_354' title='bbox 1526 4252 1572 4300; x_wconf 80' lang='grc'><strong>’2.</strong></span> <span class='ocrx_word' id='word_1_355' title='bbox 1610 4263 1761 4301; x_wconf 84' lang='lat' dir='ltr'><strong>caus.</strong></span> <span class='ocrx_word' id='word_1_356' title='bbox 1800 4247 1874 4316; x_wconf 86' lang='lat' dir='ltr'><strong>pl.</strong></span> <span class='ocrx_word' id='word_1_357' title='bbox 1902 4248 2000 4314; x_wconf 88' lang='lat'><strong>111,</strong></span> <span class='ocrx_word' id='word_1_358' title='bbox 2025 4250 2110 4314; x_wconf 81' lang='lat'><strong>22,</strong></span> <span class='ocrx_word' id='word_1_359' title='bbox 2139 4250 2185 4298; x_wconf 81' lang='lat'><strong>2.</strong></span> <span class='ocrx_word' id='word_1_360' title='bbox 2224 4243 2321 4311; x_wconf 89' lang='lat' dir='ltr'><strong>lV,</strong></span> <span class='ocrx_word' id='word_1_361' title='bbox 2352 4248 2429 4308; x_wconf 72' lang='lat'><strong>14,</strong></span> <span class='ocrx_word' id='word_1_362' title='bbox 2456 4246 2502 4294; x_wconf 78' lang='lat'><strong>3.</strong></span> <span class='ocrx_word' id='word_1_363' title='bbox 2550 4263 2565 4270; x_wconf 61' lang='lat'><em>⁷</em></span> 
     </span>
    </p>
   </div>
  </div>
 </body>
</html>
