3166 4871
599 288 713 350 166

588 465 711 536 est,
768 478 1126 536 quamquam
1174 460 1248 519 dc
1295 464 1526 518 statura
1570 461 1706 538 ejus
1754 461 1897 520 nihil
1942 466 2032 520 est
2075 462 2343 520 relatum.
2392 490 2473 499 —-
2517 460 2825 537 Euripidis

588 563 924 623 fabularum
971 566 1230 622 actorem
1280 562 1393 622 hoc
1444 563 1575 622 loco
1637 564 1850 623 collato
1897 562 2359 622 Demesthenico
2405 561 2487 634 (d.
2528 561 2566 620 s.
2607 562 2642 620 1.
2672 561 2822 633 418)

585 666 930 742 intelligunt
1005 664 1359 725 Welckerus
1434 664 1494 738 (1.
1554 666 1590 723 1.
1660 685 1716 743 p.
1778 670 1935 743 710,
1994 662 2183 741 809),
2256 665 2623 725 Fritzschius
2709 663 2826 737 (ed.

586 789 713 829 ran.
758 787 814 846 p.
849 769 980 839 24),
1040 767 1313 828 Kockius
1359 766 1476 842 (ed.
1525 765 1707 846 ran.);
1773 771 2125 846 Droysenus
2169 767 2486 839 („Uebers.
2530 766 2638 828 des
2683 765 2818 827 Ar.“

586 892 641 950 p.
697 869 845 943 267)
907 871 1052 931 satis
1122 870 1303 931 habet
1358 871 1680 932 adnotare:
1745 872 1980 943 „Molon
2043 870 2189 931 wird
2247 869 2462 947 irgend
2521 870 2615 930 ein
2675 871 2825 929 vier-

585 973 922 1051 schrotiger
951 974 1222 1034 Athener
1265 973 1580 1050 geheissen
1630 973 1879 1035 haben.“
1975 974 2359 1034 Halbertsma
2403 970 2466 1045 (1.
2498 973 2534 1032 l.
2568 976 2671 1042 97)
2702 974 2824 1033 Mo·

586 1078 782 1138 ionem
829 1077 889 1135 in
922 1094 1127 1136 eorum
1175 1075 1526 1137 histrionum
1575 1096 1827 1150 numero
1872 1078 2127 1154 reponit,
2170 1094 2319 1152 quos
2363 1076 2529 1152 tangi
2574 1076 2649 1135 ab
2694 1075 2825 1134 Ari-

585 1181 880 1257 stophane
926 1182 1092 1240 certo
1138 1197 1257 1238 non
1304 1183 1541 1239 constet
1600 1180 1780 1257 „quia
1813 1179 1940 1257 jam
1986 1183 2239 1249 veteres,
2292 1179 2395 1255 qui
2441 1178 2542 1237 alii
2588 1179 2706 1237 alia
2750 1178 2825 1237 de

585 1284 657 1343 iis
703 1280 1018 1343 commenti
1064 1282 1205 1359 sint,
1251 1282 1394 1341 nihil
1426 1282 1501 1342 de
1532 1282 1601 1342 iis
1633 1287 1996 1359 compertum
2031 1282 2305 1341 habuisse
2335 1273 2702 1341 videantur.“
2741 1311 2824 1320 -

587 1385 744 1459 Quin
791 1384 949 1444 Molo
1009 1402 1044 1442 a
1104 1384 1507 1444 Demosthene
1569 1390 1930 1444 memoratus
1988 1384 2142 1444 idem
2190 1385 2269 1444 sit
2325 1400 2458 1443 cum
2516 1383 2828 1458 histrione,

585 1487 662 1547 de
722 1505 841 1564 quo
889 1485 1187 1563 Didymus
1244 1490 1303 1545 et
1346 1485 1733 1546 Timachidas
1779 1487 2072 1564 cogitant,
2133 1504 2314 1563 quum
2361 1489 2630 1562 tempora
2688 1490 2825 1561 apte

586 1593 923 1666 congruant
979 1589 1222 1649 dubium
1283 1607 1414 1649 esse
1468 1591 1570 1649 vix
1624 1593 1836 1667 potest.
1923 1589 1993 1648 Id
2055 1588 2296 1667 quidem
2357 1587 2825 1659 concedendum,

585 1692 806 1770 majore
851 1690 968 1751 fide
1013 1708 1123 1752 nos
1170 1689 1456 1752 accedere
1503 1691 1579 1751 ad
1628 1691 1867 1769 Didymi
1930 1696 1991 1751 et
2036 1691 2423 1752 Timachidae
2469 1690 2545 1750 de
2590 1691 2826 1751 Melone

584 1795 869 1855 histrione
915 1794 1312 1854 testimonium
1359 1813 1538 1871 quam
1586 1794 1663 1853 ad
1712 1794 2010 1872 Apollonii
2057 1793 2134 1854 de
2185 1793 2527 1854 Clidemide.
2615 1794 2825 1854 Fuisse

585 1898 883 1957 Molonem
924 1897 1222 1975 quendam
1256 1896 1617 1974 histrionem,
1660 1917 1697 1957 a
1730 1898 2130 1958 Demosthene
2176 1896 2593 1974 confirmatur3
2637 1896 2824 1956 fuisse

584 1999 966 2061 Clidemidem
999 1999 1333 2059 fabularum
1380 2005 1643 2060 actorem
1691 2000 1792 2060 uni
1826 2000 2151 2079 Apollonio
2192 1998 2559 2059 credendum
2607 2004 2711 2059 est.
2740 2030 2823 2038 —

583 2101 783 2180 Vides,
830 2119 1012 2179 quum
1064 2103 1357 2180 Didymus
1393 2102 1900 2180 Timachidasque
1946 2109 2188 2180 praeter
2229 2107 2414 2162 artem
2462 2101 2539 2161 de
2585 2102 2823 2162 Melone.

583 2206 873 2265 histrione
917 2205 1064 2264 nihil
1096 2203 1473 2284 tradiderint,
1520 2224 1704 2282 quum
1752 2223 1947 2282 neque
1991 2224 2029 2264 a
2059 2204 2461 2266 Demosthene
2507 2222 2703 2281 neque
2746 2205 2821 2263 ab

581 2307 1150 2368 commentatoribus
1195 2308 1316 2368 illis
1374 2308 1449 2368 de
1508 2312 1744 2368 statura
1802 2308 1934 2385 ejus
1996 2306 2321 2385 quidquam
2384 2306 2684 2384 proditum
2729 2307 2823 2383 sit,

577 2414 759 2471 totam
792 2410 1200 2487 quaestionem
1232 2409 1308 2471 ad
1336 2410 1574 2487 Didymi
1623 2410 1698 2471 de
1729 2411 1916 2471 altero
1946 2414 2279 2488 temporum
2313 2409 2548 2471 illorum
2583 2409 2820 2471 Molone

577 2513 975 2574 testimonium
1039 2511 1264 2583 redire3
1343 2515 1443 2589 qui
1505 2515 1557 2572 si
1613 2532 1817 2574 verum
1880 2514 2142 2590 rettulit,
2211 2512 2371 2572 haud
2433 2513 2589 2573 alius
2642 2531 2819 2590 quam

578 2615 785 2675 histrio
816 2614 1192 2692 relinquitur.
1236 2645 1318 2655 —
1366 2614 1537 2688 Quod
1586 2615 1660 2675 ad
1702 2616 2127 2676 sententiarum
2176 2634 2398 2675 nexum
2427 2616 2652 2687 attinet,
2698 2635 2816 2677 non

577 2717 998 2795 negligendum
1045 2721 1135 2777 est
1180 2736 1233 2776 v.
1264 2722 1344 2779 53
1391 2716 1577 2777 verba
1621 2717 1747 2777 fieri
1796 2718 1871 2778 de
1918 2717 2307 2778 Andromeda
2352 2717 2576 2791 fabula,
2621 2738 2816 2796 neque

577 2819 752 2880 video
798 2820 933 2897 quis
977 2820 1172 2897 aptius
1215 2820 1583 2898 intelligatur
1628 2820 1683 2880 h.
1717 2820 1754 2880 Ι.
1800 2839 1979 2898 quam
2026 2821 2182 2881 Molo
2230 2821 2470 2897 histrio3
2517 2840 2648 2881 mea
2693 2822 2818 2898 qui-

577 2920 712 2982 dem
762 2923 1058 2983 sententia
1103 2922 1500 2982 Athenienses
1559 2924 1660 3000 qui
1707 2923 2008 2984 Bacchum
2067 2922 2330 2983 fabulam
2378 2923 2817 2983 Andromedam

575 3031 994 3087 memorantem
1028 3026 1279 3087 subinde
1308 3045 1523 3087 nomen
1570 3012 1900 3106 ,,Μόλων“
1944 3028 2427 3104 pronuntiantem
2461 3027 2820 3087 audiverunt

573 3129 772 3205 potius
819 3148 994 3205 quam
1043 3129 1118 3189 de
1149 3148 1455 3208 quoquam
1501 3129 1621 3190 alio
1667 3129 1742 3190 de
1772 3130 2011 3190 Melone
2058 3130 2395 3190 fabularum
2442 3134 2644 3189 actore
2690 3134 2812 3189 tum

574 3232 859 3307 temporis
905 3233 1145 3307 vigente
1190 3232 1624 3308 cogitaverunt.
1668 3263 1747 3271 —
1795 3234 2008 3310 Egisse
2039 3233 2338 3293 Molonem
2371 3230 2812 3291 Andromedam

572 3338 745 3392 sexto
791 3336 931 3393 ante
975 3352 1154 3411 anno,
1198 3353 1235 3393 a
1278 3338 1422 3412 411,
1467 3334 1706 3395 doctam
1753 3354 1886 3395 cum
1927 3335 2259 3395 Fritzschio
2305 3353 2338 3394 e
2384 3334 2561 3394 nudis
2606 3334 2813 3393 comici

572 3434 770 3495 verbis
814 3454 1030 3513 cogere
1077 3436 1271 3495 nolim.

741 3537 1282 3616 Cephisophontem
1309 3539 1615 3617 Euripidis
1646 3540 1828 3601 fuisse
1858 3540 2196 3600 fabularum
2229 3543 2492 3600 actorem
2523 3539 2813 3600 aThoma

571 3639 857 3716 Magistro
905 3642 963 3699 in
1011 3641 1134 3700 vita
1179 3642 1506 3718 Euripides
1547 3643 1830 3703 traditum
1878 3650 1971 3702 est
2014 3642 2158 3716 („--
2190 3631 2508 3721 φωράσας
2553 3634 2625 3699 δὲ
2684 3626 2810 3698 τὸν

568 3732 811 3800 ἑαυτοῦ
868 3730 1248 3823 ὑποκριτὴν
1295 3741 1799 3823 Κηφισοφῶντα
1843 3737 1956 3803 ἐπὶ
2018 3740 2100 3821 τῇ
2151 3738 2463 3823 γυναικὶ.
2501 3790 2513 3802 .
2549 3742 2661 3822 .“),
2713 3746 2806 3804 cui

567 3843 740 3905 fidem
798 3844 1014 3933 habere
1064 3846 1345 3906 videntur
1393 3847 1774 3907 Halbertsma
1817 3846 1944 3919 (1.1.
1994 3867 2039 3908 s.
2070 3868 2126 3908 n.
2169 3844 2688 3926 ,‚Cep11isophon“)
2750 3850 2809 3906 et

565 3945 928 4007 Ribbeckius
1002 3945 1119 4021 (ed.
1179 3948 1284 4007 Ar.
1328 3948 1590 4009 Acharn.
1651 3951 1788 4011 adn.
1833 3950 1909 4010 ad
1968 3969 2025 4010 v.
2057 3953 2180 4011 365
2241 3980 2327 3991 —
2370 3951 2531 4027 „Der
2583 3950 2809 4010 Diener

563 4053 721 4125 tragt
764 4049 823 4109 in
870 4049 987 4109 den
1031 4048 1305 4110 Scliolien
1354 4050 1471 4111 den
1519 4053 1752 4113 Namen
1800 4051 1907 4113 des
1949 4053 2402 4130 Kephisophon,
2446 4052 2554 4113 des
2584 4052 2805 4114 Schau-

562 4151 816 4227 spielers
872 4152 992 4213 und
1052 4153 1187 4220 (wie
1244 4154 1439 4229 einige
1501 4153 1815 4232 glaubten)
1879 4156 2270 4217 Mitarbeiters
2328 4156 2434 4214 des
2488 4154 2806 4231 Euripides

562 4254 747 4326 etc.“).
797 4285 874 4293 -—
925 4256 1012 4313 De
1037 4256 1525 4332 Cephisophonte
1557 4266 1758 4318 antem
1806 4258 2012 4318 dubito
2060 4277 2198 4317 num
2246 4261 2488 4334 praeter
2532 4259 2587 4317 id
2636 4257 2802 4333 quod
