3166 4871
2529 316 2652 412 215

411 494 709 555 inferioris
753 494 994 570 ordinis,
1044 494 1212 553 velut
1257 494 1314 553 in
1349 494 1582 572 vespis,
1630 493 1722 553 ubi
1771 495 2060 555 Xanthias
2104 498 2162 553 ct
2192 491 2393 554 Sosius
2432 492 2655 551 cedunt

411 597 784 658 Philoclconi
828 603 888 657 et
932 596 1343 675 Bdelycleoni,
1387 598 1602 674 partim
1648 599 1958 676 amplioris
2003 604 2064 659 et
2105 596 2434 676 gravioris,
2489 596 2656 656 velut

411 699 472 759 in
526 698 712 760 Ranis
774 703 834 759 et
889 698 1101 778 Pluto,
1167 699 1265 759 ubi
1332 699 1611 776 equidem
1671 720 1788 762 non
1851 699 2025 762 video
2082 719 2192 761 cur
2236 698 2531 758 Xanthiae
2594 703 2655 758 et

410 800 680 862 Carionis
724 806 929 879 partes
972 802 1298 880 primarum
1348 802 1535 863 actori
1582 803 1779 865 minus
1823 804 2186 864 conveniant
2223 821 2399 880 quam
2434 801 2650 862 Bacchi

408 907 469 964 et
499 902 820 982 Obremyli.
891 903 1213 966 Servorum
1250 909 1454 984 partes
1484 908 1543 966 in
1589 908 1818 985 graecis
1862 926 2016 986 quae
2047 910 2288 968 exstant
2330 906 2652 968 comoediis

408 1007 635 1085 majore
681 1008 920 1086 quidem
967 1026 1216 1070 numero
1262 1027 1393 1070 esse
1440 1029 1623 1088 quam
1669 1012 1725 1070 in
1776 1012 2070 1071 communi
2115 1011 2270 1088 vita,
2313 1027 2486 1070 nemo
2532 1028 2651 1070 non

408 1108 598 1182 videt,
658 1129 855 1189 neque
912 1112 1338 1190 negligendum
1398 1115 1459 1174 in
1525 1114 1657 1175 aliis
1722 1114 1992 1192 partibus
2050 1113 2253 1174 valere
2305 1111 2512 1173 comici
2567 1113 2651 1172 bi·

408 1213 649 1274 strionis
706 1215 1007 1292 ingenium
1068 1216 1128 1276 in
1183 1216 1315 1275 aliis
1374 1217 1604 1294 tragici.
1719 1215 2008 1277 Conferre
2051 1216 2230 1294 Juvat
2287 1214 2649 1275 comoediam

406 1316 752 1395 Romanam,
795 1317 1062 1378 Terentii
1107 1318 1543 1390 Phormionem,
1591 1318 1765 1397 cujus
1808 1319 2033 1397 primae
2063 1318 2440 1379 Phormionis
2481 1337 2652 1397 para·

407 1418 502 1479 siti
560 1417 806 1480 fuerunt
864 1423 1066 1499 partes
1137 1418 1316 1499 (prol.
1373 1440 1431 1482 V.
1492 1424 1571 1482 27
1630 1426 1689 1481 et
1735 1419 1856 1494 28).
1958 1421 2127 1495 Quae
2187 1439 2320 1481 cum
2378 1422 2464 1482 ita
2517 1423 2651 1494 sint,

408 1522 600 1600 egisse
645 1521 923 1601 Satyrum
968 1542 1397 1602 nonnunquam
1465 1516 1902 1603 ,,Καρίωνος“
1946 1527 2008 1584 et
2065 1515 2478 1602 ,,Ξανθὶου“,
2520 1525 2555 1584 i.
2600 1543 2651 1585 e.

407 1642 717 1685 servorum
770 1630 978 1703 partes
1036 1625 1219 1686 nihilo
1283 1626 1670 1704 prohibemur
1728 1626 2003 1704 credere;
2063 1627 2394 1688 cavendum
2451 1632 2648 1687 autem

406 1730 551 1805 puto
598 1746 672 1789 ne
718 1728 914 1788 locum
958 1727 1123 1789 illum
1155 1728 1557 1789 Aeschineum
1605 1729 1688 1788 ita
1732 1729 2147 1805 intelligamus,
2193 1729 2364 1807 quasi
2397 1728 2651 1804 Satyrus

406 1847 639 1908 semper
692 1848 1001 1891 servornm
1064 1834 1266 1909 partes
1321 1832 1545 1909 egerit,
1604 1848 1911 1892 servorum
1959 1834 2167 1909 partes
2211 1829 2409 1907 Satyri
2454 1832 2649 1892 aetate

404 1934 721 2012 primarum
784 1937 1049 1994 actorum
1111 1933 1337 1994 fuerint
1386 1933 1702 2011 propriae;
1779 1932 1939 2009 quod
2005 1933 2254 2008 cogitari
2315 1937 2544 2010 posset,
2602 1933 2650 1994 si

406 2036 647 2095 omnino
707 2035 764 2094 in
830 2033 1021 2094 media
1080 2034 1387 2095 comoedia
1444 2053 1753 2095 servorum
1799 2040 2003 2113 partes
2066 2038 2403 2096 ceterarum
2448 2053 2651 2113 perso-

405 2156 617 2199 narum
661 2136 932 2214 partibus
991 2137 1494 2214 praevaluissent3
1560 2143 1720 2198 stare
1779 2141 1975 2197 autem
2036 2138 2194 2198 malo
2239 2138 2299 2197 in
2354 2138 2654 2198 sententia

406 2241 506 2301 illa
558 2239 988 2320 probabiliore,
1063 2243 1356 2299 oratorem
1423 2240 1655 2300 ratione
1732 2238 2101 2301 deformandi
2181 2257 2348 2300 usum
2407 2241 2653 2302 consilio

404 2342 621 2421 Satyro
665 2342 944 2403 tribuisse
990 2360 1297 2403 servorum
1343 2343 1709 2421 potissimum
1757 2345 1979 2421 partes.

574 2448 696 2508 Iam
743 2446 819 2507 ad
851 2447 1115 2524 reliquos
1158 2445 1421 2524 procedo
1467 2465 1659 2524 usque
1705 2445 1778 2506 ad
1816 2446 2151 2507 Alexandri
2198 2447 2395 2525 magni
2427 2446 2651 2507 obitum

404 2550 842 2613 comoediarum
899 2555 1161 2628 actores,
1219 2549 1707 2623 Parmenontem,
1776 2549 2234 2621 Nausicratem,
2290 2550 2650 2624 Aristonem,

403 2655 848 2727 Phormionem,
915 2654 1224 2730 Lyconem.
1315 2652 1586 2726 Quorum
1652 2653 1880 2730 primus
1940 2651 2186 2730 quando
2245 2650 2372 2712 fere
2418 2652 2651 2741 frixerit,

409 2778 483 2820 ex
527 2756 848 2820 Aeschinis
894 2761 1039 2818 orat.
1083 2755 1234 2816 Tim.
1283 2758 1400 2816 157
1449 2753 1624 2828 (188)
1681 2755 2050 2833 intelligitur,
2110 2754 2242 2816 loco
2293 2755 2418 2833 jam
2466 2773 2653 2833 supra

404 2862 678 2940 laudato,
738 2861 841 2921 ubi
885 2859 958 2920 de
1002 2859 1321 2919 Timarcho
1368 2856 1588 2920 Orator
1633 2857 1782 2917 haec
1835 2857 2095 2936 profert:
2148 2840 2258 2929 ηῗς
2315 2840 2652 2936 εὐπρεπὴς

405 2950 507 3022 ὢν
580 2956 748 3022 ἰδεῖν
793 2956 1124 3021 τοσοῦτον
1187 2947 1417 3038 ἀπέχει
1460 2957 1607 3019 τῶν
1668 2952 1980 3037 αἰσχρῶν,
2036 2944 2202 3030 ὥςτε
2260 2943 2500 3038 πρῴην
2577 2952 2652 3018 ἐν

405 3071 548 3136 τοῖς
595 3048 740 3123 κατ’
786 3047 1029 3142 ἀγροὺς
1072 3057 1449 3134 Διονυσίοις
1492 3056 1851 3140 κωμῳδῶν
1909 3046 2132 3119 ὄντων
2175 3052 2250 3119 ἐν
2296 3056 2650 3140 Κολλυτῷ,

406 3161 520 3228 καὶ
550 3159 1023 3245 Παρμένοντος
1066 3161 1192 3224 τοῦ
1238 3161 1543 3243 κωμικοῦ
1588 3146 1966 3242 ὑποκριτοῦ
2014 3151 2328 3234 εἰπόντος
2369 3180 2435 3222 τι
2477 3149 2652 3242 πρὸς

403 3259 530 3330 τὸν
552 3257 763 3349 χορὸν
796 3252 1216 3328 ἀνάπαιστον
1261 3260 1336 3326 ἐν
1365 3248 1421 3348 ᾧ
1469 3247 1552 3348 ἦν
1580 3255 1754 3325 εἶναί
1783 3281 1971 3338 τινας
1996 3254 2297 3343 πόρνους
2322 3255 2652 3345 μεγάλους

416 3361 871 3453 Τιμαρχώδεις,
918 3355 1141 3443 οὐδεὶς
1187 3358 1658 3448 ὑπελάμβανεν
1700 3362 1792 3441 εἷς
1834 3353 1916 3427 τὸ
1957 3356 2325 3448 μειράκιον,
2368 3351 2516 3427 ἀλλ’
2559 3360 2651 3439 εἰς

406 3469 475 3537 σὲ
516 3464 766 3547 πάντες
798 3520 812 3535 .
845 3520 858 3533 .
898 3473 947 3532 .“

575 3578 847 3639 Eundem
909 3577 1078 3637 novit
1131 3576 1563 3655 problematum
1613 3574 1867 3646 illorum,
1931 3591 2087 3651 quae
2135 3572 2477 3634 Aristotelis
2535 3573 2648 3633 sub

406 3681 642 3743 nomine
698 3682 963 3758 exstant,
1023 3682 1238 3740 auctor
1296 3697 1369 3739 ac
1428 3676 1727 3755 significat
1781 3677 1842 3737 in
1905 3676 2095 3755 probl.
2142 3674 2386 3747 XXVII,
2429 3680 2485 3749 3,
2545 3675 2649 3736 ubi

406 3783 674 3863 quaerit,
733 3781 1033 3863 quomodo
1097 3782 1215 3853 fiat,
1262 3786 1330 3842 ut
1374 3799 1515 3860 pars
1559 3779 1767 3841 eadem
1812 3779 2110 3858 eorporis,
2154 3797 2226 3840 ea
2271 3796 2485 3856 nempe
2530 3797 2651 3856 qua

405 3888 691 3966 sitiamus,
733 3886 1059 3947 resiccctur
1102 3887 1342 3964 utrique
1391 3887 1450 3944 et
1495 3883 1777 3944 metuenti
1825 3885 1884 3943 et
1928 3882 2238 3953 irascenti3
2286 3885 2446 3941 metu
2493 3881 2649 3941 sitim

404 4009 580 4069 posse
641 3988 830 4068 effici,
904 3987 1236 4049 confirmari
1303 3987 1554 4047 militum
1632 3984 1975 4064 fugatorum
2037 3986 2429 4062 argumento;
2498 4001 2652 4061 quos

375 4105 727 4170 'numquam
759 4090 907 4152 alias
934 4094 1248 4170 tantopere
1282 4090 1479 4166 sitire;
1524 4088 1680 4157 item,
1728 4087 1942 4165 pergit,
1986 4085 2358 4164 trepidantes
2387 4071 2652 4163 (ἀγωνι-

407 4189 634 4266 ῶντες)
693 4192 1010 4254 admodum
1057 4193 1252 4253 sitire:
1320 4180 1466 4261 „ded
1513 4184 1627 4249 καὶ
1687 4172 2162 4266 διακλῦζονται
2215 4181 2329 4246 καὶ
2387 4177 2652 4265 ἐπιῤῥο-

408 4292 631 4370 moi-ot,
677 4282 991 4374 καθάπερ
1025 4288 1400 4373 Παρμένων
1447 4281 1486 4350 ὁ
1529 4280 1936 4373 ὑποκριτής·
1984 4278 2024 4371 ἢ
2067 4279 2333 4361 τούτοις
2374 4281 2497 4368 μὲν
2525 4273 2652 4348 οὐκ

2139 4402 2243 4455 14¹⁸·
