3166 4871
558 314 676 373 144
1547 307 1801 363 zacher

553 490 789 547 veteres
845 487 1089 547 criticos
1154 506 1272 547 non
1333 492 1452 547 tam
1513 506 1580 547 re
1639 487 1775 563 ipsa
1830 486 2171 565 compulsos
2232 503 2360 546 esse
2424 484 2808 564 crediderim,

552 608 731 666 quam
775 589 1014 650 insolita
1056 589 1225 649 vocis
1272 581 1566 666 ἐχιναῖον
1613 589 1823 668 forma,
1868 609 2019 665 quae
2066 606 2186 649 nou
2230 592 2430 666 potest
2475 589 2585 653 nisi
2632 590 2799 666 quod

551 688 676 749 τοῦ
733 683 958 769 ἐχίνου
1018 693 1142 751 sive
1203 692 1467 752 erinacei
1529 692 1608 751 sit
1674 691 2026 768 significare.
2134 689 2362 765 Quodsi
2422 690 2799 751 Nicandrum

552 786 859 869 ἐχιαῑον
903 794 1211 870 scripsisse
1259 812 1488 854 mecum
1535 795 1850 870 statueris,
1911 812 2030 854 non
2080 795 2209 870 jain
2252 796 2517 870 ineptum
2560 799 2669 853 aut
2711 794 2802 853 in-

552 896 798 971 diguum
829 895 1136 957 Nicandro
1168 888 1386 956 dices.“
1473 895 1592 957 Sed
1637 897 1737 956 vix
1767 895 2066 974 credibile,
2110 897 2530 973 grammaticos
2563 898 2799 955 veteres

551 998 1105 1074 propter‘formam
1162 990 1456 1074 ἐχιναῑον
1517 1017 1756 1058 versum
1811 1017 1919 1074 pro
1979 999 2182 1075 spurio
2228 999 2536 1075 habuisse,
2596 1015 2797 1073 neque

548 1101 747 1175 potius
810 1102 969 1176 ipsos
1030 1102 1223 1161 levem
1287 1101 1572 1160 medelam
1637 1092 1890 1178 ἐχιαῑον
1946 1102 2274 1178 invenisse,
2335 1101 2385 1160 si
2445 1102 2594 1161 haec
2656 1119 2793 1159 cum

549 1202 781 1277 legibus
828 1202 1093 1262 Graecae
1155 1203 1397 1280 linguae
1459 1204 1859 1263 convenisset.
1944 1204 2130 1263 Immo
2184 1203 2245 1263 in
2304 1204 2438 1279 ipsa
2494 1203 2796 1263 sententia

555 1322 735 1363 causa
791 1305 986 1380 posita
1041 1305 1225 1366 fuisse
1271 1306 1538 1384 videtur,
1563 1343 1568 1349 -
1597 1324 1705 1364 cur
1760 1324 1997 1365 versum
2058 1306 2401 1381 rejicerent,
2460 1323 2613 1383 quae
2658 1322 2792 1364 sen-

550 1408 736 1467 tentia
761 1408 902 1467 mihi
927 1408 1167 1484 quidem
1192 1410 1335 1468 satis
1368 1409 1516 1467 mira
1547 1407 1806 1471 videtur.
1866 1408 2023 1481 Quid
2046 1409 2076 1466 ⁴?
2107 1407 2268 1485 quod
2301 1426 2533 1485 angues
2558 1408 2796 1483 linguas

548 1510 791 1570 vibrant
836 1514 896 1570 et
941 1511 1166 1570 caudas
1211 1512 1476 1587 flectunt,
1519 1510 1578 1570 id
1629 1516 1909 1570 vocatum
1956 1502 2090 1570 esse
2135 1499 2452 1569 κωκυτὸν
2481 1502 2797 1586 ἐχιναῑον,

549 1612 842 1672 ululatum
889 1613 1270 1690 serpentium,
1314 1613 1374 1672 id
1420 1632 1538 1673 non
1588 1614 1795 1672 mirum
1843 1614 1974 1673 est?
2033 1604 2319 1688 ἐχιναῑος
2362 1616 2561 1673 autem
2606 1629 2791 1689 quum

549 1714 623 1773 ab
663 1706 954 1774 'omnibus
1008 1714 1176 1773 libris
1230 1721 1293 1775 et
1348 1714 1421 1773 ab
1475 1715 1591 1774 EM
1649 1714 2030 1789 exhibeatur,
2088 1732 2198 1791 pro
2258 1716 2521 1791 genuina
2578 1717 2793 1789 poetae

549 1818 847 1894 scriptura
908 1816 1245 1877 habendum
1309 1821 1417 1876 est.
1521 1817 1697 1877 Vitae
1760 1816 2147 1893 quotidianae
2210 1816 2460 1879 fortasse
2518 1814 2632 1877 fuit
2689 1815 2795 1875 illa

550 1920 790 1996 icontie,
833 1918 1089 1980 fortasse
1137 1919 1375 1980 dialecti
1422 1920 1618 1981 nescio
1665 1920 1835 1979 cuius
1879 1920 2152 1998 propria,
2194 1937 2391 1996 neque
2432 1918 2792 1979 incredibile

550 2026 657 2098 est,
702 2040 775 2081 ex
820 2012 952 2098 ἔχις
997 2041 1116 2082 non
1162 2022 1355 2082 solum
1401 2012 1629 2098 ἔχιδνα
1674 2025 1877 2081 natum
1922 2039 2073 2099 esse,
2117 2021 2430 2083 scd-etiam
2464 2022 2561 2081 vel
2607 2012 2793 2099 ἔχινα

548 2142 622 2182 cx
682 2124 890 2184 eodem
953 2115 1194 2201 exc-vja
1239 2123 1401 2184 unde
1446 2129 1508 2184 et
1549 2124 1746 2201 ipsum
1792 2115 2016 2200 ἔχιδνα
2061 2122 2251 2197 (Gurt.
2296 2120 2417 2184 Et.3
2449 2119 2632 2202 599),
2687 2123 2794 2184 vel

547 2218 758 2304 ἐχίνη,
815 2231 882 2285 ut
935 2219 1187 2304 ὁωτίνη
1244 2246 1318 2286 cx
1380 2219 1580 2295 δῶτις
1626 2219 1898 2300 (deduce),
1942 2220 2181 2305 γυρίνη
2228 2244 2301 2286 ex
2345 2222 2547 2304 γῦρις.
2636 2226 2797 2286 Hinc
2854 2244 2869 2253 ·

548 2327 722 2387 facile
769 2326 1028 2388 derivari
1073 2330 1268 2405 potuit
1312 2329 1433 2406 adj.
1478 2322 1802 2406 ἐχινατος.·
1847 2327 1956 2388 sed
1986 2321 2232 2404 ἐχιαῑος
2262 2346 2521 2406 graecae
2551 2328 2796 2404 linguae

545 2429 779 2506 legibus
809 2433 1134 2507 repugnat,
1180 2449 1365 2507 quum
1396 2450 1519 2492 non
1547 2430 1707 2493 soliti
1736 2431 1856 2492 sint
1887 2430 2100 2492 Gracci
2143 2431 2614 2492 terminationem
2648 2447 2796 2501 αιος

513 2531 772 2598 &addere
819 2515 992 2609 stirpi
1038 2533 1098 2591 in
1144 2550 1166 2589 ι
1213 2533 1527 2612 desinenti,
1569 2531 1630 2593 id
1677 2533 1839 2611 quod
1886 2533 2044 2594 infra
2086 2533 2444 2596 docebimus.

715 2627 823 2693 52.
912 2614 1135 2712 ἢλιαί
1149 2653 1217 2707 α,
1263 2654 1383 2712 quo
1431 2635 1726 2696 vocabulo
1757 2635 2157 2696 Athenienses
2204 2636 2528 2697 utebantur
2565 2635 2640 2695 ad
2684 2624 2827 2696 sex*

545 2737 766 2795 milium
804 2735 1078 2813 judicum
1125 2738 1446 2814 quotannis
1493 2757 1565 2798 ex
1611 2738 1837 2815 populo
1880 2738 2203 2798 electorum
2245 2737 2566 2815 collegium
2611 2737 2769 2798 deno

545 2839 824 2917 tandum,
878 2837 1002 2898 fere
1062 2839 1442 2900 consentiunt
1488 2842 1601 2900 viri
1647 2840 1807 2901 docti
1854 2847 2170 2917 cognatum
2218 2859 2350 2901 esse
2409 2859 2546 2901 cum
2607 2826 2793 2917 ἂλής,

545 2925 722 3013 ἅλις,
769 2927 1013 3014 ἁλίζω,
1069 2945 1129 3001 et
1173 2941 1508 3002 derivatum
1555 2959 1689 3002 esse
1733 2943 1812 3002 'ab
1859 2928 2052 3016 ἁλία,
2111 2943 2230 3003 ion.
2273 2928 2485 3021 ἁλίη.’
2539 2930 2651 3002 Ea*
2659 2943 2789 3019 jam

542 3043 829 3119 Stephani
857 3031 1136 3119 Byzantii
1161 3046 1460 3108 sententia
1488 3043 1631 3105 fuit:
1666 3031 1957 3104 ἹΙλιαία·
1997 3034 2179 3122 παρὰ
2209 3034 2289 3103 τὸ
2322 3028 2468 3115 ἅλις
2496 3038 2788 3122 γίγνεται

542 3131 697 3202 ἁλία
742 3139 856 3203 καὶ
898 3134 1215 3227 δεύτερον
1251 3135 1664 3226 παράγωγον
1695 3133 1939 3226 ἡλιαία.
2016 3148 2093 3207 Et
2121 3147 2463 3224 Hesychius
2495 3167 2530 3208 a
2559 3149 2787 3208 Taren·

542 3247 678 3306 tinis
724 3249 962 3308 comitia
991 3252 1206 3308 vocata
1234 3267 1366 3309 esse
1410 3233 1640 3308 ἅλιαία
1683 3248 1897 3308 tradit:
1943 3232 2233 3309 Ἀλιαίαν
2267 3239 2392 3328 τήν
2425 3241 2790 3329 ἐκκλησίαν

551 3346 965 3427 Ταραντῖνοι.
1057 3349 1216 3425 Quin
1263 3352 1425 3428 apud
1469 3352 1635 3428 ipsos
1679 3351 2079 3413 Athenienses
2135 3352 2291 3412 hanc
2334 3353 2608 3412 vocabuli
2668 3353 2787 3412 vim

541 3450 727 3511 fuisse
773 3450 951 3512 docet
993 3472 1239 3530 gramm.
1286 3472 1379 3531 ap.
1425 3452 1614 3514 Bekk.
1645 3473 1742 3514 an.
1785 3473 1842 3532 p.
1877 3450 2018 3531 310,
2050 3450 2155 3512 32:
2201 3446 2508 3514 ἐκαλεῖτο
2557 3448 2627 3513 δὲ
2673 3447 2790 3512 καὶ

538 3541 793 3631 μεγάλη
825 3545 1162 3633 ἐκκλησία.
1209 3555 1488 3617 Ceterum
1514 3575 1634 3617 non
1667 3558 1843 3634 plane
1877 3556 2033 3618 idem
2064 3573 2197 3617 esse
2229 3559 2597 3640 prototypon
2622 3555 2787 3617 vocis

540 3640 770 3732 ἡλιαία
813 3660 995 3734 atque
1042 3657 1169 3718 dor.
1213 3644 1370 3717 ἁλία
1413 3658 1716 3736 intelligas
1761 3678 1836 3719 ex
1881 3658 2077 3720 ionica
2122 3658 2314 3719 forma
2341 3645 2517 3739 ἁλίη,
2562 3676 2636 3717 ex
2667 3676 2790 3734 qua

543 3756 760 3836 discas,
790 3777 833 3817 a
857 3761 1086 3836 primae
1115 3760 1385 3837 syllabae
1416 3780 1613 3837 neque
1642 3763 2052 3823 contractione
2086 3767 2289 3822 natum
2320 3780 2515 3838 neque
2545 3762 2787 3827 omnino

538 3858 782 3936 longum
826 3880 979 3941 esse,
1022 3862 1128 3923 sed
1175 3863 1378 3946 breve,
1421 3865 1480 3924 id
1525 3864 1689 3940 quod
1720 3864 1949 3925 monuit
1979 3864 2223 3925 Meister
2263 3863 2339 3924 de
2380 3863 2523 3924 dial:
2546 3863 2787 3923 Heracl.

542 3962 710 4022 stud.
741 3963 843 4041 IV,
875 3960 989 4021 401
1024 3983 1143 4043 sq.;
1197 3965 1358 4042 apud
1400 3961 1635 4027 Atticos
1679 3965 2037 4044 amplificata
2082 3970 2174 4028 est
2216 3966 2444 4028 vocalis
2487 3965 2788 4038 radicalis.

538 4063 696 4137 Quid
743 4083 886 4126 vero
945 4066 1180 4127 intersit
1240 4069 1398 4129 inter
1455 4072 1827 4146 prototypon
1870 4068 2039 4130 -illud
2098 4054 2259 4146 ἡλία
2319 4073 2379 4128 et
2435 4086 2782 4145 paragogou

536 4153 785 4244 ἡλιαία,
833 4167 1079 4229 difficile
1112 4169 1350 4231 dixeris.
1435 4172 1589 4232 Nam
1639 4176 1698 4232 ct
1726 4171 1840 4248 ipsi
1873 4170 2171 4232 vocabulo
2201 4158 2360 4249 ἡλία
2388 4170 2574 4232 fuisse
2604 4172 2787 4248 signi·

537 4269 874 4330 ficationem
907 4271 1175 4350 eandem,
1207 4272 1402 4333 discas
1431 4292 1464 4332 e
1491 4274 1799 4336 vocabulis
1825 4275 1901 4335 ab
1931 4260 2089 4351 ἧλία
2112 4275 2402 4336 derivatis
2430 4259 2787 4353 ἡλιάζομαι
