3166 4871
1143 910 1559 994 Addenda
1613 914 1703 995 et
1753 911 2298 1013 corrigenda.

775 1124 999 1199 Collegi
1073 1125 1131 1182 iu
1202 1123 1313 1182 hoe
1368 1123 1566 1183 libello
1639 1142 1710 1182 ea
1769 1123 2017 1183 oracula
2074 1142 2230 1200 quae
2289 1124 2452 1201 apud
2515 1124 2838 1202 scriptores

601 1244 854 1304 graecos
926 1208 1261 1303 iatinosque
1327 1233 1565 1286 exstant
1624 1231 1770 1303 quot
1824 1227 2065 1303 quidem
2124 1227 2360 1303 inveni;
2435 1226 2709 1286 consulto
2766 1244 2839 1285 ea

602 1331 801 1406 omisi,
859 1347 1014 1405 quae
1060 1329 1172 1387 iam
1222 1329 1380 1387 edita
1423 1333 1564 1388 sunt
1608 1347 1644 1387 a
1687 1328 1953 1389 Gustavo
2003 1327 2241 1388 Wolffio
2287 1330 2349 1387 in
2393 1328 2543 1389 libro
2586 1329 2687 1388 illo
2733 1329 2835 1405 qui

600 1430 940 1489 inscribitur
1005 1429 1362 1505 „Porphyrii
1436 1428 1510 1487 de
1578 1428 1959 1506 philosophia
2030 1448 2103 1488 ex
2173 1431 2433 1490 oraculis
2507 1430 2837 1490 haurienda

602 1531 884 1591 librorum
934 1523 1275 1607 reliquiae“.

768 1634 833 1691 P.
866 1630 924 1691 3.
1010 1632 1105 1692 Ad
1154 1632 1440 1707 exempla,
1484 1631 1704 1707 quibus
1748 1632 2065 1692 ostendere
2109 1632 2314 1692 studui
2354 1652 2664 1694 numerum
2693 1627 2836 1711 τρὶς

598 1728 794 1793 ἐννέα
824 1735 883 1793 in
930 1734 1350 1810 superstitione
1397 1738 1671 1792 sanetum
1715 1734 2012 1809 quendam
2059 1740 2331 1809 putatum
2378 1752 2528 1810 esse,
2568 1735 2726 1795 adde
2755 1749 2835 1794 ex

597 1838 743 1914 ipsis
762 1836 1021 1898 oraculis
1047 1833 1189 1906 [157
1224 1854 1277 1895 v.
1311 1834 1433 1905 131:
1464 1828 1738 1913 κέλομαὶ
1761 1847 1827 1894 σε
1853 1829 1996 1913 τρὶς
2018 1827 2213 1894 ἐννέα
2243 1827 2535 1916 ταύρους
2564 1831 2832 1914 θυέμεν.

1004 1939 1149 2015 Pag.
1196 1937 1233 1994 5
1277 1938 1376 1997 lin.
1421 1934 1500 1995 24
1548 1938 1683 2016 lege
1725 1927 2025 1998 παλαιὰν
2064 1934 2400 2017 μαντείαν.

1056 2084 1090 2118 ,,
1190 2036 1229 2097 9
1302 2084 1337 2118 ‚‚
1429 2037 1505 2096 15
1601 2084 1635 2118 ,‚
1732 2032 2163 2099 δυωδέκατοι.

766 2139 1057 2219 Pag.10.
1144 2142 1239 2202 Ad
1297 2143 1548 2219 primam
1592 2148 1823 2219 partem
1877 2143 2061 2203 adde.
2118 2143 2520 2204 Referendum
2574 2143 2830 2203 fortasse

593 2244 709 2304 hue
779 2250 870 2304 est
939 2246 1115 2303 etiam
1179 2244 1330 2303 illud
1390 2251 1536 2314 ταῖς
1596 2228 1657 2302 δ’
1719 2228 1953 2315 αι’ταῑς
2017 2238 2277 2323 τέχναις
2340 2262 2443 2317 τις
2508 2232 2830 2304 ἁλώσεται

591 2333 863 2425 αἷσπερ
876 2327 1171 2424 υπῆρξεν
1216 2345 1375 2420 apud
1406 2346 1730 2405 Eusebium
1775 2348 1833 2406 in
1867 2365 1956 2422 pr.
1988 2365 2078 2407 ev.
2111 2348 2178 2406 V.
2209 2343 2309 2421 27,
2352 2347 2455 2407 ubi
2498 2349 2829 2408 Pausanias

591 2455 650 2511 et
696 2448 999 2509 Diodorus
1044 2453 1207 2507 reete
1246 2445 1580 2524 τέχναισιν
1625 2447 1923 2508 exhibent.
1968 2449 2042 2508 cf.
2088 2468 2173 2509 or.
2217 2446 2315 2509 63.

996 2551 1142 2626 Pag.
1194 2545 1268 2605 19
1314 2550 1414 2608 lin.
1455 2550 1723 2625 paenult.
1768 2550 1900 2626 lege
1940 2546 2232 2628 χρῆσθαι
2276 2543 2502 2629 ἰατρῷ.

1055 2694 1089 2729 ,‚
1190 2646 1270 2708 28
1344 2695 1378 2728 ‚,
1542 2647 1623 2709 20
1809 2695 1844 2729 ,,
1941 2634 2319 2730 εὐρυάγυια.

1054 2771 1114 2833 „·
1190 2750 1264 2812 31
1345 2798 1378 2832 „
1543 2749 1616 2810 21
1808 2798 1843 2832 ,,
1938 2737 2325 2814 ᾍπόλλωνι.

1053 2903 1086 2937 „
1189 2853 1269 2915 35
1343 2902 1378 2936 „
1542 2853 1624 2914 28
1809 2901 1843 2934 ,,
1935 2852 2285 2917 Μελαιναὶ.

1053 3005 1087 3038 „
1189 2956 1269 3018 35
1342 3003 1374 3037 „
1541 2956 1623 3017 29
1809 3004 1843 3038 „
1940 2944 2248 3040 Ἀττικῆς.

1187 3058 1267 3121 39
1339 3107 1376 3141 ,‚
1540 3056 1615 3118 21
1809 3106 1846 3140 „
1931 3057 2312 3136 ποτίβαλλε.

1051 3210 1086 3244 n
1185 3159 1267 3220 42
1339 3209 1374 3242 „
1583 3163 1622 3220 4
1805 3208 1840 3242 „
1931 3147 2378 3243 Ἁλιάκμονος.

1050 3300 1084 3346 ‚5
1186 3263 1265 3324 56
1338 3311 1372 3345 „
1538 3262 1619 3324 30
1802 3310 1835 3344 ,‚
1923 3249 2108 3346 ἀνήρ.

1049 3414 1083 3447 ,‚
1185 3367 1262 3425 57
1339 3412 1373 3445 „
1534 3368 1642 3426 ult.
1809 3412 1845 3446 ,‚
1932 3358 2399 3448 ἐπιτάρροθος.

1047 3515 1082 3549 „
1183 3466 1262 3527 67
1338 3514 1373 3548 „
1546 3468 1621 3527 10
1805 3515 1839 3549 „
1934 3469 2324 3550 Τριτογενεῖ.

1047 3616 1080 3649 n
1181 3568 1262 3629 69
1335 3617 1367 3650 n
1577 3568 1616 3630 3
1800 3617 1836 3650 n
1919 3562 2065 3651 τὴν·

1045 3717 1080 3752 „
1182 3672 1262 3731 70
1334 3718 1368 3751 „
1582 3673 1609 3730 1
1798 3719 1831 3752 ‚‚
1919 3660 2431 3753 ἀκανθοφάγον.

1045 3820 1079 3853 ‚‚
1182 3773 1254 3832 71
1334 3820 1370 3854 „
1536 3774 1615 3833 16
1797 3821 1830 3855 ,,
1921 3762 2361 3856 Πελασγικὸν.

1043 3922 1077 3956 „
1178 3874 1255 3935 87
1331 3923 1364 3957 „
1529 3876 1610 3937 23
1790 3924 1826 3958 „
1917 3864 2363 3960 Αὖρηλιανοῦ.

1050 3108 1085 3142 n
