3166 4871
2474 305 2594 368 179

352 478 605 538 scenicis
632 480 691 538 in
726 480 921 555 ipsum
954 479 1266 556 Metroum,
1304 478 1400 538 ubi
1434 479 1707 538 actiones
1739 478 2228 550 inscribebantur,
2259 478 2592 555 profectum

353 580 827 656 inspectantibus
908 581 1350 659 magistratibus
1435 581 1875 641 accusationem
1954 580 2267 642 delevisse.
2394 581 2593 658 Atque

352 683 750 744 Hullemanno
780 682 1077 744 assentior
1107 683 1324 745 dicenti
1356 680 1629 756 (Mullerz
1676 682 1809 744 hist.
1842 683 1915 744 fr.
1945 683 2018 754 11,
2064 702 2121 760 p.
2151 683 2335 756 484):
2380 702 2594 761 „repu-

352 787 505 846 tanti
549 788 749 864 patria
803 790 1104 848 extorrem
1164 787 1264 847 diu
1325 787 1386 845 in
1444 787 1621 848 Samo
1677 785 2049 848 Alcibiadem
2109 788 2333 864 egisse,
2395 791 2594 847 castra

352 889 530 948 etiam
562 890 861 960 habuisse,
908 890 1239 951 attendenti
1273 890 1527 949 maxime
1571 889 1811 965 generis
1842 890 2370 967 propinquitatem,
2413 907 2592 966 quam

354 991 565 1051 Dur-idi
611 993 829 1053 scimus
883 1011 1018 1053 cum
1063 990 1374 1053 Alcibiade
1418 992 1862 1067 intercessisse,
1923 993 2063 1052 mihi
2124 1011 2243 1052 non
2303 992 2592 1053 absonum

351 1094 544 1153 visum
594 1099 685 1156 est
729 1094 838 1155 sed
882 1094 1203 1156 admodum
1249 1095 1578 1173 probabile,
1619 1095 1679 1154 in
1729 1093 2059 1156 Samiorum
2104 1095 2419 1155 annalibus
2462 1113 2595 1173 pro·

351 1194 533 1257 lixius
577 1196 765 1259 fuisse
810 1198 888 1259 de
932 1197 1244 1259 Alcibiade
1289 1190 1649 1258 narratum.“

524 1351 742 1412 Famae
773 1351 1125 1430 Callippidis
1156 1352 1476 1413 celebritas
1509 1371 1629 1413 nou
1663 1353 1859 1413 minus
1891 1371 2069 1430 quam
2101 1352 2344 1413 ambitio
2375 1352 2505 1430 ejus
2536 1359 2597 1414 et

355 1454 702 1532 arrogantia
759 1459 1004 1516 notatur
1060 1475 1097 1516 a
1139 1455 1465 1516 Plutarcho
1512 1457 1572 1516 in
1632 1456 1733 1516 vit
1775 1455 1997 1532 Agesil.
2034 1459 2111 1516 21
2161 1455 2342 1530 (idem
2402 1460 2596 1517 exstat

356 1557 414 1616 in
461 1558 888 1636 apophthegm.
947 1555 1136 1619 lacon.
1175 1557 1327 1630 LVI,
1373 1558 1554 1631 848):
1616 1552 1770 1629 ..καὶ
1812 1543 1981 1617 πότε
2026 1552 2496 1640 Καλλιππίδης
2555 1542 2593 1617 ὃ

353 1655 498 1717 τῶν
540 1655 936 1739 τραγῳδιῶν
996 1646 1363 1741 ὑποκριτὴς
1420 1648 1639 1739 ὄνομα
1698 1654 1811 1719 καὶ
1868 1650 2075 1737 δόξαν
2119 1652 2292 1739 ἔχων
2334 1654 2408 1719 ἐν
2453 1668 2597 1726 τοῖς

339 1746 610 1842 Ἕλλησι
653 1758 766 1821 καὶ
810 1753 1352 1843 σπουδαζόμενος
1396 1750 1535 1823 ὑπὸ
1582 1752 1867 1823 πάντων
1896 1759 2177 1843 πρῶτον
2217 1757 2338 1841 μὲν
2385 1748 2594 1842 ἀπήν-

353 1876 553 1943 τησεν
598 1849 786 1944 αὐτῷ
842 1850 1251 1946 (Ἀγησιλάῳ)
1307 1860 1420 1924 καὶ
1464 1872 1812 1945 προεῖπεν,
1873 1855 2101 1924 ἔπειτα
2146 1862 2448 1941 σοβαρῶς
2507 1859 2598 1936 εἷς

353 1957 515 2037 τούς
536 1965 1204 2045 συμπεριπατοῦντας
1236 1957 1548 2045 ἐμβαλῶν
1572 1953 1816 2026 ἑαυτὸν
1847 1959 2279 2026 ἐπεδείκνυτο
2306 1962 2600 2046 νομίζων

354 2060 616 2127 ἐκεῖνον
662 2055 887 2147 ἄρξειν
931 2059 1115 2140 τινὸς
1172 2055 1706 2149 φιλοφροσύνης,
1768 2062 1965 2141 τέλος
2021 2062 2090 2128 δὲ
2134 2058 2352 2128 εἶπεν·
2413 2055 2598 2144 „0va

356 2155 817 2249 ἐπιγινώσκεις
858 2165 959 2250 μὲ,
990 2168 1336 2244 βασιλεῦ“;
1380 2157 1711 2242 Κάκεῖνος
1755 2155 2145 2251 ἀποβλέψας
2186 2163 2359 2252 πρὸς
2389 2158 2598 2232 αὐτὸν

358 2262 568 2332 εἶπεν·
635 2256 878 2346 ,Ἀλλὰ
936 2257 1020 2332 οὗ
1064 2263 1216 2353 σύγε
1277 2265 1418 2334 ἐσσὶ
1481 2266 1949 2346 Καλλιππίδας
2007 2261 2045 2334 ὃ
2106 2268 2598 2355 δεικηλίκτας“;

355 2361 540 2434 οἱίτω
585 2369 656 2435 δὲ
703 2367 766 2435 οἱ
796 2366 1315 2457 Λακεδαιμόνιοι
1358 2365 1518 2450 τοὺς
1544 2370 1785 2457 μίμους
1820 2375 2205 2440 καλοῦσιν.“
2254 2377 2356 2454 (ad
2390 2398 2596 2442 vocem

361 2472 851 2560 ηδεικηλίκτας“
899 2480 972 2542 cf.
1003 2481 1265 2560 Hesych.
1295 2499 1342 2542 s.
1371 2502 1447 2561 v.,
1490 2482 1768 2542 Eustath.
1800 2482 1960 2543 Com.
1989 2483 2058 2543 Il.
2103 2480 2178 2554 Λ,
2227 2486 2377 2561 781;
2423 2483 2598 2544 Mich.

353 2584 561 2661 Apost.
599 2587 695 2663 13,
719 2589 797 2647 66
843 2568 974 2656 „Oi-
1023 2575 1107 2643 τύ
1152 2576 1292 2644 ἐστι
1353 2579 1825 2656 Καλλιππίδας
1873 2572 1910 2644 ὁ
1959 2579 2427 2666 δεικηλίκτας“’,
2487 2578 2592 2644 ἐπὶ

350 2679 573 2763 μίμων
617 2681 729 2745 καὶ
774 2669 1164 2768 ὑποκριτῶν
1208 2683 1527 2767 σοβαρῶν
1571 2733 1585 2746 .
1637 2733 1650 2746 .
1700 2681 1763 2768 ..)

524 2839 822 2914 Quantam
867 2841 967 2901 hic
1011 2842 1219 2902 histrio
1264 2842 1339 2903 de
1383 2842 1628 2920 ingenio
1686 2859 1797 2903 suo
1844 2842 2118 2903 habuerit
2160 2844 2520 2921 opinionem,
2561 2863 2599 2903 a

355 2942 753 3019 Xenophonte
782 2944 1180 3020 significatur:
1225 2942 1424 3021 Symp.
1457 2945 1562 3015 111,
1599 2949 1708 3004 11:
1753 2963 1826 3004 eo
1871 2944 2019 3016 loco,
2064 2945 2166 3005 ubi
2197 2945 2416 3022 singuli
2463 2963 2599 3005 con·

357 3044 528 3103 vivae
571 3045 727 3104 inter
769 3062 833 3105 se
878 3052 1197 3123 quaerunt,
1241 3064 1361 3122 qua
1405 3045 1690 3107 facultate
1735 3047 1843 3107 sibi
1875 3048 2127 3124 quisque
2171 3048 2423 3123 insignis
2467 3065 2599 3108 esse

355 3145 630 3207 videatur
690 3164 934 3224 quaque
995 3166 1060 3208 re
1113 3147 1366 3207 maxime
1426 3149 1537 3208 sibi
1595 3148 1853 3225 placeat,
1913 3151 1972 3208 et
2031 3150 2198 3225 Lyco
2256 3149 2598 3229 Philippum

356 3267 623 3309 scurram
683 3249 844 3310 hisce
906 3250 1106 3311 verbis
1180 3251 1539 3328 alloquitur·
1611 3240 1802 3330 „odys
1875 3242 2011 3330 μὴν
2072 3246 2305 3331 δῆλον,
2370 3242 2496 3331 ἔφη
2559 3235 2597 3310 ὃ

353 3340 605 3410 Λύκων
645 3337 818 3430 πρὸς
860 3342 984 3411 τὸν
1034 3347 1401 3425 Φίλιππον,
1446 3337 1550 3411 ὅτι
1597 3347 1708 3412 ἐπὶ
1754 3350 1851 3431 τῷ
1907 3350 2390 3431 γελωτοποιεῖν
2432 3348 2600 3433 μέγα

354 3461 643 3532 φρονεῖς.
719 3485 799 3495 -
873 3444 1309 3535 Δικαιότερόν
1365 3473 1405 3534 γ
1425 3446 1603 3537 ,ἔφη,
1662 3448 1891 3534 οἴομαι
1945 3442 1986 3536 ἡ
2050 3451 2514 3537 Καλλιππίδης
2558 3475 2596 3516 ο

351 3542 737 3638 υποκριτὴς,
783 3573 857 3629 ος
900 3541 1488 3637 υπερσεμνύνεται,
1534 3544 1639 3618 ὅτι
1687 3548 1966 3619 δύναται
1996 3550 2304 3630 πολλοὺς
2332 3555 2600 3620 κλαίοι-

347 3676 471 3730 τας
514 3655 837 3738 καθίζειν
841 3654 876 3688 “
971 3661 1068 3722 Ad
1128 3680 1253 3722 rem
1315 3662 1473 3740 quod
1532 3664 1747 3724 attinet
1789 3665 2014 3724 rectius
2058 3681 2237 3741 quam
2282 3663 2600 3741 Philippus

349 3762 625 3841 judicare
672 3765 812 3824 mihi
856 3764 1100 3825 videtur
1139 3764 1493 3843 Aglaltadas
1531 3766 1722 3826 Persa
1766 3767 1825 3826 in
1856 3766 2009 3827 Xeu.
2040 3767 2261 3845 Cyrop.
2291 3767 2366 3837 11,
2399 3770 2456 3845 2,
2490 3770 2600 3826 14:

349 3901 468 3944 ‚‚—
507 3857 651 3925 ἐπεὶ
711 3861 825 3925 καὶ
893 3852 1106 3927 αὐτοῦ
1165 3864 1293 3927 τοῦ
1361 3856 1596 3927 κλάειν
1658 3863 2064 3945 καθίζοντος
2124 3857 2288 3939 τούς
2354 3864 2600 3945 φίλους

349 3964 702 4048 πολλαχοῦ
763 3959 982 4049 ἔμοιγε
1054 3964 1244 4029 δοκεῖ
1308 3959 1677 4041 ἐλάττονος
1741 3956 1892 4046 ἄξια
1961 3957 2491 4050 διαπράττεσθαι
2558 3959 2597 4031 ὁ

348 4065 611 4149 γέλωτα
655 4057 884 4144 αὐτοῖς
924 4061 1448 4153 μηχανώμενος.“
1551 4072 1756 4134 Simile
1801 4073 2103 4151 quoddam
2149 4092 2222 4134 ac
2263 4074 2599 4152 Xenophon

353 4172 429 4235 de
473 4175 807 4254 Callippide
851 4176 1254 4237 Plutarchus:
1313 4177 1423 4247 „de
1467 4193 1532 4236 se
1576 4176 1691 4254 ips.
1737 4177 1865 4236 citr.
1910 4176 2092 4237 invid.
2135 4170 2340 4237 XVll“
2393 4180 2600 4238 narrat

353 4276 428 4336 de
471 4278 794 4340 Theodoro
860 4279 1146 4340 histrione
1204 4279 1472 4357 tragicO,
1536 4278 1891 4357 Callippidis
1962 4279 2087 4340 sere
2156 4279 2424 4358 aequali,
2494 4282 2597 4358 qui
