3166 4871
466 311 589 370 356

469 486 728 546 instituti
806 488 1277 562 commentarios,
1350 487 1455 547 sed
1524 488 1714 547 solum
1784 487 1859 547 ad
1928 507 2014 557 ea,
2081 507 2235 565 quac
2296 489 2352 546 in
2413 488 2717 564 Agrippae

470 593 834 649 testamento
880 590 1104 666 scripta
1148 595 1348 661 erant,
1393 589 1601 658 refert;
1677 590 2035 651 Ritsclielius
2055 587 2101 664 ¹)
2162 594 2360 651 autem
2423 590 2716 650 vocabulo

472 689 872 764 „destinatio“
942 690 1387 769 discriptionem
1448 693 1547 751 vel
1613 692 1861 753 formam
1922 693 2021 753 vel
2078 694 2334 771 speciem
2395 692 2717 768 significari

473 793 680 854 voluit.
772 795 862 853 Ex
909 794 1126 871 quibus
1173 795 1483 854 sententiis
1514 798 1678 855 certe
1719 795 2024 854 Ritschelii
2061 795 2395 872 probanda,
2438 793 2717 871 Philippii

469 896 777 957 reicienda
822 903 930 956 est.
1038 897 1321 974 Namque
1388 897 1705 958 destinatio
1767 898 2220 974 significatione,
2276 917 2452 975 quam
2499 898 2718 975 Philip-

470 1000 604 1076 pius
648 999 834 1077 ponit,
881 1017 1174 1076 nusquam
1225 999 1545 1059 invenitur.
1645 1001 1753 1060 Est
1798 1002 1951 1060 enim
2000 999 2361 1070 deliberati0‚
2422 1001 2720 1075 voluntas,

469 1105 691 1161 eertum
742 1101 1052 1161 consilium
1100 1101 1261 1179 apud
1312 1101 1466 1162 Plin.
1511 1103 1589 1162 N.
1635 1103 1706 1162 11.
1755 1107 1853 1164 36.
1903 1107 1977 1163 12
2025 1104 2165 1162 Tac.
2212 1103 2285 1161 H.
2332 1105 2388 1179 2,
2433 1106 2545 1173 47;
2617 1120 2716 1161 ne-

468 1222 586 1280 que
619 1209 822 1283 aptum
855 1208 1013 1264 esset
1066 1203 1600 1274 „commentarios“
1653 1206 1916 1266 scribere
1945 1223 2058 1284 pro
2103 1208 2476 1266 testamento.
2563 1204 2716 1264 Nam

467 1307 856 1367 iureconsulti
903 1306 1135 1367 tabulas
1182 1307 1456 1368 scribunt
1501 1326 1612 1384 pro
1654 1307 2035 1378 testament03
2083 1308 2484 1368 commentarii
2519 1311 2715 1367 autem

469 1428 504 1468 a
542 1409 827 1470 Cicerone
861 1410 919 1469 in
954 1411 1138 1469 Bruto
1174 1414 1250 1470 75
1283 1411 1417 1470 libri
1449 1409 1850 1488 appellantur,
1885 1411 1976 1481 „in
2011 1411 2226 1488 quibus
2255 1429 2350 1470 res
2380 1409 2720 1487 diligenter,

468 1510 817 1587 simpliciter
840 1517 1033 1571 tamen
1062 1519 1121 1572 et
1143 1513 1273 1571 sine
1306 1513 1671 1572 ornamentis
1691 1514 2006 1572 memoriae
2029 1515 2224 1590 gratia
2243 1511 2712 1573 describuntur.“

470 1644 551 1653 —
612 1613 812 1689 Atque
877 1614 925 1673 si
988 1632 1118 1673 cum
1180 1614 1479 1691 Philippio
1541 1633 1718 1674 voces
1771 1615 2122 1684 „destinatio
2170 1620 2230 1676 et
2273 1616 2717 1675 commentarii⁶⁶

470 1735 580 1792 pro
624 1721 984 1776 testamento
1031 1717 1343 1794 intelligis,
1392 1712 1576 1777 'etiam
1624 1735 1754 1776 cum
1803 1737 1874 1777 eo
1921 1718 2251 1779 contendas
2297 1723 2560 1795 oportet,
2616 1736 2720 1777 eas

471 1837 625 1896 quas
670 1818 900 1879 Plinius
945 1819 1057 1878 sub
1105 1819 1411 1896 Agrippae
1459 1820 1695 1880 nomine
1741 1825 2035 1880 terrarum
2069 1838 2380 1880 mensuras
2410 1820 2723 1898 significet,

473 1923 529 1981 iu
580 1923 813 1999 porticu
864 1922 1146 1998 Vipsania
1191 1923 1319 1998 ipsa
1365 1924 1588 1999 scripta
1634 1921 1831 1982 fnisse.
1923 1922 2038 1982 Sed
2082 1923 2193 1982 hoe
2231 1924 2473 1983 omnino
2503 1922 2718 1984 falsum

472 2029 579 2084 cst.
667 2025 942 2100 Namque
988 2025 1240 2099 primum
1288 2024 1536 2100 Plinius,
1582 2044 1714 2084 cum
1763 2025 1835 2084 de
1884 2026 2000 2084 situ
2050 2024 2253 2102 oppidi
2285 2026 2509 2084 Persici
2553 2026 2722 2085 sinus

472 2127 756 2188 Characis
816 2126 891 2186 ab
936 2127 1286 2188 Alexandro
1334 2127 1702 2187 Alexandria
1768 2129 2054 2188 nominati
2119 2133 2395 2204 quaerat,
2452 2147 2590 2187 num
2659 2128 2719 2187 in

472 2229 649 2289 litore
696 2229 877 2287 maris
923 2229 1053 2304 ipso
1100 2230 1278 2288 sitnm
1327 2231 1431 2306 sit,
1475 2229 1773 2305 po‘rticum
1820 2231 2003 2306 ipsam
2051 2248 2114 2290 se
2160 2231 2493 2307 inspexisse
2537 2231 2618 2289 ait
2662 2231 2720 2290 in

474 2332 625 2391 libro
673 2337 727 2392 6.
773 2331 808 2401 ἓ
844 2336 962 2392 139
981 2327 1060 2404 ²²);
1108 2331 1325 2393 deinde
1370 2338 1610 2409 praeter
1655 2333 1832 2393 orbes
1863 2334 1960 2392 vel
1993 2332 2296 2392 itineraria
2326 2334 2516 2410 pictos
2546 2333 2723 2391 etiam

473 2434 841 2512 perscriptos
887 2435 941 2495 in
989 2455 1099 2495 usu
1146 2435 1329 2496 fuisse
1377 2441 1436 2495 et
1469 2438 1875 2496 Mommsenus
1892 2432 1942 2508 8)
1989 2438 2188 2513 posuit
2233 2442 2292 2496 et
2332 2437 2458 2495 loco
2493 2435 2729 2513 Vegetii

472 2540 588 2597 iam
643 2556 680 2596 a
742 2539 1151 2615 Marquardtio
1219 2539 1454 2601 (enchir
1500 2545 1536 2600 5
1600 2558 1653 2615 p.
1703 2536 1852 2607 204)
1921 2537 2164 2599 laudato
2235 2539 2568 2598 luculenter
2626 2538 2728 2598 de·

474 2644 838 2701 monstratur
894 2640 996 2713 (ed
1042 2641 1234 2718 Lang.
1280 2641 1384 2700 111.
1433 2646 1472 2701 8
1518 2661 1573 2720 p.
1626 2639 1761 2712 74):
1830 2641 2008 2711 „Ideo
2055 2643 2213 2701 omni
2257 2659 2402 2701 cura
2446 2642 2729 2717 omnique

475 2743 791 2818 diligentia
834 2743 962 2803 dux
1006 2744 1328 2821 providere
1375 2743 1555 2804 debet
1604 2762 1678 2803 ne
1709 2742 2098 2820 proficiscens
2130 2744 2394 2820 patiatur
2423 2745 2726 2804 incursum

473 2846 571 2905 vel
634 2845 808 2906 facile
864 2863 936 2905 ac
996 2848 1126 2906 sine
1185 2847 1401 2906 damno
1457 2846 1711 2922 repellet
1771 2844 2012 2905 illatum.
2114 2846 2375 2905 Primum
2423 2846 2730 2905 itineraria

473 2950 734 3010 omnium
805 2951 1116 3026 regionum
1183 2950 1239 3008 in
1299 2949 1517 3026 quibus
1562 2949 1783 3008 bellum
1831 2948 2090 3026 geritur,
2152 2949 2488 3025 plenissime
2550 2948 2730 3007 debet

473 3052 695 3112 habere
742 3053 1082 3130 perscripta
1125 3052 1224 3122 ita,
1272 3056 1339 3111 ut
1386 3053 1652 3111 locorum
1683 3050 2000 3110 intervalla
2045 3070 2163 3111 non
2206 3052 2397 3111 solum
2445 3069 2728 3127 passuum

473 3173 739 3225 numero,
804 3153 906 3214 sed
975 3154 1150 3213 etiam
1217 3153 1445 3213 viarum
1494 3154 1782 3230 qualitate
1836 3152 2171 3231 perdiscat,
2231 3152 2584 3231 compendia
2628 3152 2729 3212 de·

474 3257 766 3317 vertieula
825 3260 1054 3316 montes
1116 3257 1362 3315 flumina
1423 3254 1501 3315 ad
1558 3255 1734 3314 fidem
1797 3254 2096 3332 descripta
2156 3256 2494 3315 consideret
2535 3273 2731 3332 usque

475 3378 564 3437 ee,
609 3364 676 3419 ut
719 3359 1085 3419 sollertiores
1131 3358 1315 3417 duces
1363 3357 1672 3417 itineraria
1719 3357 2205 3434 provinciarum,
2265 3359 2324 3416 in
2371 3356 2586 3434 quibus
2630 3374 2733 3415 ne-

475 3462 721 3522 cessitas
766 3460 1106 3537 gerebatur,
1151 3479 1269 3521 non
1304 3464 1531 3519 tantum
1566 3458 1872 3535 adnotata,
1913 3458 2013 3518 sed
2051 3460 2227 3519 etiam
2258 3459 2419 3535 pieta
2450 3458 2733 3518 habuisse

474 3565 804 3640 firmentur,
852 3568 917 3624 ut
961 3582 1080 3623 non
1116 3564 1304 3623 solum
1340 3563 1586 3622 eonsilio
1619 3564 1852 3633 mentis,
1899 3580 2106 3622 verum
2140 3566 2386 3638 aspectu
2421 3561 2728 3621 oculorum

475 3668 630 3726 viam
677 3665 1062 3744 profecturus
1106 3663 1405 3741 eligeret.“
1501 3666 1812 3724 Postremo
1859 3664 2062 3725 traditi
2110 3669 2252 3725 sunt
2291 3663 2565 3723 nonnulli
2598 3662 2732 3722 libri

475 3769 740 3829 eiusdem
806 3767 1033 3828 formae
1095 3771 1274 3843 atque
1335 3769 1707 3844 argumenti,
1770 3784 1948 3842 quam
2010 3768 2316 3844 Agrippae
2376 3767 2735 3843 fragmenta,

476 3871 635 3949 apud
683 3871 937 3929 Plinium
984 3874 1229 3929 servata
1272 3888 1417 3947 prae
1466 3887 1527 3929 se
1575 3868 1795 3929 ferunt.
1885 3870 2034 3928 Dico
2083 3869 2299 3927 Dicuili
2345 3867 2418 3928 de
2451 3884 2737 3926 mensura

651 4036 689 4098 ¹)
726 4032 862 4086 Mus.
902 4030 1079 4085 Rhen.
1118 4030 1214 4085 IV.
1253 4030 1306 4085 S.
1350 4036 1476 4085 1Q42
1513 4048 1569 4099 p.
1608 4036 1702 4085 511
1744 4031 1870 4085 adn.
1909 4035 2033 4084 35a.

645 4121 691 4184 2)
728 4117 941 4179 „Primo
991 4114 1100 4170 fuit
1144 4131 1178 4169 a
1224 4115 1403 4171 libore
1453 4116 1664 4170 stadios
1714 4114 1767 4168 X
1811 4120 1870 4170 et
1913 4115 2244 4170 maritimum
2280 4114 2444 4169 etiam
2482 4113 2736 4182 porticus

476 4202 749 4271 Vipsania
785 4200 1001 4255 habet.“

648 4291 692 4359 ³)
726 4284 877 4342 Acta
912 4287 1086 4355 (Ber.)
1120 4286 1241 4342 Soc.
1281 4286 1406 4340 Sax.
1450 4290 1594 4340 1551.
1632 4303 1686 4355 p.
1729 4290 1839 4340 103.
