3166 4871
2478 293 2600 356 307

356 487 429 528 ac
472 469 728 546 primum
777 466 1017 545 quidem
1063 467 1158 547 id,
1201 468 1363 545 quod
1412 470 1672 529 omnium
1719 469 2062 546 saepissime
2107 470 2192 529 ita
2239 489 2274 529 a
2318 470 2600 530 Petronio

357 576 700 649 usurpatur,
746 570 1026 631 verbum:

529 673 794 747 Royare.
899 673 1012 733 hoc
1037 674 1042 679 “
1072 674 1320 733 verbum
1383 674 1776 750 iuterrogatio
1839 672 2071 733 directa
2132 674 2405 751 sequitur
2467 692 2514 730 c.
2564 678 2598 734 7

358 778 492 851 (10,
536 777 629 845 6),
675 778 754 837 39
803 776 931 847 (42,
983 770 1110 847 19),
1155 779 1237 837 48
1283 774 1419 853 (56,
1473 778 1565 853 1),
1612 779 1691 837 55
1740 774 1879 853 (63,
1925 780 2022 855 6),
2066 778 2146 837 58
2191 775 2328 855 (68,
2375 773 2471 855 2),
2516 779 2598 837 86

357 876 540 956 (102,
586 874 678 953 2),
726 882 807 939 90
852 877 1035 956 (109,
1080 875 1174 954 5),
1220 881 1300 939 95
1345 877 1529 954 (114,
1574 878 1711 954 20),
1774 883 1892 939 126
1939 883 2123 957 (173,
2174 878 2296 951 11).
2339 909 2426 919 -
2468 878 2603 938 aliis

358 981 505 1040 locis
563 980 812 1040 verbnm
873 996 1105 1055 royare
1150 982 1423 1058 sequitur
1467 981 1888 1057 imperativum
1949 984 2030 1043 ita
2092 987 2156 1042 ut
2215 981 2369 1043 idem
2415 981 2491 1042 sit
2533 999 2603 1040 ac

360 1088 626 1142 nostrum
688 1083 833 1142 bitte
893 1082 1144 1142 mediam
1199 1084 1259 1142 in
1319 1083 1646 1143 orationem
1708 1083 2019 1143 insertum.
2122 1083 2197 1144 cf.
2254 1102 2302 1143 c.
2350 1087 2433 1144 20
2478 1082 2604 1161 (21,

362 1186 498 1262 18),
552 1189 630 1246 67
678 1183 817 1259 (79,
866 1183 1001 1258 12),
1061 1188 1180 1246 132
1227 1184 1407 1258 (185,
1453 1189 1550 1262 4),
1616 1190 1732 1247 137
1782 1183 1965 1263 (197,
2021 1184 2137 1258 14).
2200 1216 2286 1227 -
2346 1186 2604 1263 denique

359 1288 568 1347 eodem
615 1287 791 1349 modo
837 1294 1181 1363 usurpatur,
1226 1306 1402 1364 quem
1450 1306 1635 1365 supra
1682 1290 1902 1347 notavi.
1992 1290 2393 1365 praemittitur
2434 1305 2605 1366 royO,

362 1394 426 1449 ut
486 1409 558 1449 eo
615 1391 806 1467 magia
866 1389 1170 1450 auditores
1228 1392 1490 1450 animum
1550 1390 1880 1451 intendant.
1983 1391 2056 1450 cf.
2102 1409 2148 1449 c.
2183 1395 2262 1452 63
2309 1389 2433 1465 (75,
2483 1390 2605 1467 14),

360 1495 439 1553 75
487 1493 624 1568 (89,
669 1489 762 1569 8),
808 1495 885 1553 77
935 1492 1072 1564 (91,
1119 1489 1201 1564 6).
1245 1523 1329 1531 -
1375 1494 1622 1553 verbum
1679 1508 1903 1567 royare
1947 1511 2088 1552 num
2135 1493 2342 1553 eodem
2388 1494 2484 1553 vel
2529 1495 2604 1552 ei-

359 1594 482 1653 mili
525 1594 701 1655 modo
748 1595 910 1672 apud
971 1595 1119 1655 alios
1174 1614 1416 1673 quoque
1477 1596 1803 1673 scriptores
1861 1600 2214 1674 usurpatum
2260 1597 2604 1657 inveniatur

360 1700 579 1757 nescio.
668 1704 830 1757 certe
874 1697 1164 1774 exempla,
1210 1716 1367 1775 quae
1413 1697 1676 1757 Beckiue
1718 1696 1802 1774 (p.
1839 1695 1986 1769 123)
2034 1717 2066 1759 e
2099 1699 2315 1759 Plauto
2361 1698 2603 1772 (Bacch.

360 1799 420 1859 11
451 1802 507 1870 2,
540 1796 646 1871 28)
678 1804 738 1859 et
766 1799 1050 1860 Terentio
1082 1799 1346 1872 (Phorm.
1367 1801 1450 1859 1V
1486 1804 1537 1871 1,
1569 1803 1628 1861 8.
1672 1798 1859 1859 Andr.
1893 1801 1918 1858 1
1949 1805 2006 1877 2,
2040 1799 2144 1873 13)
2176 1802 2367 1878 affert,
2405 1802 2604 1860 omnia

357 1900 434 1960 ad
481 1899 637 1961 hanc
682 1919 804 1961 rem
851 1919 969 1962 non
1016 1901 1333 1978 quadrant.

531 2002 814 2061 Narrare
871 2003 1114 2079 saepius
1170 2003 1628 2079 interrogationi
1689 2004 1953 2064 directae
2012 2004 2433 2083 praemittitur.
2529 2005 2602 2064 cf.

359 2122 408 2163 c.
452 2106 535 2164 48
582 2101 706 2180 (55,
754 2108 875 2181 15),
921 2109 999 2164 67
1047 2103 1172 2181 (79,
1220 2109 1341 2181 12),
1390 2109 1509 2166 133
1557 2103 1726 2178 (186,
1776 2104 1897 2178 13).
1984 2106 2045 2166 ἰιι
2093 2125 2141 2166 c.
2185 2110 2304 2168 129
2353 2108 2602 2185 impera-

359 2205 516 2264 tivus
562 2206 836 2282 sequitur
896 2205 1140 2266 verbum
1185 2222 1495 2267 narrare.-
1553 2206 1827 2266 narrabo
1874 2206 2013 2285 tibi,
2064 2210 2395 2284 paralysin
2438 2225 2600 2269 cave.

361 2306 622 2367 Beckiue
683 2305 764 2385 (p.
816 2306 960 2380 150)
1017 2307 1092 2367 ad
1157 2310 1315 2367 hunc
1375 2308 1571 2368 locum
1636 2310 1809 2370 affert
1863 2310 1980 2370 Cic.
2026 2309 2101 2370 ad
2148 2310 2270 2370 Att.
2300 2313 2355 2370 11
2394 2316 2503 2388 11,
2536 2316 2603 2372 1:

357 2425 550 2471 narro
596 2409 723 2483 tc'bi,
758 2412 953 2487 plane
994 2412 1310 2487 releyatus
1354 2412 1501 2472 mihi
1543 2413 1783 2489 videor,
1818 2420 2222 2489 posteaquam
2264 2416 2326 2474 in
2372 2415 2604 2474 Formi-

359 2528 477 2574 ano
519 2530 669 2574 Sum.

531 2616 764 2677 Precor
807 2617 992 2677 semel
1037 2618 1122 2677 ita
1166 2623 1497 2695 usurpatur
1540 2620 1601 2679 in
1646 2618 1859 2696 fragm.
1902 2623 1999 2690 50,
2050 2623 2126 2679 14
2172 2617 2359 2696 (quod
2403 2623 2602 2680 tamen

358 2718 769 2781 Buechelerus
813 2720 986 2781 obelo
1032 2718 1337 2797 signavit),
1383 2721 1485 2781 ubi
1530 2720 1816 2798 legimus:

1034 2838 1127 2881 me
1168 2823 1226 2881 si
1266 2827 1466 2882 manet
1511 2824 1734 2896 exitus,
1779 2824 1931 2883 idem

359 2922 480 2994 hic,
522 2937 772 2994 precor,
815 2923 1110 2981 inveniar.

530 3024 806 3099 Denique
866 3023 1208 3085 addendum
1267 3024 1507 3086 videtur
1564 3045 1998 3104 nonnunquam
2044 3028 2103 3086 in
2157 3027 2405 3087 mediam
2450 3029 2601 3088 orati

360 3144 530 3186 onem
596 3125 671 3184 ad
736 3125 1073 3202 augendam
1132 3128 1249 3186 vim
1310 3128 1627 3189 verborum
1685 3130 1865 3190 inseri
1913 3131 2174 3204 inquam.
2263 3132 2348 3190 ita
2391 3150 2441 3191 c.
2489 3136 2601 3191 66:

360 3233 417 3287 et
458 3228 531 3303 si,
574 3230 835 3301 inquam,
879 3244 1060 3287 ursus
1105 3229 1554 3289 homuncionem
1599 3238 1836 3303 comest,
1886 3237 2110 3305 quanto
2140 3234 2331 3307 mayis
2361 3233 2603 3292 homun-

359 3332 452 3388 cio
499 3328 678 3389 debet
725 3347 935 3389 ursum
979 3333 1278 3392 comesse?
1292 3374 1309 3407 ,
1355 3351 1404 3392 c.
1449 3336 1563 3394 88:
1609 3335 1769 3406 qui-e,
1816 3337 2087 3408 inquam,
2153 3336 2313 3393 venit
2357 3339 2417 3394 in
2463 3340 2601 3394 tem-

355 3434 521 3506 plum
533 3435 581 3506 ?,
624 3451 671 3491 c.
707 3437 859 3494 130:
905 3433 1109 3504 habe-e,
1157 3436 1419 3508 inquam,
1466 3438 1851 3507 confitentem
1896 3452 2083 3496 reum.

1129 3621 1165 3692 ἓ
1198 3626 1253 3683 6.
1315 3623 1416 3678 De
1462 3624 1822 3691 asyndeto.

529 3741 652 3798 Iam
699 3741 911 3818 verba,
965 3741 1041 3802 de
1086 3741 1304 3819 quibus
1349 3742 1410 3801 in
1457 3741 1492 3813 ξ
1540 3746 1577 3802 5
1623 3742 1863 3803 locutus
1907 3762 2073 3820 sum,
2136 3745 2376 3820 saepius
2436 3746 2602 3805 nulla

361 3840 568 3903 addita
611 3842 1037 3903 coniunctione
1084 3844 1143 3903 in
1188 3844 1355 3903 initio
1401 3846 1734 3905 sententiae
1781 3846 1975 3922 posita
2006 3864 2135 3906 esse
2175 3847 2449 3918 vidimuS,
2495 3847 2600 3908 sed

359 3946 475 4005 alia
520 3944 812 4022 quaedam
858 3947 918 4005 in
950 3948 1129 4012 certis
1158 3946 1479 4007 verborum
1512 3948 1925 4023 complexibus
1956 3967 2191 4026 semper
2222 3936 2603 4018 ἀσυνδέτως

361 4050 673 4108 enuntiato
754 4049 1236 4125 praemittuntur.
1350 4049 1564 4108 horum
1638 4067 1830 4126 pauca
1893 4070 2052 4111 nnnc
2111 4052 2602 4129 commemorabo,

361 4168 516 4227 qnae
560 4155 666 4210 aut
709 4151 947 4227 saepius
992 4153 1378 4228 reperiuntur
1421 4156 1525 4210 aut
1569 4170 1688 4211 non
1733 4152 2017 4213 videntur
2063 4159 2353 4230 usurpata
2415 4155 2600 4215 fuisse

361 4253 474 4312 nisi
519 4253 595 4312 ab
642 4253 976 4313 hominibus
1020 4252 1264 4330 plebeis,
