3166 4871
2575 300 2652 359 47

585 457 738 532 ἄλλ’
782 455 882 531 ἴθ’
925 461 1352 551 ἐπειγόμενος
1396 466 1737 551 Βουτηίδα
1782 457 1954 552 πρὸς
1996 462 2431 552 πολύμηλον·

583 566 754 633 ἔνθα
799 559 859 633 ὸ’
905 561 988 633 ἂν
1037 559 1492 655 ἅργικέρωτας
1539 564 2089 651 ἲὸῃςχιονώδεας
2133 563 2323 653 αἶγας

581 662 991 757 εὖνηθέντας
1036 662 1252 755 ῧπνῳ,
1296 671 1516 756 κείνης
1556 668 1816 753 χθονὸς
1861 670 1933 735 ἐν
1982 670 2325 735 δαπέδοισι

581 777 711 838 θῦε
758 778 948 848 θεοῖς
990 769 1354 858 μακάρεσσι
1401 775 1511 838 καὶ
1560 764 1773 839 αὐτοῦ
1819 775 2000 856 κτίζε
2045 769 2283 859 πόληα.

1486 1050 1587 1112 61.

586 1196 829 1286 Χώρας
873 1200 987 1266 καὶ
1030 1196 1294 1279 πόλεως
1338 1196 1663 1287 οἰκήτορα
1707 1197 1875 1266 λαὸν
1921 1198 2184 1285 ἔχοντες

581 1294 813 1391 ἤλθετ’
858 1299 1249 1390 ἐρησόμενοι
1297 1306 1553 1383 Φοῖβον
1597 1305 1751 1369 τίνα
1798 1316 1995 1387 γαῖαν
2040 1300 2300 1389 ἵκησθε,

585 1398 728 1471 ἀλλ’
775 1401 890 1491 ἄγε
939 1403 1018 1491 δὴ
1066 1397 1392 1492 φράζεσθ’
1440 1398 1723 1490 ἀγαθῶν
1768 1402 2063 1492 πότερόν
2108 1428 2228 1470 κεν
2274 1403 2543 1471 ἕλοισθε

580 1512 887 1574 πλοῦτον
931 1506 1100 1593 ἔχειν
1146 1505 1454 1574 κτεάνων
1497 1502 1545 1595 ἢ
1586 1506 2055 1596 τερπνοτάτην
2099 1499 2380 1593 ὑγίειαν.

583 1792 660 1851 cf.
721 1791 860 1851 Maii
907 1790 1384 1852 adnotationem:
1451 1793 1650 1868 agitur
1716 1792 1791 1852 de
1857 1792 2024 1851 urbis
2090 1792 2391 1869 Aegarum
2456 1789 2656 1851 aedifi-

413 1894 645 1954 catione
704 1938 719 1953 .
764 1938 778 1953 .
825 1938 839 1952 .
900 1895 1015 1953 iam
1088 1913 1234 1954 vero
1310 1913 1441 1954 cum
1517 1894 1633 1954 hoc
1706 1894 1949 1954 oraculo
2023 1894 2288 1971 perbelle
2361 1894 2658 1954 consentit

411 1997 684 2057 ‚Iustinus
714 1997 826 2056 V11
878 1995 940 2073 1,
1000 1998 1115 2056 nisi
1172 1997 1335 2073 quod
1394 1998 1519 2072 ipse
1576 1998 1811 2056 Carano
1864 1996 2074 2056 tribuit
2132 1996 2295 2071 quod
2337 1997 2655 2061 ¹Diodorus

411 2099 758 2159 Perdiccae.
846 2100 1152 2176 „Caranus
1197 2117 1332 2159 cum
1374 2117 1594 2174 magna
1639 2100 2017 2158 multitudine
2065 2098 2430 2159 Graecorum
2481 2100 2656 2159 sedes

410 2203 472 2260 in
506 2202 859 2261 Macedonia
888 2219 1179 2279 responso
1213 2202 1441 2261 oraculi
1473 2203 1672 2261 iussus
1704 2219 2014 2278 quaerere,
2053 2220 2186 2260 cum
2229 2203 2289 2260 in
2323 2202 2652 2261 Emathiam

410 2305 706 2381 venisset,
759 2304 967 2364 urbem
1014 2304 1337 2379 Edessam,
1391 2322 1508 2363 non
1556 2303 1955 2363 sentientibus
2000 2302 2351 2380 oppidanis,
2405 2307 2657 2381 propter

412 2408 683 2467 imbrium
757 2412 819 2468 et
881 2407 1133 2468 nebulae
1197 2406 1660 2483 magnitudinem
1721 2424 1963 2484 gregem
2031 2423 2348 2483 caprarum
2408 2406 2654 2467 imbrem

414 2510 769 2586 fugientium
816 2515 1060 2570 secutus
1106 2513 1456 2587 occupavit;
1516 2515 1952 2585 revocatusque
2010 2511 2072 2570 in
2127 2511 2470 2570 memoriam
2526 2529 2653 2570 ora-

415 2614 537 2673 culi
591 2632 710 2690 quo
758 2614 954 2673 iussus
999 2617 1130 2673 erat
1187 2613 1494 2673 ducibus
1556 2615 1805 2691 capris
1866 2615 2238 2690 imperium
2299 2631 2653 2690 quaerere

412 2716 581 2792 regni
625 2716 829 2775 sedem
873 2717 1097 2775 statuit.

583 2834 653 2895 3·
698 2830 1037 2914 Βοττηίδα
1080 2836 1445 2896 Dindorfius.
1478 2829 1499 2912 ΙΙ
1618 2833 1689 2894 6·
1735 2821 1903 2894 ἄστυ
1947 2830 2133 2910 κτίζε
2175 2824 2437 2914 πόληος
2481 2835 2657 2896 codd.

413 2922 624 2997 αὐτοῦ
687 2933 869 3015 κτίζε
933 2927 1159 3018 πόληα
1224 2937 1556 3004 Meinckius
1627 2938 1687 2996 in
1755 2937 2047 2997 Fleckeis.
2119 2956 2257 2998 ann.
2321 2938 2657 2996 LXXXVII

412 3061 470 3116 p.
502 3038 643 3100 377.

584 3157 652 3218 3.
726 3149 1156 3237 ἐπειγόμενος
1229 3158 1524 3219 adiective
1599 3159 1842 3236 ponitur
1903 3159 1974 3217 Il.
2019 3159 2070 3218 V
2118 3154 2260 3217 902.
2325 3158 2466 3217 XIV
2514 3153 2657 3214 519.

412 3281 573 3339 saep.
607 3257 628 3340 ΙΙ
703 3251 1096 3342 πολύμηλος
1140 3247 1522 3339 Ὀρχόμενος
1566 3262 1634 3320 11.
1675 3262 1734 3320 11
1779 3258 1920 3319 605.
1963 3243 2268 3339 ,Ἀρκαδία
2310 3249 2556 3337 πολύμ.
2600 3261 2657 3320 h.

414 3367 595 3426 Merc.
640 3361 696 3425 2.
729 3359 750 3442 ΙΙ

588 3516 694 3591 61)
739 3518 937 3578 Schol.
969 3519 1275 3596 Aristoph.
1307 3537 1441 3595 equ.
1480 3515 1669 3577 1091:
1717 3510 2081 3576 αἰνίττεται
2125 3507 2284 3587 τοὺς
2330 3510 2660 3587 δοθέντας

412 3615 788 3698 Μυσκέλλῳ
832 3614 945 3677 καὶ
990 3604 1224 3701 Ἀρχίᾳ,
1269 3617 1367 3698 τῷ
1409 3614 1532 3697 μὲν
1564 3609 1916 3699 Κρότωνα,
1962 3617 2061 3698 τῷ
2110 3613 2180 3677 δὲ
2213 3610 2658 3698 Συρακούσας

412 3719 660 3800 κτίζειν
731 3717 1054 3801 μέλλουσι
1128 3717 1239 3792 καὶ
1314 3713 1537 3802 φήμην
1605 3709 1873 3801 ἀγαθὴν
1939 3721 2166 3796 λαβεῖν
2237 3716 2657 3799 αἰτουμένοις

414 3813 633 3894 οὕτως
681 3816 955 3903 ἔχοντας
994 3812 1364 3906 χρησμοὺς·
1408 3815 1632 3905 χώρας
1680 3824 1816 3883 κτλ.

583 3964 738 4024 adde
799 3962 963 4023 Suid.
1009 3981 1053 4021 s.
1084 3983 1139 4021 v.
1186 3946 1431 4040 Άρχίας
1491 3967 1552 4022 et
1606 3950 2014 4031 Μύσκελλος.
2072 3961 2145 4021 cf.
2191 3961 2385 4021 Strab.
2417 3962 2500 4020 VI
2529 3958 2588 4041 2,
2619 3960 2655 4017 4

413 4084 469 4142 p.
515 4062 657 4124 269.
732 4065 936 4142 Steph.
1010 4068 1157 4142 Byz.
1224 4084 1268 4123 s.
1329 4085 1382 4124 v.
1450 4062 1908 4142 Συρακοῦσαι.
2001 4064 2272 4124 Eustath.
2349 4065 2408 4123 in
2485 4065 2659 4123 Dion.

413 4171 549 4230 Per.
604 4188 661 4228 v.
704 4165 845 4228 369.
932 4170 1218 4228 Leutscln.
1279 4170 1540 4228 mantissa.
1600 4187 1769 4244 prov.
1828 4169 1887 4227 II
1931 4164 2029 4226 27.
2116 4169 2208 4226 De
2270 4141 2657 4226 dialecto'cs.

414 4272 603 4349 praef.
646 4292 703 4347 p.
737 4267 834 4331 21.
