3166 4871
2486 302 2606 366 193

367 477 552 552 (Voce
598 466 1015 556 ,,τραγῳδός“
1061 496 1179 537 non
1220 482 1381 537 recte
1429 477 1731 538 intellecta
1759 476 2142 537 Theodorum
2190 475 2341 536 falso
2371 483 2606 552 poetam

366 580 577 640 dicunt
621 586 859 657 praeter
889 580 1201 641 Aelianum
1251 581 1555 656 Diogenes
1586 579 1887 650 Laert.11‚
1925 583 2062 655 104,
2113 580 2209 639 ubi
2253 578 2607 639 Theodoros

365 701 724 743 enumerans
768 682 801 740 l
837 686 919 743 20
976 682 1230 743 collocat
1272 672 1596 762 ,,ποιητὴν
1642 674 2051 758 τραγῳδίας“
2055 726 2070 758 ,
2133 681 2429 758 Hesychia
2475 699 2520 741 s.
2556 701 2606 740 v.

366 773 860 864 ,,Πελεθοβάψ.·
897 774 1251 863 Θεόδωρος
1310 771 1347 844 ὁ
1392 773 1709 862 τραγικὸς
1762 772 2136 862 ὑποκριτὴς
2189 769 2408 854 οὕτως
2461 776 2608 842 ἐπε-

363 886 658 946 καλεϊτο·
706 881 883 957 τινὲς
914 879 987 947 δὲ
1014 873 1305 967 ποιητὴι
1337 871 1547 946 αυτόν
1578 897 1738 962 φασι
1769 881 2134 964 γεγονέναι.
2141 879 2197 958 ‘)
2254 887 2609 946 Plutarchus

368 997 624 1068 utroque
671 990 800 1050 loco
832 989 1219 1049 Theodorum
1270 991 1328 1048 in
1379 989 1683 1066 Euripidis
1709 988 2045 1049 'lroadibus
2078 988 2360 1049 Hecubae
2406 992 2608 1066 partos

365 1093 722 1153 sustinuisse
766 1091 923 1151 dicit.
1011 1093 1076 1151 ln
1110 1092 1348 1152 Aeliani
1393 1093 1557 1152 libris
1606 1109 1708 1151 ms.
1742 1093 1959 1168 legitur
2001 1077 2405 1170 „Elspquv‘ss
2453 1109 2609 1168 quae

367 1202 458 1254 est
500 1195 671 1255 Atrei
716 1213 869 1255 uxor
913 1199 974 1254 et
1019 1195 1093 1254 ab
1143 1194 1434 1271 Euripide
1495 1197 1552 1254 in
1601 1194 1830 1255 Cressis
1889 1196 2015 1262 aut,
2078 1194 2191 1253 nisi
2252 1193 2461 1255 eadem
2522 1196 2612 1252 est

369 1296 594 1366 fabula,
652 1299 709 1356 in
756 1296 1024 1374 Thyeste
1088 1295 1261 1369 (Eur.
1306 1297 1478 1374 frgm.
1523 1296 1617 1355 ed.
1662 1294 1897 1356 Nauck.
1942 1315 2001 1374 p.
2036 1293 2182 1368 121)
2244 1297 2302 1356 in
2366 1313 2607 1356 scenam

366 1398 677 1476 producta.
752 1400 910 1476 Apte
941 1398 1193 1458 fortasse
1241 1417 1452 1459 nomen
1500 1384 1894 1477 „Zepomyffl
1930 1397 2363 1458 Valckenarius
2400 1398 2610 1476 „diam

367 1521 422 1578 p.
473 1501 667 1562 182⁸“
727 1502 975 1561 mutavit
1037 1502 1098 1560 in
1164 1490 1600 1580 ,,Μερο’πην“,
1675 1502 1755 1560 ita
1816 1507 1881 1560 ut
1944 1503 2219 1577 Meropes
2277 1507 2479 1578 partes
2550 1502 2607 1561 in

369 1603 670 1679 Euripidis
743 1604 1115 1681 Cresphonte
1177 1602 1536 1664 Theodorus
1599 1605 1804 1680 egerit.
1919 1603 2089 1678 Quae
2164 1603 2445 1664 facillima
2519 1608 2612 1663 est

368 1707 718 1783 conjectura
777 1711 839 1766 et
900 1707 1351 1768 commendatur
1409 1706 1713 1767 Plutarchi
1780 1707 2088 1767 Moralium
2154 1707 2297 1767 locis
2358 1705 2611 1783 duobus,

370 1809 465 1868 ubi
515 1810 664 1869 mira
707 1811 982 1887 Meropes
1022 1810 1336 1870 verborum
1384 1810 1478 1868 vis
1523 1808 1932 1886 praedicatur:
1978 1810 2056 1868 de
2099 1824 2204 1867 esu
2248 1824 2419 1867 carn.
2449 1809 2521 1877 ΙΙ,
2547 1812 2610 1867 5:

367 1901 665 1988 ,,Σκόπει
728 1906 798 1970 δὲ
864 1906 976 1969 καὶ
1046 1902 1171 1990 τὴν
1232 1904 1306 1970 ἐν
1366 1906 1448 1988 τῇ
1505 1904 1848 1991 τραγῳδίᾳ
1911 1900 2257 1990 Μερόπην,
2318 1903 2429 1969 ἐπὶ
2486 1900 2611 1968 τὸν

369 1999 518 2072 υἱὸν
604 1999 813 2072 αὐτὸν
878 2001 969 2083 ὡς
1036 2007 1247 2089 φονέα
1315 2011 1436 2071 τοῦ
1505 2006 1656 2072 υἱοῦ
1721 2006 2015 2071 πέλεκυν
2090 1999 2425 2093 ἀραμένην
2499 2007 2611 2071 καὶ

369 2109 701 2194 λέγουσαν

594 2200 1039 2296 ,ῙΟσιαιτέραν
1083 2207 1163 2295 δὴ
1210 2202 1402 2295 τήνδ’
1447 2204 1577 2295 ἐγώ
1624 2211 1862 2295 δίδωμί
1908 2229 2015 2276 σοι
2058 2208 2389 2297 πληγήνΙΙ,

368 2307 531 2380 ὅσον
578 2313 652 2379 ἐν
695 2316 795 2400 τῷ
847 2310 1117 2398 θεάτρῳ
1176 2315 1422 2401 κίνημα
1463 2325 1676 2392 ποιεῖ,
1739 2309 2359 2399 συνεξορθιάζουσα
2416 2310 2610 2398 φόβῳ

366 2418 478 2483 καὶ
524 2417 671 2495 δέος
700 2409 788 2505 μὴ
818 2412 1051 2501 φθάσῃ
1080 2413 1205 2483 τὸν
1235 2408 1864 2501 ἐπιλαμβανόμενον
1893 2416 2201 2501 γέροντα,
2247 2417 2358 2482 καὶ
2389 2412 2611 2501 τρώσῃ

366 2516 446 2587 τὸ
518 2516 924 2606 μειράκιον.“
1035 2543 1198 2587 cons,
1261 2527 1347 2586 ad
1405 2528 1603 2602 Apoll.
1662 2526 1801 2586 XV:
1873 2554 2006 2595 ,,--
2050 2513 2129 2585 ‘H
2197 2520 2265 2585 δὲ
2328 2516 2610 2606 Μερόπη

370 2614 616 2708 λόγους
671 2614 1037 2760 ἀνδρώδεις
1089 2624 1562 2710 προφερομένη
1624 2635 1800 2688 κινεῖ
1837 2614 1922 2688 τὰ
1977 2623 2261 2707 θέατρα,
2323 2623 2609 2709 λέγουσα

367 2728 694 2791 τοιαίτα.
817 2733 989 2807 ‘.(cf
1034 2734 1215 2793 Arist.
1261 2740 1417 2810 poet
1463 2751 1513 2792 c.
1550 2737 1660 2794 14·
1703 2722 2101 2811 ,μράτιστον
2148 2724 2219 2790 δὲ
2262 2721 2344 2790 τὸ
2387 2729 2610 2791 τελευ-

364 2840 580 2906 ταῖον,
641 2829 812 2912 λέγω
875 2829 947 2894 δὲ
1000 2822 1150 2894 οἷον
1208 2830 1283 2893 ἐν
1337 2829 1436 2912 τῷ
1494 2823 1891 2911 Κρεσφόντῃ
1950 2821 1991 2912 ἡ
2054 2818 2339 2912 Μερόπη
2389 2828 2612 2911 μέλλει

368 2927 490 2994 τὸν
535 2925 687 2994 υἱὸν
733 2921 1205 2994 ἀποκτείνειν.
1293 2932 1341 2992 .·‘

543 3035 821 3096 Attamen
853 3037 1185 3097 Plutarcho
1230 3042 1292 3096 et
1333 3036 1586 3095 Aeliano
1631 3036 1785 3095 inter
1815 3053 1881 3095 se
1912 3036 2391 3117 discrepantibus
2420 3037 2613 3113 egisse

369 3138 749 3199 Theodorum
787 3139 1063 3213 Meropes
1109 3144 1311 3215 partes
1364 3138 1524 3216 apud
1564 3137 1976 3198 Alexandrum
2018 3157 2136 3198 non
2191 3139 2377 3216 magis
2421 3139 2611 3198 evinci

370 3245 568 3319 potest
612 3259 790 3319 quam
836 3243 1079 3318 quinam
1126 3240 1572 3318 tragoediarum
1621 3245 1787 3300 actor
1835 3241 2294 3301 Demosthenem
2341 3240 2613 3301 docuerit

368 3362 477 3421 pro
517 3350 684 3404 certo
717 3343 834 3405 dici
865 3348 1082 3423 potest.
1170 3342 1494 3404 Schaefero
1540 3362 1661 3404 non
1710 3344 1980 3420 cogimur
2024 3343 2295 3404 assentiri
2342 3343 2611 3420 opinanti

368 3446 429 3519 (1.
473 3447 594 3519 1.1,
637 3466 696 3525 p.
742 3444 889 3519 218)
952 3447 1339 3508 Theodorum
1399 3465 1470 3506 eo
1534 3451 1802 3524 tempore
1863 3445 2071 3506 Pheris
2129 3445 2363 3507 fabulas
2417 3447 2611 3524 egisse

369 3569 549 3626 quum
617 3550 1019 3610 Athenienses
1100 3548 1347 3610 foedere
1428 3549 1735 3627 conjuncti
1811 3553 1984 3610 erant
2056 3567 2188 3608 cum
2265 3548 2608 3609 Alexandro

368 3652 660 3713 Thessalo
723 3651 799 3725 (a.
842 3656 964 3715 368
996 3672 1067 3731 sq
1114 3653 1186 3712 cf.
1234 3652 1409 3714 Diod.
1449 3656 1542 3723 15,
1570 3657 1667 3723 71,
1714 3652 1873 3712 Plut.
1904 3652 2026 3712 Pel.
2072 3669 2121 3712 c.
2153 3647 2275 3727 27).
2363 3653 2613 3714 Constat

367 3756 520 3815 enim
567 3756 870 3817 actoribus
915 3755 1188 3831 Graecis,
1232 3756 1489 3833 Philippi
1536 3755 1778 3832 quidem
1825 3754 2172 3816 Macedonis
2218 3757 2438 3825 aetate,
2497 3773 2610 3832 per

367 3860 512 3920 artis
591 3859 850 3937 speciem
917 3859 1084 3920 nullo
1164 3860 1435 3936 periculo
1503 3859 1681 3917 etiam
1766 3857 1839 3917 ad
1908 3858 2115 3918 hostes
2199 3859 2286 3918 ire
2373 3858 2609 3917 licuisse

366 3961 557 4033 (Dem.
620 3962 677 4021 d.
722 3980 872 4040 paee
919 3968 956 4024 6
1027 4007 1052 4035 ,,
1075 3991 1158 4001 -
1201 3946 1500 4019 κατιδών
1536 3949 2022 4038 Νεοπτόλεμον
2067 3946 2192 4019 τὸν
2238 3945 2610 4039 ὑποκριτὴν

365 4059 464 4142 τῷ
518 4057 639 4142 μὲν
680 4062 800 4144 τῆς
853 4059 1085 4143 τέχνης
1141 4053 1556 4144 προσχήματι
1620 4046 2016 4141 τυγχάνοντ’
2078 4046 2301 4134 ἀδείας
2332 4106 2345 4120 .
2382 4108 2394 4120 .
2430 4062 2479 4119 .“
2533 4061 2609 4122 cf.

367 4185 491 4243 arg.
524 4169 690 4229 Dem.
721 4187 806 4229 or.
836 4168 912 4228 de
961 4167 999 4226 f.
1030 4167 1066 4226 l.
1098 4165 1264 4239 335).
1307 4198 1391 4206 —
1439 4164 1864 4226 Adnotandum
1899 4171 1990 4225 est
2033 4165 2240 4225 iisdem
2285 4165 2346 4224 in
2394 4163 2609 4226 fabulis

369 4270 541 4329 modo
609 4272 950 4331 memoratis
1015 4268 1271 4340 (Cressis
1337 4299 1421 4309 —
1486 4269 1754 4345 Thyeste
1816 4297 1928 4344 —-‚
2005 4268 2377 4338 Troadibus,
2439 4266 2607 4327 Cres-
