3166 4871
580 276 703 339 252

580 451 831 511 Accedit
871 457 1066 510 autem
1113 456 1530 527 argumentum
1563 450 1995 524 gravissimum.
2083 451 2234 508 Nam
2285 457 2349 510 ut
2378 450 2641 510 omittam
2687 468 2818 525 per·

581 555 795 613 multos
853 571 1067 612 versus
1113 554 1379 611 Graecos
1430 552 1642 610 Latine
1702 569 2023 610 conversos
2069 554 2127 610 in
2176 552 2338 611 libris
2386 552 2699 612 rhetoricis
2758 560 2821 612 et

580 656 950 733 philosophis
997 656 1278 727 inveniri,
1340 674 1538 714 nonne
1586 655 1800 713 eximia
1850 654 2214 714 Graecorum
2260 653 2653 714 admiratione
2698 653 2818 714 fae-

577 766 701 818 tum
757 765 879 827 est,
941 762 1008 817 ut
1070 755 1472 833 inepistulis,
1536 757 1594 815 in
1642 756 1860 833 quibus
1905 756 2210 815 verissime
2270 756 2609 831 profitetur,
2672 756 2816 833 qnid

576 862 809 936 sentiat,
853 859 1098 920 Graecis
1143 861 1414 918 versibus
1462 860 1636 918 etiam
1683 859 1939 935 saepius,
1993 876 2173 934 quam
2220 859 2451 918 Latinis
2498 864 2817 918 uteretur?

578 964 950 1039 Quamquam
998 963 1155 1020 enim
1189 963 1286 1020 vix
1334 961 1596 1020 dubitari
1643 968 1856 1038 potest,
1902 961 2047 1038 quin
2094 981 2168 1020 ex
2199 969 2370 1038 parte
2402 964 2815 1022 ostentationis

575 1066 772 1125 studio
805 1069 1133 1124 commotus
1179 1083 1280 1123 eos
1311 1064 1593 1133 attulerit,
1639 1069 1836 1123 tamen
1870 1064 1927 1122 id
1975 1064 2165 1140 ipsum
2208 1063 2406 1123 facere
2454 1082 2570 1123 non
2604 1065 2816 1141 potnit,

576 1168 687 1226 nisi
735 1168 880 1226 satis
926 1185 1200 1242 magnum
1252 1168 1441 1243 poetis
1487 1165 1737 1225 Graecis
1784 1166 2090 1225 tribuisset
2141 1165 2421 1226 studium.

551 1350 560 1355 ι
745 1271 854 1329 His
898 1270 960 1327 in
1008 1270 1348 1329 universum
1394 1268 1710 1346 disputatis
1745 1269 1872 1346 jam
1920 1268 2327 1344 quaerendum
2377 1278 2482 1339 est,
2543 1270 2687 1345 quid
2735 1269 2811 1329 de

573 1372 824 1449 singulis
870 1373 1059 1449 poetis
1105 1356 1467 1430 Graecorum
1526 1372 1797 1430 senserit.
1886 1372 2016 1430 Hoc
2072 1375 2135 1430 ut
2189 1372 2630 1447 intellegamus,
2692 1392 2808 1432 nou

573 1477 716 1535 satis
777 1476 889 1534 erit
933 1492 1034 1533 eos
1090 1473 1391 1550 respicere
1436 1475 1622 1541 locos,
1689 1473 1790 1532 ubi
1836 1473 1911 1531 de
1960 1474 2048 1532 his
2112 1473 2338 1532 diserta
2397 1474 2512 1532 fert
2564 1474 2810 1551 judicia,

577 1578 924 1655 praesertim
974 1594 1104 1633 cnm
1152 1594 1349 1652 pauca
1392 1576 1775 1636 inveniantur
1817 1593 2009 1651 eaque
2056 1574 2182 1633 fere
2226 1576 2425 1634 omnia
2470 1576 2641 1636 nimis
2683 1578 2808 1635 uni-

575 1699 742 1740 verse
789 1681 1051 1756 prolata:
1096 1677 1374 1737 addenda
1404 1683 1495 1738 est
1541 1679 1791 1753 primum
1839 1696 2057 1752 magna
2100 1694 2241 1753 pars
2287 1696 2489 1737 eorum
2527 1680 2810 1755 locorum,

574 1783 789 1860 quibus
836 1781 911 1841 de
958 1783 1351 1841 Romanorum
1400 1782 1592 1856 poetis
1638 1782 1853 1855 agitur,
1902 1797 2032 1839 nam
2082 1798 2216 1838 cum
2260 1781 2374 1849 alii,
2419 1787 2543 1839 tum
2590 1783 2807 1840 scenici

573 1894 675 1946 aut
721 1886 895 1961 plane
926 1888 1030 1943 aut
1075 1903 1290 1959 magna
1321 1903 1393 1942 ex
1435 1890 1606 1960 parte
1653 1901 1685 1941 e
1716 1882 1963 1943 Graecis
1994 1880 2282 1959 pendent:
2327 1886 2450 1942 tum
2484 1883 2803 1943 videndum

571 1995 679 2066 est,
724 2006 974 2064 quorum
1024 1987 1277 2045 maxime
1324 1992 1636 2063 poetarum
1684 2003 1895 2046 versus
1941 1986 2037 2043 vel
2085 1985 2314 2045 Graece
2361 1987 2455 2044 vel
2488 1986 2703 2044 Latine
2748 1987 2809 2046 in

573 2090 824 2151 medium
872 2089 1142 2166 proferre
1188 2089 1392 2147 soleat.
1479 2090 1568 2148 Ac
1615 2108 1690 2147 ne
1734 2089 1816 2146 ita
1860 2087 2100 2163 quidem
2147 2087 2494 2164 quaestione
2538 2089 2809 2148 instituta

569 2211 803 2269 semper
845 2191 921 2251 ad
968 2191 1143 2250 finem
1192 2208 1438 2266 prorsus
1486 2195 1714 2251 certum
1762 2209 1833 2250 ac
1863 2190 2165 2250 definitum
2212 2192 2654 2267 perveniemus:
2699 2209 2807 2267 pro

571 2301 734 2354 certo
781 2296 935 2353 enim
983 2292 1283 2352 affirmare
1315 2292 1453 2352 licet
1496 2311 1629 2353 eum
1676 2293 1996 2354 nonnullos
2041 2295 2269 2368 poetas,
2314 2312 2347 2351 e
2378 2311 2633 2368 quornm
2682 2312 2808 2352 car·

572 2396 822 2457 minibus
856 2413 1038 2456 unum
1069 2394 1399 2455 alterumve
1444 2396 1681 2472 scriptis
1728 2396 1978 2455 inseruit
2009 2412 2264 2467 versum,
2311 2413 2520 2473 parum
2555 2396 2809 2472 novisse,

570 2517 781 2558 versus
826 2502 1020 2557 autem
1055 2516 1127 2557 ex
1160 2498 1231 2556 iis
1263 2498 1589 2575 sumpsisse
1622 2497 1804 2575 libris,
1848 2499 2063 2574 quibus
2108 2499 2168 2557 in
2214 2498 2452 2574 scriptis
2496 2498 2808 2558 rhetoricis

569 2602 663 2661 vel
714 2599 1086 2678 philosophis
1134 2599 1510 2658 elaborandis
1555 2599 1629 2658 ad
1676 2600 1983 2659 scientiam
2028 2599 2104 2659 de
2134 2599 2496 2660 Graecorum
2538 2600 2810 2660 doctrina

569 2713 628 2764 et
660 2705 871 2763 litteris
919 2701 1257 2778 augendam
1293 2702 1374 2761 uti
1406 2702 1661 2761 solebat:
1709 2701 1766 2760 id
1816 2701 1976 2778 quod
2010 2703 2083 2762 de
2130 2702 2202 2761 iis
2250 2704 2502 2762 maxime
2534 2704 2806 2762 versibus

566 2806 855 2882 suspicari
899 2822 1241 2881 possumus,
1304 2805 1405 2881 qni
1454 2803 1759 2881 proverbii
1805 2811 1910 2864 aut
1966 2805 2298 2865 sententiae
2342 2807 2598 2882 speciem
2660 2824 2805 2882 prae

565 2928 629 2969 se
675 2909 895 2968 ferunt.
985 2908 1303 2967 Praeterea
1350 2907 1558 2967 Cicero
1626 2924 1699 2966 ex
1745 2911 1869 2966 tota
1913 2907 2088 2966 animi
2135 2909 2225 2967 sui
2272 2911 2491 2968 natura
2534 2927 2606 2967 ae
2667 2926 2803 2966 con-

567 3011 789 3071 ditione
837 3015 896 3070 et
940 3009 1204 3086 facilius,
1249 3028 1426 3086 quam
1474 3010 1605 3086 alii,
1658 3027 1728 3069 eo
1774 3011 1967 3086 potuit
2010 3010 2348 3087 pervenire,
2410 3016 2475 3070 ut
2520 3030 2639 3071 non
2683 3020 2801 3069 tam

565 3133 638 3173 ex
685 3132 794 3173 sua
837 3114 1027 3190 ipsius
1075 3113 1387 3187 sententia,
1433 3131 1610 3187 quam
1659 3131 1731 3171 ex
1781 3113 1998 3172 usitata
2037 3131 2262 3189 eorum,
2305 3130 2555 3189 quornm
2606 3115 2664 3172 in
2713 3114 2802 3171 luis

563 3216 743 3275 rebus
791 3214 1026 3275 valebat
1072 3214 1425 3290 auctoritas,
1471 3216 1754 3290 opinione
1789 3214 2118 3293 judicaret,
2163 3234 2377 3291 neque,
2421 3234 2553 3275 cum
2620 3216 2805 3291 magis

566 3318 963 3394 degustasset,
1008 3336 1185 3393 quam
1222 3316 1656 3395 perdidicisset,
1686 3322 1910 3394 poetas,
1953 3320 2098 3377 satis
2128 3318 2352 3377 firmam
2399 3318 2474 3377 de
2504 3318 2597 3377 his
2627 3318 2803 3377 rebus

563 3420 916 3479 sententiam
977 3420 1323 3496 concepisse
1383 3420 1633 3479 videtur.
1696 3450 1778 3458 —
1840 3421 1928 3479 Ea
1984 3425 2177 3480 antem
2240 3422 2545 3497 quaestio,
2607 3428 2798 3481 utrum

565 3525 797 3581 veteres
840 3522 972 3581 illos
1021 3521 1388 3582 Graecorum
1441 3528 1676 3600 poetas,
1737 3540 1889 3599 quos
1933 3522 2218 3583 classicos
2265 3541 2479 3583 vocare
2524 3523 2801 3593 solemus,

478 3688 482 3692 ,
563 3625 749 3700 magis
771 3625 1078 3699 amaverit,
1108 3643 1182 3683 an
1223 3625 1606 3702 recentiores,
1638 3625 1741 3701 qni
1763 3611 2157 3685 Alexandriae
2190 3626 2440 3685 maxime
2469 3627 2805 3686 floruerunt

560 3732 619 3786 et
662 3745 814 3803 quos
860 3726 996 3787 inde
1042 3745 1076 3785 a
1125 3726 1358 3787 Catullo
1408 3731 1621 3803 poetae
1666 3727 1861 3786 Latini
1911 3745 2127 3802 magna
2172 3728 2468 3803 elegantia
2512 3733 2573 3789 et
2616 3746 2798 3788 venu-

559 3834 714 3889 state
760 3828 1032 3888 solebant
1074 3829 1317 3905 imitari,
1375 3827 1488 3887 boc
1532 3829 1662 3888 loco
1709 3830 1767 3887 in
1818 3829 2029 3898 medio,
2057 3835 2149 3889 est
2191 3830 2609 3908 relinquenda,
2667 3848 2799 3890 nam

559 3950 692 3991 cum
740 3930 880 4008 quid
938 3929 1013 3990 de
1059 3931 1311 4008 singulis
1356 3932 1546 4007 poetis
1593 3932 1872 4008 senserit,
1916 3932 2406 4010 intellexerimus,
2450 3952 2522 3992 ea
2560 3951 2801 4010 quoque

559 4053 656 4093 res
709 4035 823 4095 erit
885 4034 1228 4112 dijudicata.
1331 4033 1754 4094 Act-,edendum
1820 4035 2000 4112 igitur
2047 4034 2176 4112 jam
2222 4040 2313 4095 est
2356 4035 2431 4095 ad
2479 4036 2636 4096 hanc
2679 4054 2799 4096 rem

558 4136 988 4212 gravissimam.
1099 4136 1362 4195 Vidimus
1420 4140 1616 4196 autem
1678 4137 1978 4213 principes
2041 4138 2204 4197 locos
2261 4138 2321 4196 in
2379 4137 2630 4197 diversis
2676 4156 2801 4198 car-

559 4239 780 4298 minum
845 4239 1166 4316 generibus
1235 4257 1366 4298 eum
1445 4239 1708 4299 tribuere
1795 4239 1980 4300 videri
2055 4241 2341 4319 Homer0,
2418 4240 2799 4311 Archilocho,
