3166 4871
593 298 710 359 196
1593 290 1848 347 Zacher

551 461 766 529 Ιδίκαι
815 454 950 529 ἀπὸ
995 459 1375 548 συμβόλων,
1420 470 1457 529 i.
1488 488 1537 529 e.
1586 471 2027 530 controversias
2070 470 2228 530 inter
2258 469 2418 530 cives
2465 469 2843 530 diversarum

588 573 935 650 civitatium,
963 588 1135 650 ‘quae
1168 577 1331 634 certo
1370 573 1574 650 aliquo
1608 572 1802 649 modo,
1846 571 1919 634 de
1951 591 2072 649 quo
2104 573 2372 634 civitates
2404 578 2847 651 convenerunt,

589 673 958 734 dirimendae
1015 680 1156 736 sunt
1197 674 1547 753 (Harpocm
1615 663 1948 752 σύμβολα·
2007 665 2126 746 τὰς
2186 664 2561 754 συνθήκας,
2618 659 2695 746 ἃς
2756 661 2847 733 ἂν

589 760 905 855 ἀλλήλαις
965 768 1032 835 αἱ
1090 765 1320 848 πόλεις
1377 770 1657 856 θέμεναι
1715 766 2009 837 τάττωσι
2070 783 2214 849 τοῖς
2274 772 2616 850 πολίταις,
2662 761 2841 835 ὥστε

591 868 854 939 διδόναι
912 873 1018 937 καὶ
1082 868 1441 958 λαμβάνειν
1502 869 1585 938 τὰ
1647 873 1887 940 δίκαια.
1980 880 2069 942 cf.
2115 880 2452 941 Schemann
2513 882 2574 940 et
2634 880 2845 958 Meier,

594 984 718 1043 Att.
761 984 936 1043 Proc.
983 979 1102 1040 777
1134 1001 1240 1060 sq„
1285 983 1593 1043 Hermann
1638 980 1757 1043 Alt.
1780 982 1841 1062 Ἰ,
1891 977 2026 1060 116,
2077 980 2170 1043 10.
2214 982 2553 1043 Βοὴὸωωιη
2601 983 2721 1042 Alt.
2766 983 2845 1060 11,

591 1082 719 1164 26),
760 1084 900 1145 inde
944 1103 981 1145 a
1025 1085 1382 1146 Schemanni
1415 1103 1487 1145 ea
1518 1083 1591 1145 de
1620 1103 1686 1145 re
1719 1086 1879 1145 curis
1910 1085 1983 1145 ab
2016 1086 2290 1145 omnibus
2323 1084 2447 1145 fere
2479 1102 2837 1145 concessum

593 1192 711 1265 est,
770 1191 835 1248 ut
878 1206 913 1246 a
958 1186 1191 1265 Curtio,
1236 1187 1538 1249 Classenio
1583 1188 1865 1265 Krtlgero
1911 1187 2109 1261 (aliter
2152 1187 2334 1248 sentit
2376 1184 2625 1248 Boeckh
2670 1186 2843 1249 Sthh.

593 1311 650 1369 p.
683 1286 807 1347 529
831 1307 897 1350 a:
944 1289 1090 1362 „Ich
1121 1289 1287 1351 kann
1320 1290 1472 1349 mich
1506 1290 1651 1350 aber
1681 1290 1847 1351 nicht
1878 1289 2232 1367 uberreden‚
2277 1289 2418 1350 dass
2462 1285 2844 1369 ξυμβολαία

594 1387 746 1472 δίκη
793 1394 926 1454 eine
973 1387 1122 1472 δίκη
1168 1376 1303 1451 α’πό
1349 1382 1711 1470 ξυμβόλων
1767 1393 1882 1473 sei,
1940 1393 2203 1454 sondem
2257 1411 2420 1454 muss
2471 1388 2841 1471 ξυμβολαία

596 1489 772 1575 δίκη,
818 1496 929 1555 wie
975 1494 1220 1555 frflhere
1265 1499 1444 1572 getan
1491 1492 1853 1571 haben‚'f11r
1898 1497 2029 1556 eine
2077 1489 2226 1575 δίκη
2272 1496 2422 1556 uber
2468 1486 2843 1574 συμβόλαια

593 1599 817 1675 halten,
863 1597 1062 1657 wohin
1095 1596 1204 1657 der
1233 1594 1534 1658 ausdruck
1570 1597 1866 1658 zunachst
1910 1599 2107 1677 weist;
2151 1598 2271 1658 und
2319 1616 2387 1659 so
2433 1598 2538 1659 hat
2580 1617 2646 1659 es
2686 1598 2842 1659 auch

595 1701 703 1762 der
748 1700 1036 1761 scholiast
1076 1699 1461 1779 verstanden‚
1505 1718 1678 1759 wenn
1727 1719 1792 1761 er
1838 1699 1933 1761 die
1965 1704 2148 1760 wor'te
2188 1692 2264 1759 ἐν
2292 1704 2437 1770 ταῖς
2469 1698 2842 1780 συναλλαγ-

592 1808 898 1882 ματικαῑς
955 1797 1203 1880 χρείαις
1257 1821 1365 1863 zur
1424 1801 1756 1881 erklarung
1819 1799 2218 1876 anwendet“).
2305 1802 2421 1865 Sed
2466 1802 2686 1864 falsum
2735 1808 2846 1881 est,

595 1906 756 1985 quod
791 1907 851 1966 in
883 1905 1162 1967 Passowii
1192 1907 1382 1967 lexico
1415 1924 1543 1966 eam
1576 1906 1651 1966 ob
1685 1925 1926 1967 causam
1973 1896 2375 1984 συμβόλαιος
2420 1925 2456 1965 a
2501 1895 2843 1984 σύμβολον

594 2008 963 2070 descendere
1006 2007 1353 2068 affirmatur.
1438 2009 1627 2069 Immo
1674 2012 1806 2070 voci
1853 1997 2259 2087 συμβόλαιος
2291 2009 2404 2070 hoc
2449 2009 2585 2070 loco
2632 2009 2841 2089 eadem

595 2115 689 2173 est
732 2109 1086 2189 significatio
1134 2130 1311 2189 quam
1359 2113 1633 2172 neutrius
1694 2102 2107 2190 συμβόλαιον
2168 2130 2300 2171 esse
2362 2111 2538 2172 modo
2584 2111 2845 2171 vidimus

596 2215 1006 2292 (quamobrem
1066 2215 1403 2291 Hesychius
1466 2216 1726 2292 explicat
1783 2210 2189 2293 συμβολαίας
2249 2209 2435 2284 δίκας
2494 2203 2611 2285 τὰς
2673 2204 2845 2272 κατὰ

598 2307 1053 2395 συμβόλαιον).
1130 2317 1284 2377 Illud
1312 2322 1508 2378 autem
1541 2316 1837 2395 significat
1866 2321 2127 2395 pactum,
2157 2307 2236 2375 τὸ
2270 2305 2847 2395 συμβαλλόμενον,

600 2420 685 2500 id,
749 2419 823 2481 de
880 2440 1001 2499 quo
1063 2426 1422 2482 conventum
1484 2426 1592 2488 est.
1676 2418 1982 2498 Agedum!
2047 2420 2317 2495 Quanam
2376 2420 2450 2480 de
2508 2439 2575 2480 re
2634 2420 2694 2480 in
2754 2418 2849 2479 his

600 2517 1029 2601 συμβολαίαις
1075 2517 1287 2594 δίκαις
1377 2527 1738 2584 conventum
1784 2525 1923 2584 est?
2010 2524 2243 2600 Nempe
2290 2522 2363 2583 de
2407 2517 2847 2601 ipsis‘dlxeceg!

598 2629 728 2688 Hae
774 2628 940 2704 ipsae
983 2627 1165 2703 igitur
1209 2631 1349 2687 sunt
1394 2615 1809 2704 συμβόλαιαι,
1854 2625 1928 2686 de
1975 2627 2190 2704 quibus
2238 2629 2400 2687 certo
2433 2626 2637 2702 aliquo
2669 2625 2846 2685 modo

599 2749 668 2791 ac
700 2730 930 2790 ratione
963 2729 1341 2790 instituendis
1373 2733 1730 2789 conventum
1765 2733 1872 2789 est.
1945 2730 2158 2806 Itaque
2199 2729 2295 2789 hic
2341 2747 2522 2789 unum
2569 2729 2846 2788 relictum
2878 2745 2889 2753 ·

601 2839 693 2894 est
722 2833 1056 2909 exemplum
1089 2831 1352 2892 feminini
1386 2833 1626 2909 generis
1658 2831 1941 2910 adjectivi
1975 2821 2399 2909 συμβόλαιος,
2443 2831 2606 2908 quod
2638 2835 2848 2891 neutro

600 2953 821 3014 genere
882 2939 943 2995 et
1013 2935 1254 2995 notione
1323 2934 1740 2995 substantivali
1808 2936 2152 3012 saepissime
2218 2938 2562 3011 usurpatur.
2662 2934 2851 2993 Recte

600 3037 783 3117 igitur
826 3038 1015 3098 schol.
1057 3038 1522 3114 interpretatur:
1587 3029 1661 3096 ἐν
1706 3041 1849 3108 ταῖς
1895 3035 2541 3115 συναλλαγματικαῑς
2582 3028 2852 3114 χρείαις.

602 3141 1002 3205 confirmatur
1045 3141 1458 3217 interpretatio
1507 3145 1713 3200 nostra
1757 3141 1957 3216 glossa
2001 3140 2315 3216 Hesychii:
2360 3131 2854 3215 Ξυμβολιμαῖας

604 3239 791 3314 δίκας
838 3228 1149 3317 Ἀττικοὶ,
1215 3232 1334 3314 τὰς
1377 3232 1547 3302 κατὰ
1595 3231 1998 3320 συμβόλαια,
2060 3241 2157 3301 ubi
2219 3260 2338 3302 non
2398 3259 2551 3317 opus
2611 3244 2725 3316 est,
2785 3244 2855 3299 ut

602 3351 778 3426 putat
809 3347 876 3406 L.
908 3345 1086 3406 Dind.
1115 3347 1174 3405 in
1208 3346 1374 3424 thes„
1418 3347 1682 3407 scribere
1729 3338 2156 3422 συμβολαὶας,
2201 3363 2384 3422 quum
2416 3342 2853 3421 adJectivorum

517 3427 530 3436 .
602 3452 661 3510 in
708 3465 950 3527 -ιμαιος
995 3449 1170 3525 plane
1216 3448 1419 3508 eadem
1466 3448 1544 3508 sit
1586 3447 1941 3525 significatio
1986 3448 2277 3525 ve1·balis;
2323 3445 2398 3506 ef.
2431 3445 2589 3505 infra
2635 3445 2669 3514 ξ
2704 3440 2806 3504 79.

776 3589 1325 3680 ὕπερβολαῑος,
1416 3582 1787 3662 Vocabulum
1847 3603 2204 3662 musicorum
2269 3601 2579 3679 proprium
2640 3587 2857 3678 νήτην

606 3711 666 3768 et
707 3693 1109 3784 παρανήτην
1154 3690 1631 3782 ὑπερβολαίων
1676 3706 1771 3765 vel
1818 3692 2272 3782 ὑπερβολαίαν
2334 3703 2676 3764 dicentium.
2765 3701 2857 3762 Cf.

606 3808 869 3871 Boeckh.
931 3806 1005 3868 de
1066 3813 1233 3868 metr.
1289 3807 1460 3867 Pind.
1518 3826 1575 3884 p.
1630 3804 1753 3865 206
1785 3826 1873 3884 sq.
1979 3808 2235 3883 Propria
2300 3804 2653 3882 significatio
2721 3823 2858 3865 esse

607 3910 845 3971 videtur
887 3928 1205 3987 superans,
1249 3898 1711 3987 ὑπερβάλλων.
1800 3910 2073 3972 Ceterum
2122 3909 2279 3968 illius
2324 3909 2469 3969 artis
2527 3907 2678 3967 adeo
2723 3924 2855 3967 sum

607 4014 917 4091 imperitus
963 4018 1029 4072 ut
1074 4032 1192 4073 non
1240 4013 1488 4073 audeam
1536 4014 1757 4074 certius
1803 4012 2127 4090 quidquam
2174 4010 2494 4072 affirmare.

779 4164 868 4240 βο
883 4166 1159 4238 υλαῖος
1204 4171 1264 4226 et
1307 4185 1342 4225 a
1373 4155 1588 4245 βουλή
1622 4172 1680 4226 et
1710 4186 1745 4225 a
1775 4154 2179 4244 βουλεύομαι
2227 4166 2418 4244 repeti
2463 4181 2659 4243 posse,
2703 4164 2864 4223 aliis-

611 4290 728 4350 que
755 4271 905 4332 locis
930 4269 1108 4330 aliam
1127 4270 1448 4330 convenire
1474 4269 1985 4346 significationem,
2007 4286 2191 4346 supra
2214 4268 2609 4328 indicavimus
2633 4286 2691 4345 p.
2722 4263 2864 4326 140.
