3166 4871
506 335 627 397 138
1503 330 1766 386 Zacher

673 492 1078 588 ἀναγκαίη
1123 528 1236 587 pro
1283 492 1539 588 ἀνάγκη
1583 509 1757 569 Hom.
1800 510 1974 586 Tyrt.
2019 508 2137 569 Sol.
2182 508 2323 569 Hdt.
2368 508 2591 570 Gallim.
2635 510 2749 587 Ap.

505 611 617 673 Rh.
660 611 808 672 Lob.
854 612 1040 690 paral.
1084 630 1143 690 p.
1175 607 1315 671 309.

673 698 1117 793 ἀναγκαῖος
1157 713 1299 776 inde
1342 714 1419 775 ab
1463 714 1728 775 Homero
1774 708 2113 774 usitatum.'

673 801 956 895 ἀραῖος
1021 817 1379 878 vocabulum
1447 818 1695 894 tragicis
1759 818 2111 894 praesertim
2177 818 2410 895 tritum,
2481 816 2557 876 ab
2622 801 2752 896 ἀρά

499 921 728 1000 pariter
772 924 954 997 atque
996 920 1073 981 ab
1120 904 1417 1000 ἀρᾶσθαι
1461 919 1703 980 videtur
1733 920 2021 995 originem
2055 921 2302 996 cepisse.
2378 920 2532 980 Nam
2564 938 2749 997 quum

500 1024 854 1101 plerumque
912 1021 1208 1100 significet
1265 1025 1371 1082 aut
1428 1040 1562 1082 eum
1619 1023 1721 1100 qui
1768 1005 2038 1100 ἀρᾶται,
2082 1021 2366 1100 devovet,
2426 1025 2490 1082 ut
2534 1021 2751 1081 Aeseh.

502 1125 615 1202 Ag.
646 1119 767 1182 237
814 1129 1173 1200 κατασχεῖν
1216 1112 1534 1203 φθόγγον
1578 1108 1818 1201 ἀραῖον
1864 1117 2098 1197 οἴκοις,
2143 1142 2219 1183 ne
2263 1123 2425 1183 diras
2464 1125 2749 1201 impreca-

503 1232 688 1301 retur,
731 1227 877 1287 Eur.
907 1226 1062 1286 Med.
1094 1222 1217 1284 608
1261 1220 1370 1285 καὶ
1420 1232 1563 1297 σοῖς
1609 1210 1808 1307 ἀραία
1852 1209 1912 1304 γ>
1948 1205 2120 1284 οὖσα
2163 1214 2477 1305 τυγχάνω
2522 1212 2752 1303 ὁόμοις

502 1328 604 1403 (cf.
638 1329 848 1390 Blomf.
884 1328 962 1388 ad
1007 1329 1223 1389 Aesch.
1268 1328 1306 1388 l.
1335 1330 1390 1407 1.‚
1435 1334 1495 1390 et
1524 1328 1678 1389 Plat.
1708 1329 1855 1406 Leg.
1884 1328 1985 1404 XI,
2015 1322 2135 1386 931
2164 1327 2241 1389 0:
2286 1312 2650 1408 Ἀμύντορά
2676 1345 2751 1386 τε

505 1425 773 1491 Φοίνικι
802 1427 903 1511 τῷ
934 1420 1182 1490 ἑαυτοῦ
1214 1420 1686 1511 ἐπαράσασθαι
1715 1426 1904 1490 παιδὶ
1936 1424 2358 1509 θυμωθέντα
2387 1424 2502 1490 καὶ
2521 1418 2751 1490 Ἱππο-

503 1523 691 1613 λύτῳ
744 1527 965 1614 Θησέα
1009 1527 1120 1593 καὶ
1167 1523 1438 1614 ἑτέρους
1484 1519 1713 1604 ἄλλοις
1755 1528 2036 1612 μυρίους
2060 1527 2343 1613 μυρίοις,
2388 1513 2490 1593 ὧν
2516 1527 2751 1612 γέγονε

503 1630 710 1712 σαφὲς
767 1625 1105 1716 ἐπηκόους
1166 1624 1334 1694 εἶναι
1393 1632 1663 1714 γονεῦσι
1720 1626 1894 1716 πρὸς
1947 1629 2152 1695 τέκνα
2213 1624 2453 1707 θεούς·
2517 1618 2753 1713 ἀραῖος

500 1728 625 1817 γὰρ
668 1729 908 1818 γονεὺς
951 1727 1282 1817 ἐκγόνοις,
1345 1725 1438 1809 ὡς
1482 1723 1705 1808 οὐδεὶς
1751 1728 1976 1818 ἕτερος
2021 1723 2270 1810 ἄλλοις,
2315 1726 2752 1809 δικαιότατα),

505 1845 611 1902 aut
637 1831 763 1901 τὸν
800 1825 991 1920 ἀραῖς
1034 1830 1350 1919 κάτοχον,
1394 1830 1801 1920 κατάρατον,
1845 1847 1913 1901 ιιι
1941 1839 2157 1900 Aesch.
2186 1840 2344 1918 Sept„
2380 1835 2502 1898 898
2534 1823 2752 1918 ἀραίῳ

500 1929 560 2003 τ’
616 1937 692 2003 ἐκ
753 1934 1010 2024 πατρὸς
1072 1933 1422 2023 διχόφρονι
1481 1932 1753 2021 πότμῳ,
1817 1960 1969 2020 quas
2030 1942 2501 2020 significationes
2564 1941 2752 2001 multo

499 2028 736 2107 facilius
795 2065 870 2108 ex
928 2030 1221 2127 ἀρᾶσθαι
1281 2064 1461 2123 quam
1521 2064 1597 2106 ex
1658 2030 1786 2123 ἀρά
1844 2044 2030 2106 fluere
2093 2048 2375 2123 apparet,
2435 2045 2552 2104 alio
2616 2044 2749 2104 loco

502 2148 801 2228 significat
843 2151 1065 2228 Iovem,
1128 2151 1229 2226 qui
1274 2147 1803 2226 imprecationibus
1845 2150 2087 2224 praeest
2130 2146 2311 2224 Soph.
2355 2146 2508 2207 Phil.
2558 2141 2751 2204 1181:

506 2242 694 2331 πρὸς
732 2236 974 2332 ἀραίου
1020 2240 1190 2322 Διός.
1280 2251 1414 2311 Nisi
1458 2251 1616 2311 forte
1674 2249 1850 2311 ctiam
1908 2249 2065 2310 hanc
2125 2247 2613 2326 significationem
2675 2268 2751 2309 ex

503 2340 800 2433 ἀρᾶσθαι
844 2354 928 2414 sic
974 2358 1174 2414 natam
1220 2371 1353 2414 csse
1395 2357 1708 2432 putamus,
1752 2357 1819 2412 ut
1862 2336 2093 2432 ἀραῖος
2136 2357 2388 2413 vocatus
2432 2352 2512 2413 sit
2552 2352 2604 2412 is
2647 2352 2749 2429 qui

501 2443 689 2537 ἀραῖς
730 2457 1085 2535 imploratur
1129 2455 1227 2526 (cf.
1257 2457 1430 2517 Hom.
1457 2453 1501 2529 β
1539 2452 1656 2514 135
1689 2439 1954 2535 ἀρήσετ’
1998 2439 2293 2536 Ἐρινῦς),
2336 2474 2494 2533 quae
2538 2455 2749 2516 scholi-

501 2565 669 2621 astae
728 2560 970 2621 videtur
1042 2577 1175 2620 esse
1242 2560 1568 2637 sententia,
1641 2560 1719 2619 ad
1774 2558 1938 2619 illum
1997 2559 2193 2619 locum
2254 2557 2625 2620 adnotantis.
2692 2537 2751 2637 ᾦ

502 2651 754 2732 πάντες
795 2650 1305 2742 προςευχόμεθα
1346 2647 1387 2739 ἢ
1436 2645 1516 2721 ὃν
1563 2650 2067 2729 ἐπικαλούμεθα
2107 2644 2459 2739 ἀρώμενοι.

674 2748 1110 2844 ἀραχνατος
1162 2782 1258 2842 ap.
1300 2768 1458 2842 poet.
1502 2765 1887 2843 posteriores.
1975 2764 2195 2824 Montis
2241 2781 2459 2823 nomen
2500 2763 2562 2823 in
2609 2781 2748 2824 con-

502 2866 640 2928 finio
703 2866 969 2927 Corinthi
1028 2869 1088 2925 et
1144 2865 1450 2943 Argolidis
1507 2867 1632 2944 siti,
1694 2850 2081 2947 ,Ἀραχναῖον
2125 2854 2324 2937 αἶπος
2378 2865 2594 2926 Aesch.
2639 2865 2749 2944 Ag.

502 2965 644 3048 294,
687 2959 767 3029 τό
813 2952 1200 3049 Ἀραχναῖον
1243 2969 1419 3028 Paus.
1464 2964 1522 3047 2,
1572 2965 1667 3048 15,
1717 2965 1810 3028 10.
1897 2968 2125 3031 Gallim.
2167 2987 2263 3047 ap.
2307 2969 2390 3030 St.
2434 2969 2574 3043 Byz.

673 3056 1112 3151 ἀρουραῖος
1157 3071 1298 3131 flat.
1343 3072 1482 3143 Ate,

672 3159 1041 3253 ἀρχαῖος
1102 3171 1275 3233 Pind.
1330 3171 1473 3233 Hdt.
1530 3173 1651 3234 Att.
1696 3173 1869 3251 Saep.
1922 3174 1985 3232 in
2040 3173 2213 3234 inser.
2274 3206 2355 3216 ——
2415 3188 2748 3250 παναρ-

498 3282 747 3355 χαῑος
790 3276 940 3338 Poll.

671 3363 1182 3459 ἀστραπαῑος
1224 3376 1458 3456 Thphr.
1502 3377 1658 3437 Plut.

672 3465 960 3539 αὐλαία
1005 3481 1300 3559 aulaeum,
1342 3479 1567 3557 primos
1600 3481 1901 3557 reperitur
1930 3480 2093 3557 apud
2137 3479 2505 3558 Hyperidem
2540 3484 2600 3541 et
2626 3481 2742 3541 Me-

500 3584 793 3644 nandrum
826 3580 924 3656 (fr.
949 3577 1091 3661 201,
1122 3601 1216 3660 ap.
1242 3582 1534 3660 cosmam,
1561 3586 1799 3660 topogr.
1827 3582 2041 3644 Christ.
2069 3580 2125 3660 5,
2156 3602 2211 3659 p.
2245 3579 2407 3655 197).
2473 3583 2624 3643 Poll.
2646 3583 2745 3658 IV,

507 3681 655 3743 122:
702 3675 912 3759 ἔξεστι
939 3676 1032 3743 ’δὲ
1076 3679 1189 3743 καὶ
1233 3675 1312 3743 τὸ
1356 3679 1850 3764 παραπέτασμα
1896 3669 2183 3742 αὐλαίαν
2212 3682 2461 3759 καλεῖν,
2495 3671 2744 3763 Ὑπερί-

503 3783 629 3847 δου
675 3776 987 3857 εἰπόντος
1033 3779 1106 3846 ἐν
1151 3784 1252 3867 τῷ
1295 3776 1468 3845 κατὰ
1515 3780 2020 3867 Πατροκλέους·
2068 3777 2133 3845 οἱ
2179 3777 2478 3846 δὲ’ἐννέα
2509 3771 2746 3866 ἄρχον-

498 3907 607 3961 τες
651 3881 999 3949 εἱστιῶντο
1056 3881 1131 3948 ἐν
1185 3886 1264 3966 τῇ
1320 3885 1486 3972 στοᾷ
1542 3877 2115 3970 περιφραξάμενοί
2169 3907 2233 3948 τι
2287 3883 2485 3969 μέρος
2539 3872 2747 3968 αὐτῆς

499 3977 819 4063 αὐλαίαις.
862 3992 1168 4069 Theophr.
1214 3993 1377 4052 char.
1423 3990 1460 4049 5
1507 3979 1749 4051 αὐλαία
1793 3983 2037 4069 ἔχουσα
2076 3986 2337 4070 Πέρσας
2379 3983 2744 4069 ἐνυφασμέ-

498 4112 676 4167 νους.
741 4095 951 4172 Polyb.
997 4091 1097 4174 33,
1141 4089 1197 4174 3,
1242 4090 1299 4154 2.
1367 4095 1523 4155 Plut.
1566 4096 1827 4173 saepius.
1913 4096 2046 4155 Hoc
2105 4094 2383 4155 aulaeum
2443 4096 2571 4154 sive
2632 4112 2744 4170 pro

315 4280 326 4287 q
421 4215 426 4220 ·
498 4197 731 4259 foribus
778 4201 932 4274 erat,
991 4197 1119 4258 sive
1174 4198 1333 4258 inter
1377 4198 1684 4258 columnas
1729 4215 2059 4276 expansum
2105 4195 2321 4271 (Bekk.
2366 4195 2628 4257 Charikl.
2672 4196 2746 4274 11,

502 4296 640 4361 107.
683 4300 885 4378 Herm.
915 4301 1126 4361 Altert.
1156 4300 1266 4379 111,
1301 4299 1395 4379 19,
1431 4297 1549 4377 10),
1594 4300 1810 4361 deinde
1854 4319 1966 4378 pro
2012 4301 2273 4360 tentorio
2318 4298 2743 4396 usurpabatur.
