3166 4871
537 350 650 409 ¹64
1377 298 1386 308 .
1561 343 1817 398 Zacher

532 522 638 582 sed
698 508 736 582 ὁ
781 512 918 599 πρὸ
962 518 1103 581 τῶν
1159 509 1386 581 ἄλλων
1439 511 1915 601 μναμονεύων,
1980 526 2045 582 ut
2100 541 2221 583 non
2279 523 2360 583 sit
2415 522 2773 600 ochctivum

532 626 922 701 compositum
968 623 1076 683 sed
1121 623 1662 684 determinativum.
1748 626 1955 684 Restat
2000 643 2201 699 unum*
2227 613 2570 702 πρόοαος,
2615 624 2774 702 quod

533 727 831 805 significat
874 745 1036 803 eum,
1097 727 1199 803 qui
1243 725 1445 786 domui
1489 731 1761 804 praeest,
1815 726 1921 787 sed
1982 727 2097 787 hoc
2139 727 2377 787 infimae
2422 725 2777 787 Graecitatis

534 834 928 890 commentum
977 835 1068 889 est
1128 828 1206 889 ad
1253 829 1589 915 rem-plane
1619 829 1882 889 alienam
1925 828 2398 905 significandam,
2447 834 2777 906 usurpatur

534 933 686 991 enim
733 949 771 991 a
813 930 1166 1008 Theophan.
1211 930 1520 991 Constant.
1562 931 1863 1008 Porphyr.
1910 930 2126 1008 Georg.
2172 930 2426 991 Cedren.
2465 930 2545 990 ad
2598 930 2776 990 deno-

535 1033 784 1093 tandum
844 1033 1127 1111 majorem
1188 1032 1401 1094 domus
1459 1050 1667 1109 regum
1726 1033 2037 1094 Franciae.
2121 1033 2305 1094 Vides
2358 1033 2473 1094 hoc
2525 1037 2775 1110 excepto

536 1139 594 1196 in
640 1135 804 1195 nullo
850 1135 1179 1212 composito
1225 1154 1354 1194 eam
1399 1136 1856 1213 praepositionis
1900 1124 2036 1214 πρό
2080 1136 2198 1195 vim
2230 1154 2361 1195 esse
2394 1141 2461 1196 ut
2487 1135 2778 1211 significet

538 1238 889 1325 praesidem.
976 1239 1053 1297 Et
1098 1242 1258 1297 certe
1303 1238 1406 1314 qui
1449 1239 1510 1297 in
1556 1238 1903 1316 compositis
1947 1238 2105 1297 hanc
2148 1239 2267 1297 vim
2314 1237 2533 1299 habere
2576 1238 2779 1315 possit,

537 1359 720 1417 quum
768 1340 1009 1401 omniuo
1056 1359 1172 1401 nou
1220 1341 1437 1399 habeat
1476 1359 1737 1417 uuquam
1768 1341 1947 1400 alias!
2020 1341 2348 1418 Nunquam
2380 1340 2535 1399 enim
2567 1337 2780 1399 dicitur

537 1429 575 1500 ὁ
620 1431 754 1520 πρὸ
801 1431 1041 1521 τρύγης
1087 1427 1186 1500 ὧν
1232 1461 1340 1518 pro
1387 1428 1425 1501 ὁ
1469 1439 1587 1521 τῆς
1629 1431 1870 1522 τρύγης
1912 1438 2340 1523 προστατῶν.

707 1545 844 1605 Duo
889 1548 1119 1604 tantum
1164 1545 1460 1604 vocabula
1504 1544 1999 1605 demonstrationi
2030 1551 2272 1605 nostrae
2303 1543 2547 1604 officere
2578 1542 2779 1603 viden·

538 1652 654 1724 tur,
699 1645 804 1706 sed
837 1645 998 1722 quod
1031 1646 1183 1707 bene
1212 1653 1440 1723 teneas,
1483 1652 1544 1706 et
1573 1648 1705 1723 ipsa
1736 1647 1984 1707 deorum
2017 1647 2391 1725 cognomina,
2434 1649 2496 1706 et
2525 1663 2778 1722 quorum

539 1751 793 1809 alterum
854 1754 914 1809 et
967 1750 1162 1825 ipsum
1213 1753 1429 1809 neutro
1483 1768 1709 1826 genere
1754 1750 1832 1809 ad
1876 1750 2165 1810 solemnia
2205 1746 2570 1828 appellanda
2613 1766 2779 1808 usur-

543 1858 737 1929 patur.
825 1853 917 1911 Ex
976 1851 1090 1911 hoc
1143 1852 1273 1928 ipso
1319 1857 1520 1912 autem
1565 1870 1720 1928 quae
1763 1852 1841 1911 sit
1883 1852 2093 1912 horum
2140 1852 2568 1912 vocabulorum
2615 1850 2784 1925 ratio,

541 1954 862 2030 intelligas.
948 1955 1102 2014 Nam
1146 1942 1645 2034 προηρόσιος
1700 1958 1792 2015 est
1835 1972 2167 2031 cognomen
2211 1954 2445 2016 Cereris
2486 1972 2583 2031 ap.
2628 1953 2783 2012 Plnt.

453 2088 459 2093 ·
545 2058 692 2116 Mor.
747 2075 806 2133 p.
857 2053 973 2113 158
1006 2057 1087 2134 E,
1146 2060 1207 2115 et
1265 2051 1419 2115 θεοὶ
1477 2046 1878 2136 προηρόσιοι
1937 2076 2032 2135 ap.
2086 2038 2287 2117 eund(
2324 2052 2484 2113 1119
2514 2056 2581 2117 F.
2668 2053 2781 2117 Sed

543 2159 720 2219 ctiam
765 2159 1056 2219 solemnia
1101 2159 1391 2236 quaedam
1438 2159 1895 2220 Atheniensium
1938 2146 2393 2237 προηρόσια
2436 2158 2534 2217 vel
2578 2174 2786 2237 προη-

544 2255 765 2340 ροσίαι
811 2261 1185 2339 dicebantur,
1230 2266 1290 2321 ct
1332 2261 1484 2321 haec
1524 2281 1562 2321 a
1607 2261 1793 2322 Suida
1836 2266 1898 2321 et
1939 2261 2013 2322 ab
2051 2261 2358 2338 Hesychio
2403 2261 2787 2338 explicantur

545 2363 830 2423 solemnia
876 2382 1032 2441 quae
1076 2368 1244 2423 ante
1298 2365 1628 2450 arationem
1672 2363 1832 2424 facta
1875 2365 2011 2443 sint,
2055 2382 2304 2442 eamque
2346 2362 2788 2440 interpretatio-

546 2485 678 2526 nem
724 2466 902 2526 etiam
948 2466 1017 2527 G.
1047 2465 1228 2526 Dind.
1271 2468 1332 2525 in
1378 2467 1527 2528 thes.
1569 2471 1631 2526 et
1674 2467 1928 2536 Pass.,in
1960 2467 2077 2528 lex.
2103 2471 2484 2543 acceperunt.
2557 2464 2789 2539 Quodsi

546 2569 640 2628 dci
700 2569 804 2645 qui
854 2569 1106 2628 arationi
1164 2574 1509 2646 praeerant,
1571 2588 1609 2628 a
1665 2568 1853 2629 sacris
1910 2573 2051 2629 ante
2109 2569 2436 2628 arationem
2495 2568 2671 2628 factis
2730 2570 2792 2627 et

545 2659 919 2749 προηρόσια
977 2670 1295 2748 appellatis
1349 2672 1466 2749 ipsi
1523 2689 1769 2748 quoque
1825 2659 2230 2751 προηρόσιοι
2292 2671 2578 2732 nominati
2633 2673 2791 2745 sunt,

547 2773 755 2851 quidni
815 2773 1026 2833 eodem
1088 2772 1263 2833 modo
1317 2773 1412 2833 dei
1481 2773 1916 2836 vindemiarum
1973 2774 2280 2852 praesides
2336 2793 2374 2833 a
2424 2772 2790 2834 solemnibus

546 2883 686 2936 ante
729 2876 895 2952 ipsas
940 2876 1266 2936 vindemias
1311 2876 1528 2937 habitis
1571 2865 2015 2956 προτρύγαιοι
2074 2876 2370 2936 nominari
2412 2875 2789 2953 potuerunt?

547 2978 662 3039 Sed
707 2978 1048 3040 accuratius
1109 2978 1427 3038 dicendum
1486 2984 1608 3039 est:
1665 2978 1707 3039 ii
1751 2979 1874 3054 dei,
1934 2980 2037 3055 qui
2088 2978 2250 3056 agris
2304 2981 2365 3038 et
2422 2979 2546 3037 vini
2604 2977 2789 3068 cultui

549 3086 883 3158 praeerant,
928 3100 1112 3158 quum
1158 3080 1334 3142 etiam
1379 3081 1439 3140 in
1487 3080 1577 3141 his
1622 3082 1989 3141 solemnibus
2032 3084 2175 3142 ante
2204 3080 2529 3140 arationem
2560 3085 2622 3139 et
2652 3085 2790 3140 ante

549 3184 874 3244 vindemias
933 3183 1105 3244 factis
1160 3184 1505 3243 colerentur
1563 3189 1624 3243 et
1681 3184 1868 3244 sacris
1926 3183 2394 3260 honorarentur,
2454 3182 2593 3242 dum
2642 3181 2793 3244 haec

433 3357 444 3370 ·
548 3287 836 3347 solemnia
879 3285 1123 3365 fiebant,
1183 3288 1258 3347 ab
1317 3288 1407 3346 his
1465 3287 1615 3365 ipsis
1675 3305 1892 3347 nomen
1952 3286 2295 3361 trahebant,
2356 3286 2520 3362 quod
2580 3289 2794 3363 postea

550 3390 725 3450 latius
789 3390 1083 3468 manavit,
1149 3395 1216 3448 ut
1275 3389 1450 3450 etiam
1511 3390 1663 3450 alias
1726 3389 1838 3449 hoc
1898 3389 2134 3449 nomine
2192 3389 2643 3467 appellarentur
2702 3387 2794 3446 (ac

551 3491 710 3551 haud
758 3492 880 3550 scio
926 3510 1003 3550 an
1050 3493 1225 3574 ctiam
1271 3493 1392 3551 alia
1435 3493 1679 3552 deorum
1726 3492 2084 3569 cognomina
2127 3511 2164 3551 a
2207 3491 2572 3552 solemnibus
2608 3490 2793 3549 fluxe·

552 3594 688 3671 rint,
732 3598 798 3654 ut
834 3577 1248 3674 ἀπατούριος
1279 3595 1544 3671 Veneris,
1591 3596 1916 3670 Minervae,
1958 3595 2141 3673 Jovis,
2171 3583 2542 3672 θαργήλιος
2572 3591 2793 3669 Apolli·

552 3696 642 3756 nis
707 3714 1065 3773 cognomen,
1138 3696 1392 3757 fortasse
1466 3697 1642 3756 etiam
1716 3691 1871 3757 θεοὶ
1931 3691 2277 3775 γενέθλιοι
2341 3701 2400 3757 et
2465 3689 2797 3774 γενέσιοι).

555 3799 810 3859 Diversa
865 3805 956 3858 est
1011 3798 1162 3858 ratio
1215 3799 1461 3859 alterius
1505 3800 1803 3860 vocabuli.
1889 3800 2043 3859 Nam
2102 3816 2288 3878 supra
2336 3798 2463 3876 jam
2523 3797 2796 3874 vidimus,

553 3901 856 3978 quandam
900 3900 1066 3961 deam
1112 3895 1624 3979 προμυλαίαν
1679 3902 2039 3979 appellatam
2083 3920 2238 3979 esse,
2281 3919 2461 3978 quam
2504 3900 2796 3976 interpre-

553 4008 756 4064 tantur
826 4003 1118 4090 molarum
1187 4003 1553 4082 praesidem,
1619 4004 1791 4064 cuius
1852 4004 2262 4080 simulacrum,
2332 4008 2396 4063 ut
2455 4001 2672 4062 Suidas
2736 4004 2797 4060 et

557 4104 896 4182 Hesychius
942 4105 1267 4184 affirmant,
1327 4098 1355 4165 ἐ
1371 4123 1410 4164 v
1455 4112 1627 4177 τοῖς
1667 4102 1971 4184 μυλῶσι
2015 4105 2409 4166 statuebatur.
2492 4106 2679 4165 Recte
2722 4103 2797 4164 H.

555 4207 784 4285 Steph.:
850 4208 1079 4284 „Sonat
1121 4208 1321 4286 potius
1367 4208 1507 4285 dea,
1561 4207 1735 4270 cuius
1775 4208 2156 4269 simulacrum
2202 4211 2342 4268 ante
2387 4207 2574 4268 molas
2616 4206 2797 4266 statui

553 4304 844 4388 solebat“,
903 4315 968 4369 ut
1029 4310 1254 4370 dictum
1314 4315 1473 4372 esset
1531 4315 1600 4370 ut
1654 4300 2084 4390 προθύραιος
2128 4314 2188 4371 et
2229 4300 2573 4388 πρόναιος.
2662 4308 2798 4385 Sed,
