3166 4871
2450 294 2464 310 ‘
2532 284 2650 345 135

496 460 840 521 mel-andum
885 478 1018 521 esse
1060 460 1210 520 illud
1255 450 1458 535 βάζει,
1503 458 1712 534 καλεῖ,
1757 453 1930 538 λέγει
1974 463 2182 537 aperte
2228 458 2652 519 demonstrant„

496 565 721 641 Insigni
769 581 914 624 vero
962 561 1136 624 modo
1198 564 1303 622 ilia
1347 563 1680 641 praesentis
1728 563 1994 622 historici
2040 562 2291 622 variatio
2337 561 2650 621 vehemen-

494 667 706 726 tiorem
771 665 946 725 animi
1002 665 1268 726 illustrat
1325 671 1580 735 mot-um,
1641 683 1760 742 quo
1820 665 2068 725 nuntius
2129 664 2653 742 sapientissimum,

494 768 915 845 probissimum
961 767 1473 846 fortissimumque
1519 766 1775 827 hostium
1821 766 2169 827 admiratur.

410 869 569 947 Sept.
618 873 758 932 639.
915 853 1172 929 τοιαῦτ’
1220 853 1445 929 άϋτεῑ
1483 864 1596 928 καὶ
1642 858 1852 939 ’θεοὺς
1893 863 2283 948 γενεθλίους

919 970 1145 1032 καλεῖ
1184 962 1507 1052 πατρῴας
1550 968 1670 1051 γῆς
1713 963 2100 1052 ἐποπτῆρας
2144 968 2353 1031 λιτῶν

915 1070 1056 1134 τῶν
1103 1056 1203 1134 ὧν
1248 1068 1558 1155 γενέσθαι
1610 1118 1937 1133 ......

495 1176 703 1237 eadem
762 1177 962 1255 paullo
1023 1196 1235 1256 supra,
1293 1196 1346 1237 v.
1395 1180 1534 1239 635.
1579 1161 1811 1236 παιᾶν’
1858 1162 2369 1254 ἐπεξιάκχασεν,
2427 1178 2649 1237 aoristo

491 1278 754 1340 adhibito
799 1281 1030 1341 rettulit
1071 1280 1334 1340 nuntius.

405 1382 566 1461 Sept.
613 1386 756 1444 797.
913 1372 1129 1462 στέγει
1175 1375 1246 1442 δὲ
1288 1372 1547 1462 πύργος
1593 1412 1677 1424 -

490 1485 688 1545 Finita
746 1505 952 1563 pugna
1008 1485 1250 1546 Thebas
1308 1492 1580 1547 servatas
1642 1504 1775 1547 esse
1832 1486 2017 1547 refert
2071 1487 2334 1546 nuntius.
2435 1486 2650 1563 Itaque

492 1587 635 1648 illud
682 1581 897 1667 στέγει
942 1578 1199 1667 πύργος
1254 1608 1371 1649 non
1419 1589 1494 1650 ad
1553 1593 1927 1667 praesentem
1990 1607 2187 1649 rerum
2233 1592 2451 1649 statum
2498 1587 2648 1648 refe·

491 1689 741 1751 rendum
790 1696 911 1768 est3
958 1710 1089 1750 nam
1137 1692 1511 1770 interemptis
1557 1698 1763 1752 mutua
1809 1691 1993 1751 caede
2037 1690 2326 1750 fratribus
2354 1690 2646 1768 periculo·

490 1812 610 1869 quc
655 1793 906 1869 depulso
953 1794 1250 1871 praesidio
1293 1794 1686 1855 munitionum
1719 1812 1837 1853 non
1872 1792 1987 1852 iam
2022 1809 2173 1869 opus
2205 1797 2310 1852 est.
2396 1791 2651 1852 Accedit

489 1895 650 1970 quod
710 1895 908 1954 statim
968 1896 1357 1974 subsequitur
1417 1897 1706 1956 sol-istus:
1784 1888 1897 1953 καὶ
1970 1883 2189 1964 πύλας
2260 1880 2648 1978 φερεγγύοις

489 1985 961 2073 ἐφαρξάμεσθα
1014 1987 1450 2074 μονομάχοισι
1503 1985 1932 2073 προστάταις.
2047 1997 2175 2055 Nec
2234 2000 2429 2056 tamen
2488 1996 2648 2074 quod

493 2095 844 2175 adiungitur
888 2117 942 2158 v.
992 2101 1130 2160 799.
1185 2095 1406 2169 καλῶς
1466 2087 1595 2176 ἔχει
1639 2088 1725 2157 τὰ
1766 2081 2023 2157 πλεῖστ’
2071 2091 2143 2157 ἐν
2189 2089 2257 2174 ἓξ
2300 2087 2650 2176 πυλώμασι

491 2217 600 2276 pro
648 2186 774 2276 εἶχε
818 2199 1038 2261 dictum
1085 2200 1550 2279 indicaverium‚
1601 2201 1872 2278 quamvis
1916 2177 2175 2261 aoristus
2219 2200 2647 2278 subsequatur:

490 2285 839 2362 Ἀπόλλων
883 2287 1091 2363 εἵλετ’.
1155 2294 1284 2382 ἔχει
1330 2305 1484 2365 enim
1533 2303 1609 2364 ad
1655 2309 2026 2383 praesentem
2075 2304 2377 2381 loquentis
2420 2322 2646 2365 rerum·

490 2422 608 2482 que
654 2404 730 2467 de
775 2406 991 2484 quibus
1034 2407 1232 2485 agitur
1277 2411 1497 2469 statum
1544 2405 1927 2468 referendum
1975 2405 2228 2494 videtur.

402 2507 563 2586 Sept.
591 2511 732 2571 813.
907 2494 1111 2583 αὐτὸς
1155 2494 1216 2569 δ’
1236 2495 1522 2570 άναλοῑ
1563 2504 1736 2589 δῆτα
1782 2499 2172 2588 δύσποτμον
2215 2504 2421 2590 γένος.

488 2612 579 2671 De
639 2612 883 2674 fratrum
946 2613 1128 2674 caede
1187 2613 1408 2674 certior
1465 2613 1661 2675 factus
1718 2614 1937 2675 chorus
1982 2615 2105 2674 rem
2155 2632 2346 2691 paene
2392 2614 2646 2675 incredi-

491 2715 671 2775 bilem
730 2733 931 2776 secum
979 2720 1247 2795 reputat:
1304 2703 1522 2789 οὕτως
1575 2704 1613 2776 ὁ
1672 2711 1933 2794 δαίμων
1984 2706 2214 2787 κοινὸς
2271 2702 2354 2797 ἦν
2396 2700 2647 2795 άμφοῑν

487 2800 636 2895 ἅμα.
743 2819 956 2895 Itaque
1013 2820 1057 2878 si
1124 2819 1237 2878 iam
1293 2821 1540 2879 nuntius
1603 2818 1960 2896 respondet:
2024 2803 2225 2890 αὐτὸς
2277 2803 2524 2878 άναλοῑ
2566 2849 2647 2859 -

487 2913 715 2997 γένος,
782 2920 926 2979 nihil
985 2920 1146 2980 aliud
1210 2920 1322 2981 nisi
1386 2921 1613 2980 tristem
1674 2921 1837 2981 illum
1901 2922 2239 2982 certaminis
2301 2922 2523 2981 exitum
2585 2921 2645 2981 in

491 3024 687 3082 mente
733 3022 929 3081 habet.
1034 3022 1366 3082 Praeterito
1424 3023 1606 3098 igitur
1666 3022 1750 3082 uti
1812 3021 2092 3097 debebat3
2153 3042 2261 3100 pro
2321 3024 2646 3101 praeterito

484 3128 682 3183 autem
738 3141 1027 3202 praesens
1088 3124 1433 3184 historicum
1493 3130 1743 3201 usurpat
1802 3125 2143 3185 etiamnunc
2202 3124 2260 3184 in
2309 3125 2646 3185 certaminis

487 3226 987 3305 contemplatione
1032 3231 1323 3288 versatus.

571 3331 957 3390 Persarum
1018 3329 1284 3408 parodus
1342 3330 1527 3390 multa
1581 3329 1861 3391 historica
1904 3332 2247 3408 praesentia
2292 3332 2643 3391 aoristorum

399 3431 737 3492 indicativis
779 3431 997 3493 inserit.

574 3537 888 3596 Exercitus
933 3536 1156 3596 Persici
1206 3536 1427 3596 exitum
1474 3536 1690 3597 anxius
1742 3537 1920 3597 animi
1982 3539 2200 3598 chorus
2245 3537 2351 3599 sibi
2399 3542 2645 3599 revocat

399 3638 458 3697 in
505 3639 862 3699 memoriam.
951 3639 1066 3698 Diu
1111 3639 1226 3698 iam
1275 3639 1461 3715 abest,
1508 3641 1717 3719 inquit,
1761 3641 2059 3700 exercitus
2091 3659 2286 3718 neque
2328 3642 2641 3718 quisquam

398 3739 597 3800 adhuc
662 3740 738 3801 ad
806 3759 916 3803 nos
982 3743 1258 3819 pervenit
1324 3743 1568 3802 nuntius
1636 3761 1876 3820 eorum,
1943 3744 2040 3820 qui
2110 3744 2645 3821 proficiscebantur

397 3834 608 3919 (ἔβαν)
672 3845 811 3905 olim
880 3845 1096 3905 Xerxis
1155 3844 1318 3906 iussu
1393 3846 1601 3922 acciti,
1674 3832 1817 3918 οἶος
1879 3829 2211 3926 Ἀμίστρης
2271 3832 2373 3926 ἡδ’
2430 3833 2643 3924 Ἀρτα-

396 3941 645 4028 φρένης
688 3980 769 3987 -
808 3979 897 3989 -

907 4044 1101 4128 ταγοὶ
1146 4047 1426 4131 Περσῶν

904 4148 1184 4232 βασιλῆς
1228 4149 1551 4227 βασιλέως
1597 4142 1841 4233 ὕποχοι
1885 4145 2179 4234 μεγάλου

394 4274 451 4315 v.
497 4259 594 4318 25.
904 4252 1235 4316 σοῦνται
1284 4303 1296 4314 .
1345 4303 1357 4317 .
1410 4304 1421 4315 .
1474 4304 1485 4316 .
