3166 4871
2498 271 2623 334 295

381 460 501 514 non
564 469 702 512 cum
745 449 1047 528 Sophocle
1091 449 1190 510 vel
1233 448 1560 526 Aeschylo,
1616 447 1722 508 sed
1781 466 1913 507 cum
1956 446 2388 508 recentioribus
2431 447 2624 524 poetis

381 553 456 615 ab
500 553 828 615 Aristotele
870 552 1220 629 comparari.
1661 548 1667 555 ’

553 654 636 715 At
678 673 813 715 cum
859 671 1033 715 nemo
1070 670 1335 731 unquam
1366 652 1674 730 dubitarit,
1717 652 1862 729 quin
1892 651 2250 713 Aristoteles
2279 653 2624 730 Euripidem

385 758 574 835 magis
629 757 920 834 tragicum
980 774 1160 835 quam
1218 773 1364 817 suae
1408 756 1621 816 aetatis
1662 760 1871 832 poetas
1914 753 2159 815 dixerit:
2220 774 2342 832 qua
2383 756 2622 816 tandem

383 860 614 921 ratione
658 878 731 919 ex
777 877 849 919 eo
894 857 1174 919 concludi
1215 863 1415 935 potest
1471 856 1923 935 philosophum,
1979 874 2113 917 cnm
2176 857 2468 918 scriberet
2523 858 2627 918 illa

318 1008 337 1027 χ
381 946 887 1041 τραγικώτατός
949 976 1023 1038 γε
1085 957 1229 1019 τῶν
1299 953 1610 1038 ποιητῶν
1681 953 2018 1035 φαίνεται,
2091 977 2210 1020 non
2286 960 2624 1038 respexisse

382 1064 746 1141 Aeschylum
793 1080 1035 1140 quoque
1080 1066 1140 1123 et
1182 1062 1565 1141 Sophoclem,
1610 1062 1714 1138 qui
1759 1061 2139 1139 plerumque,
2184 1080 2339 1138 quae
2385 1062 2627 1140 diceret,

384 1186 505 1228 non
568 1166 917 1243 ignoraret?
1020 1165 1250 1226 Scimus
1314 1169 1513 1224 antem
1586 1164 1864 1240 Aeschyli
1930 1162 2240 1240 Sophoclis
2300 1164 2627 1243 Euripidis,

382 1269 719 1348 principum
774 1267 1013 1328 illorum
1071 1266 1218 1327 artis
1276 1267 1571 1344 tragicae,
1630 1266 1864 1326 fabulas
1916 1283 1953 1325 a
2004 1266 2263 1342 posteris
2318 1266 2624 1344 paullatim

384 1372 639 1432 selectas
670 1375 731 1430 et
760 1374 1047 1446 exceptas
1070 1387 1145 1430 ex
1174 1370 1573 1430 recentiorum
1605 1369 2045 1446 tragoediarum
2077 1386 2347 1446 numero,
2389 1387 2626 1447 semper

383 1478 583 1534 tamen
629 1479 692 1534 et
734 1474 921 1533 lectas
965 1476 1026 1532 et
1069 1476 1236 1532 actas
1279 1468 1521 1544 esse.²⁸)

556 1576 732 1650 Quod
775 1575 826 1635 si
870 1574 954 1634 ita
998 1581 1156 1635 erat:
1224 1591 1378 1650 quae
1434 1579 1527 1634 est
1586 1590 1830 1652 caussa,
1884 1591 1993 1634 cnr
2050 1591 2232 1634 unum
2277 1573 2625 1652 Euripidem

387 1677 883 1756 reprehendant?
996 1675 1093 1736 An
1170 1677 1313 1753 quia
1376 1675 1565 1736 maior
1634 1680 1767 1737 erat
1829 1675 2147 1754 Sophoclis
2219 1680 2279 1737 et
2341 1677 2626 1756 Aeschyli

385 1780 662 1857 dignitas,
706 1798 885 1857 quam
931 1780 1028 1840 cui
1072 1779 1366 1856 derogare
1411 1778 1751 1840 auderent?
1822 1778 1918 1838 Ad
1948 1778 2191 1840 eosdem
2220 1797 2366 1857 ergo
2395 1780 2627 1841 Aristo-

385 1883 490 1943 teli
555 1882 860 1960 Euripidis
932 1881 1396 1959 reprehensores
1468 1880 1795 1941 revocandi
1869 1886 2058 1942 erant.
2166 1883 2378 1958 Itaque
2448 1882 2624 1942 aliam

386 2003 658 2045 caussam
690 2003 809 2045 non
842 1982 1036 2061 video,
1081 2002 1254 2060 quam
1289 1983 1451 2060 quod
1498 1983 1601 2043 ille
1633 1983 1817 2043 multo
1847 1982 2052 2059 plures
2082 2001 2259 2060 quam
2289 1983 2628 2060 Aeschylus

386 2092 448 2148 et
491 2087 817 2165 Sophocles
862 2086 1149 2146 eiusmodi
1194 2085 1424 2146 fabulas
1470 2085 1822 2161 composuit.
1908 2085 2124 2162 Neque
2167 2086 2442 2146 omittere
2472 2085 2628 2164 licet,

386 2188 549 2266 quod
594 2188 947 2250 Aristoteles
993 2188 1133 2249 dicit
1173 2180 1421 2247 πολλαὶ
1448 2172 1666 2246 αὐτοῦ
1696 2179 1788 2258 εἰς
1819 2180 2172 2265 δυςτυχίαν
2199 2184 2627 2260 τελευτῶσιν,

390 2310 512 2352 non
573 2289 642 2350 al
682 2284 937 2350 ζπολλαί
994 2292 1122 2352 slv'e
1184 2281 1252 2349 αὶ
1294 2288 1625 2350 πλεῖσται.
1713 2291 1929 2368 Itaque
1985 2308 2117 2350 cum
2162 2309 2239 2350 ne
2282 2290 2344 2350 id
2389 2290 2627 2367 quidem

385 2393 738 2473 tolerarent,
799 2411 970 2455 raras
1030 2392 1215 2455 fuisse
1271 2394 1432 2472 apud
1492 2393 1759 2455 Graecos
1819 2392 2106 2455 eiusmodi
2169 2392 2508 2470 tragoedias
2568 2398 2630 2455 et

384 2497 653 2558 insolitas
709 2501 979 2573 apparet.
1079 2497 1212 2557 Hoc
1269 2501 1465 2557 autem
1529 2497 1708 2557 etiam
1770 2496 1886 2556 alio
1950 2495 2096 2556 artis
2160 2496 2430 2572 poeticae
2494 2496 2627 2555 loco

386 2600 778 2677 comprobare
837 2616 1013 2676 posse
1074 2598 1214 2658 mihi
1276 2598 1499 2659 videor.
1587 2599 1650 2660 C.
1694 2599 1893 2658 XVIII
1946 2597 2100 2658 euim
2150 2597 2298 2658 haec
2343 2598 2627 2675 legimus:

388 2695 566 2779 λέγω
609 2693 680 2760 δὲ
724 2693 906 2759 δέσιν
947 2694 1072 2778 μὲν
1122 2688 1294 2759 εἶναι
1353 2690 1479 2780 τὴν
1536 2684 1652 2759 ἀπ’
1714 2685 1918 2778 ἀρχῆς
1976 2692 2161 2777 μέχρι
2206 2688 2460 2759 τούτου
2502 2694 2628 2759 τοῦ

384 2795 625 2880 μέρους
692 2786 730 2860 ὃ
796 2791 1077 2880 ἔσχατόν
1142 2795 1355 2882 ἐστιν,
1418 2794 1489 2878 ἐξ
1552 2784 1636 2862 οὗ
1695 2795 2077 2880 μεταβαίνει
2142 2796 2234 2872 είς
2297 2785 2628 2879 εὐτυχίαν,

394 2894 585 2964 λύσιν
628 2899 702 2964 δέ
742 2922 809 2984 κ.Χ
835 2921 893 2963 τ.
926 2903 984 2964 λ.
1074 2905 1281 2967 Codex
1325 2905 1583 2982 optimus
1627 2905 1708 2965 Αο
1755 2904 1937 2964 habet
1975 2897 2419 2982 μεταβαίνειν,
2464 2903 2626 2980 quod

390 3007 802 3068 emendatione
845 3012 999 3084 eget.
1083 3006 1416 3067 Lenissima
1459 3012 1570 3084 est,
1614 3025 1793 3082 quam
1839 3005 1907 3066 G.
1948 3006 2123 3066 Valla
2167 3011 2414 3066 auctore
2458 3005 2627 3065 multi

388 3109 672 3187 deinceps
742 3109 1004 3170 editores
1076 3113 1436 3186 receperunt
1507 3101 1951 3185 (μεταβαίνει).
2058 3093 2236 3180 Quod
2310 3112 2629 3185 praeterea

388 3212 557 3271 Vana
603 3196 915 3289 εὐτυχίαν
952 3212 1014 3272 in
1060 3195 1341 3288 ἀτυχιαν
1386 3210 1654 3285 mutavit,
1697 3209 1853 3269 idem
1899 3209 2004 3269 2155
2048 3208 2181 3269 aliis
2226 3208 2426 3269 verbis
2470 3209 2628 3268 inse-

386 3314 593 3374 rendis
637 3313 877 3375 efficere
923 3313 1260 3374 studebant.
1279 3310 1356 3384 29)

558 3415 955 3478 offendebant
999 3417 1153 3500 enim
1202 3416 1261 3475 in
1308 3433 1399 3493 eo,
1443 3414 1607 3492 quod
1652 3414 1832 3474 nnius
1859 3414 1918 3472 in
1950 3430 2293 3491 prosperam
2326 3410 2628 3472 fortunam

385 3519 796 3580 conversionis
840 3518 906 3577 fit
950 3518 1190 3596 mentio,
1233 3535 1366 3577 cum
1398 3517 1780 3577 Aristotelem
1825 3533 1956 3575 eam
1997 3514 2350 3592 reprobasse
2380 3517 2629 3574 constet.

384 3624 466 3681 At
527 3620 671 3680 nihil
729 3627 846 3698 est,
910 3638 1031 3697 quo
1089 3619 1426 3680 offendaris.
1524 3620 1659 3679 Hoc
1717 3618 1870 3678 enim
1934 3617 2067 3678 loco
2124 3617 2185 3676 id
2255 3634 2435 3676 unum
2504 3616 2630 3693 agit

386 3722 771 3801 Aristoteles,
830 3727 898 3782 nt
941 3740 1060 3800 qua
1103 3726 1275 3798 parte
1319 3721 1560 3781 fabulae
1608 3712 1778 3790 δέσις
1829 3718 2096 3797 finiatur,
2154 3718 2403 3796 incipiat
2444 3706 2629 3788 λύσις

385 3823 713 3902 significet3
779 3842 914 3884 eum
974 3822 1198 3901 denuo,
1256 3841 1377 3902 quo
1439 3822 1853 3884 conversionis
1910 3839 2133 3900 genere
2193 3820 2480 3881 utendum
2535 3821 2630 3898 sit,

557 3988 627 4052 ²⁸)
659 3985 729 4040 cf.
766 3983 1094 4054 Bernhardy
1131 3984 1226 4053 11²,
1264 3988 1308 4051 2,
1348 3989 1430 4039 44.
1468 3989 1550 4038 68.

558 4073 631 4138 ²⁰)
665 4069 883 4139 Optime
932 4068 1142 4125 Vahlen
1190 4085 1259 4124 ex
1306 4068 1471 4123 simili
1518 4071 1640 4124 loco
1687 4068 1888 4138 capitis
1927 4067 2052 4122 vn.
2088 4066 2418 4136 descripsit:
2458 4060 2523 4130 ἐξ
2558 4053 2627 4121 οὗ

385 4153 757 4226 μεταβαίνειν
801 4150 884 4219 εἰς
931 4147 1198 4224 εὐτυχίαν
1239 4148 1335 4222 (ἐκ
1381 4152 1684 4223 δυστυχίας
1730 4150 2030 4224 συμβαίνει
2077 4145 2113 4222 ἢ
2151 4146 2216 4216 ἐξ
2252 4144 2514 4221 εὐτυχίας
2549 4146 2632 4215 εἰς

388 4238 735 4311 δυστυχίαν).
802 4240 976 4295 Beitr.
1008 4238 1109 4310 IV,
1141 4244 1257 4294 411.
