3166 4871
1005 277 1090 333 De
1127 279 1332 334 nomin.
1368 278 1427 333 ln
1461 297 1627 344 -αιος,
1696 282 1730 350 g
1767 285 1847 334 75.
2463 288 2588 349 219

329 474 452 515 nos
495 455 847 533 Lateranos,
893 457 1190 523 Pecuniae
1225 457 1607 535 Argentinos,
1648 457 1959 520 Semonias
2001 460 2296 538 Segestae,
2336 461 2587 522 Lactur-

330 559 467 618 cias
499 560 764 619 Maturas
801 565 862 619 et
891 562 993 637 qui
1026 560 1154 620 eius
1185 561 1424 636 generis
1455 559 1553 619 alii
1586 566 1727 620 sunt
1770 563 2038 622 sexcenti
2084 561 2247 640 apud
2290 564 2590 627 Romanos

331 659 471 719 dii?
568 660 969 734 Quamobrem
1039 662 1224 722 multo
1284 661 1653 740 probabilius
1720 663 1856 722 mihi
1920 663 2157 724 videtur
2217 672 2592 743 στροφαῖον

330 766 616 823 vocatum
678 781 814 824 esse
870 764 1038 825 illum
1086 765 1443 825 Mercurium
1506 765 1669 842 apud
1723 764 1883 845 fores
1937 766 2196 843 positum
2241 768 2416 844 quasi
2458 787 2589 829 ver-

333 869 538 925 sutum
596 864 690 939 (nt
734 867 886 929 alias
930 874 1181 928 vocatur
1225 853 1692 946 πολύτροπος,
1737 852 2238 948 ἠπεροπευτής,
2281 869 2587 929 ποικιλο-

328 957 564 1047 μήτης,
610 960 1036 1049 δολοφραδής
1080 969 1180 1041 al.)
1228 972 1549 1049 farumque
1596 976 1934 1050 patronum,
1977 974 2081 1050 qni
2125 990 2257 1033 eam
2290 971 2479 1050 ipsam
2512 974 2588 1034 ob

331 1089 578 1131 causam
641 1072 806 1133 fures
865 1074 1196 1150 probibeat.
1283 1074 1450 1134 Haec
1511 1079 1603 1133 est
1661 1075 2096 1135 Hemsterhnsii
2157 1077 2457 1136 sententia
2512 1077 2587 1137 ad

330 1175 534 1233 locum
575 1174 738 1234 illum
770 1175 1273 1253 Aristophaneum
1321 1177 1695 1238 adnotantis:
1739 1178 2112 1254 „Mercurius
2158 1178 2399 1256 quidem
2444 1177 2587 1240 furti

329 1277 659 1354 farumque
703 1282 995 1354 patronus
1024 1323 1040 1337 .
1071 1322 1087 1338 .
1119 1323 1133 1338 .
1165 1323 1180 1339 .
1225 1297 1423 1356 neque
1477 1283 1675 1339 tamen
1733 1298 1805 1341 eo
1861 1281 2055 1340 minus
2098 1283 2299 1341 statua
2340 1285 2590 1358 propter

329 1379 498 1439 fores
542 1379 822 1440 dedicata
864 1380 1071 1441 domos
1113 1382 1228 1458 ipsi
1274 1382 1703 1443 custodiendas
1748 1388 1985 1443 veteres
2030 1383 2479 1460 commiserunt,
2523 1387 2591 1444 ut

330 1481 570 1543 scilicet
615 1501 686 1544 ea
730 1482 1023 1561 religione
1068 1483 1349 1544 delinitus
1393 1484 1646 1545 clientes
1676 1504 1818 1546 suos
1849 1485 2064 1562 procul
2095 1478 2395 1564 arceret“;
2441 1487 2589 1547 haec

331 1586 517 1645 etiam
581 1585 943 1663 Winckleri,
1004 1585 1099 1646 die
1156 1585 1581 1675 Wohnhauser
1647 1587 1753 1649 der
1810 1588 1965 1648 Hell.
2023 1607 2080 1665 p.
2130 1587 2264 1648 101.
2351 1589 2589 1650 Nemini

333 1688 494 1747 enim
556 1689 765 1765 ignota
821 1695 913 1749 est
967 1689 1069 1748 illa
1129 1694 1658 1767 apotropaeorum‚
1719 1696 1785 1750 ιιι
1829 1691 2120 1752 vocabulo
2165 1695 2300 1752 utar
2344 1692 2590 1770 novitio,

333 1789 894 1867 homoeopathia‚‘)
940 1791 1013 1851 de
1061 1811 1185 1870 qua
1228 1792 1404 1852 docte
1448 1772 1573 1869 egit
1617 1791 1688 1853 Ο.
1732 1793 1890 1854 Jahn
1950 1794 2195 1871 „Ueber
2239 1793 2354 1854 den
2401 1795 2588 1855 bosen

333 1886 551 1953 Blick“
598 1894 662 1979 in
703 1895 835 1955 Ber.
868 1896 922 1955 d.
954 1895 1157 1959 Sachs.
1188 1894 1258 1956 G.
1290 1895 1347 1955 d.
1378 1896 1472 1955 W.
1512 1892 1693 1974 1855,
1737 1916 1794 1974 p.
1840 1893 1911 1955 61
1954 1915 2042 1975 sq.
2130 1898 2381 1958 Accedit
2426 1898 2587 1976 quod

333 1995 514 2055 Cario
575 1997 686 2056 hac
737 1996 1169 2075 significatione
1214 1998 1568 2059 vocabulum
1615 1999 1920 2076 intelligit,
1966 2017 2151 2077 quum
2196 2000 2587 2077 respondeat:

332 2084 488 2156 ἀλλ’
547 2086 676 2158 οὐκ
735 2091 936 2177 ἔργον
996 2084 1129 2159 ἔστ’
1186 2086 1388 2160 οὐδὲν
1447 2098 1787 2179 στροφῶν.
1891 2100 2105 2179 Itaque
2163 2101 2426 2163 Graecos
2483 2102 2587 2163 illo

332 2210 607 2279 tempore
638 2204 814 2263 etiam
847 2203 956 2263 sibi
990 2204 1266 2264 conscios
1298 2202 1484 2264 fuisse
1530 2203 1889 2281 putabimus,
1933 2209 2308 2282 στροφαῖον
2340 2192 2588 2284 Ἑρμῆν

333 2324 528 2384 prope
572 2314 785 2384 portas
830 2308 1088 2383 positum
1135 2324 1266 2367 esse
1311 2306 1510 2367 furum
1557 2312 1872 2384 patronum
1922 2312 1988 2366 ut
2016 2307 2256 2367 domum
2288 2308 2589 2369 custodiat

333 2427 372 2469 a
418 2407 682 2470 furibus:
735 2411 1098 2488 posteriores
1144 2429 1277 2472 eum
1325 2429 1361 2470 a
1405 2410 1651 2472 cardine
1698 2411 1784 2471 sic
1831 2414 2105 2471 vocatum
2153 2410 2586 2474 existimabant.

509 2513 627 2574 Sed
689 2532 1032 2591 quanquam
1077 2514 1360 2575 vocabuli
1407 2515 1560 2574 hanc
1621 2532 1753 2574 esse
1806 2514 2298 2591 significationem
2356 2534 2590 2594 censeo,

335 2635 457 2676 non
504 2616 752 2676 eandem
800 2635 1039 2677 cansam
1083 2621 1314 2677 statuae
1344 2618 1628 2677 Mercurii
1661 2618 1903 2677 omnino
1934 2622 2074 2676 ante
2105 2613 2316 2679 domus
2343 2617 2590 2695 positae.

337 2718 465 2778 Viri
530 2718 689 2779 docti
755 2738 881 2780 eam
949 2720 1025 2780 ob
1090 2737 1328 2780 causam
1394 2719 1506 2780 has
1565 2725 1796 2780 statuas
1856 2722 2082 2797 positas
2127 2738 2259 2780 esse
2304 2719 2589 2798 judicant,

332 2822 499 2900 quod
548 2824 883 2882 Mercurius
927 2823 1159 2882 viarum
1207 2826 1269 2882 et
1313 2824 1590 2883 comercii
1637 2822 1786 2883 deus
1830 2822 2013 2884 fuerit
2057 2823 2203 2901 „der
2247 2821 2364 2883 den
2395 2823 2585 2884 sterb-

331 2927 535 2986 lichen
580 2927 638 2984 in
687 2925 862 2985 allem
906 2924 1205 3002 beginnen
1254 2927 1348 2985 ein
1394 2925 1662 2986 sicherer
1706 2926 1914 2986 fuhrer
1956 2927 2050 3004 ist,
2093 2924 2265 2986 ihren
2297 2944 2430 2986 ans·
2462 2926 2585 2985 und

331 3031 597 3106 eingang
639 3026 740 3088 fur
783 3028 1021 3104 hauser,
1067 3033 1333 3088 strassen
1372 3029 1495 3088 und
1529 3027 1764 3088 markte
1794 3020 2146 3090 beschutzt“
2191 3028 2369 3090 Gerh.
2399 3029 2588 3104 Myth.

331 3133 369 3202 ξ
415 3128 572 3214 275,
618 3128 674 3189 5.
762 3129 851 3191 Of.
911 3131 1143 3191 Preller
1187 3127 1268 3208 1²,
1312 3150 1367 3207 p.
1414 3128 1555 3190 310.
1628 3132 1935 3190 Hermann
1996 3130 2154 3192 Gott.
2214 3131 2331 3191 Alt.
2384 3129 2487 3208 15,
2531 3125 2588 3191 9.

331 3236 624 3294 Petersen
687 3233 1116 3311 Hausgottesd.
1179 3232 1286 3293 der
1345 3234 1540 3310 alten,
1613 3234 1783 3293 Zsch.
1828 3232 1866 3292 f.
1910 3233 2031 3294 Alt.
2094 3229 2286 3311 1851,
2342 3251 2400 3310 p.
2452 3230 2588 3293 104.

335 3338 478 3397 Mihi
526 3355 703 3396 secus
745 3336 1005 3397 videtur.
1095 3338 1326 3397 Etenim
1389 3355 1573 3415 quum
1624 3335 1903 3396 Mercurii
1966 3339 2199 3396 statuae
2244 3335 2343 3395 vel
2388 3334 2590 3414 potius

334 3441 576 3500 hermae
625 3439 763 3499 huic
809 3441 943 3499 usui
991 3439 1326 3500 destinatae
1367 3444 1568 3500 erecto
1602 3439 1867 3500 membro
1898 3437 2060 3498 virili
2090 3443 2292 3500 essent
2320 3438 2607 3516 insignes.

331 3543 528 3620 iisqne
589 3547 831 3620 praeter
873 3542 1272 3602 Athenienses
1333 3542 1587 3602 maxime
1634 3542 1902 3604 Arcades
1964 3545 2276 3602 uterentur
2330 3539 2589 3615 (Preller

297 3665 393 3722 ‚p.
435 3641 579 3720 296,
626 3641 769 3704 311.
830 3646 1006 3705 Paus.
1053 3641 1109 3720 3,
1153 3640 1255 3722 48,
1300 3642 1355 3705 4.
1418 3644 1598 3705 Gerh.
1644 3645 1680 3714 ξ
1712 3641 1855 3723 272,
1900 3641 1985 3722 3),
2027 3662 2333 3722 quumque
2377 3642 2585 3705 eadem

333 3748 458 3808 fere
522 3748 716 3807 forma
773 3751 931 3807 esset
990 3752 1319 3808 statuarum
1365 3748 1568 3824 Priapi
1627 3748 1800 3825 quasi
1861 3747 2169 3808 hortorum
2215 3746 2482 3807 custodis
2523 3745 2585 3806 in

333 3852 523 3911 hortis
583 3851 942 3929 positarum,
1001 3851 1127 3910 veri
1189 3851 1380 3910 simile
1441 3850 1583 3910 mihi
1634 3850 1902 3929 videtur,
1965 3855 2032 3910 ut
2088 3851 2203 3910 illis
2247 3850 2449 3928 Priapi
2503 3851 2588 3908 sic

332 3955 508 4013 etiam
551 3954 646 4013 his
679 3951 957 4013 Mercurii
1005 3941 1219 4013 statuis
1250 3952 1504 4032 proprie,
1526 3952 1923 4030 significatum
1954 3971 2086 4014 esse
2117 3952 2294 4014 deum
2326 3952 2587 4011 salacem

505 4185 557 4254 ¹¹¹)
595 4199 758 4253 quam
798 4183 1027 4240 disertis
1062 4184 1248 4239 verbis
1283 4184 1540 4253 agnoscit
1575 4184 1745 4239 schol.
1772 4180 2040 4238 Aeschin.
2076 4199 2123 4238 c.
2149 4181 2390 4237 Timocr.
2423 4181 2457 4251 ξ
2491 4184 2584 4234 23:
2624 4183 2631 4195 '

331 4274 452 4335 τοῖς
485 4261 712 4336 ὁμοίοις
745 4265 818 4323 τὰ
851 4260 1044 4337 ὅμοια.
