3166 4871
1003 327 1090 384 Do
1124 330 1324 385 nomin.
1357 331 1415 386 in
1449 349 1616 397 -αιος,
1687 336 1721 399 s
1759 337 1842 388 31.
2118 391 2125 398 l
2470 340 2557 403 93

305 501 559 580 figuram
616 507 1074 585 etymologicam
1136 503 1447 586 appellare
1505 510 1959 589 consuevimus,
2016 512 2098 571 ita
2144 516 2210 572 ut
2253 513 2556 591 adjectivo

305 604 516 669 addito
562 607 998 672 substantivum
1058 611 1240 691 illud,
1297 631 1418 689 quo
1478 614 1634 674 actio
1678 612 1879 692 verbi,
1934 615 2063 693 vel,
2124 617 2191 675 ut
2250 634 2409 676 nunc
2470 617 2555 678 lo-

304 715 613 789 quuntur,
671 711 971 791 objectum
1016 714 1272 776 actionis
1315 716 1566 777 interius
1610 716 1998 794 exprimitur,
2041 717 2444 798 omitteretur,
2488 726 2560 781 ut

304 812 466 889 quod
514 831 592 875 ex
634 815 768 893 ipso
811 815 998 877 verbo
1044 822 1104 878 et
1146 835 1223 878 ex
1279 817 1580 897 adjectivo
1639 823 1701 880 et
1758 819 1999 896 generis
2059 822 2121 880 et
2178 838 2356 881 casus
2413 825 2559 883 nota

303 932 543 975 servum
590 935 658 977 se
701 917 921 978 domini
966 919 1232 981 absentis
1276 919 1598 997 profitente
1642 939 1754 999 per
1797 939 1864 981 se
1908 921 2371 1000 intelligeretur.
2455 923 2555 986 Sic

304 1016 468 1078 dicta
514 1023 658 1080 sunt
701 1039 756 1080 v.
787 1038 837 1080 c.
880 1022 1100 1082 Aescb.
1130 1022 1241 1100 Ag.
1279 1018 1442 1082 1386
1487 1017 1603 1082 καὶ
1646 1012 2043 1083 πεπτωκότι
2086 1019 2324 1105 τρίτην
2367 1017 2552 1085 ἐπεν-

304 1112 547 1198 δίδωμι
604 1122 711 1196 (sc.
738 1112 1051 1204 πληγήν).
1153 1125 1335 1204 Soph.
1379 1127 1520 1187 Ant.
1561 1122 1733 1185 1309
1796 1111 2079 1186 ἀνταίαν
2124 1118 2401 1188 ἔπαισεν
2445 1128 2554 1202 (sc.

301 1213 619 1303 πληγήν).
707 1226 997 1288 Herodot.
1029 1224 1239 1303 3,119
1285 1219 1474 1309 ἔδησε
1523 1218 1651 1308 τὴν
1694 1222 1800 1289 ἐπὶ
1851 1218 2136 1308 θανάτῳ
2181 1229 2288 1304 (sc.
2320 1224 2549 1304 δέσιν).

303 1324 524 1403 Itaque
568 1327 628 1387 in
676 1313 1119 1410 αὐτοσχεδίην
1160 1318 1440 1404 βάλλειν
1483 1332 1661 1392 simul
1722 1331 2082 1393 audiebatur
2136 1323 2435 1413 πληγήν,
2491 1336 2551 1395 in

303 1420 697 1510 ἐναντιβίην
740 1423 984 1510 ἐρίζειν
1025 1463 1110 1474 --
1156 1423 1334 1514 ἔριν,
1378 1435 1437 1494 ἰιι
1485 1424 1613 1513 τὴν
1657 1427 1883 1494 ἰθεῖαν
1927 1428 2187 1509 βαίνειν
2230 1467 2314 1476 -
2357 1426 2552 1511 βάσιν

304 1532 404 1591 vel
450 1518 636 1592 ὁδόν.
727 1535 994 1596 Eandem
1041 1537 1332 1614 originem
1378 1555 1510 1598 esse
1563 1541 1710 1614 puto
1756 1539 2073 1599 multorum
2102 1556 2290 1615 .quac
2346 1539 2552 1600 dativo

302 1652 450 1695 casu
496 1640 808 1713 ponuntur
822 1682 839 1716 ,
894 1656 1029 1698 nam
1084 1638 1260 1700 etiam
1322 1638 1526 1702 dativo
1572 1658 1717 1702 casu
1763 1640 2044 1718 usurpari
2088 1639 2340 1718 figuram
2387 1642 2551 1701 illam
2590 1693 2611 1712 ,

303 1739 764 1816 etymologicam
828 1745 1093 1818 constat,
1157 1741 1229 1802 cf.
1291 1743 1439 1804 Lob.
1500 1744 1699 1803 Paral.
1761 1739 1883 1801 523
1901 1790 1916 1821 ,
1983 1747 2050 1803 ut
2108 1737 2555 1821 λυμαίνεσθαι

301 1829 578 1918 λύμαις,
635 1836 788 1919 νίκῃ
830 1840 1061 1917 νικᾶν,
1106 1832 1294 1923 γάμῳ
1337 1845 1695 1922 γαμεῖσθαι
1744 1847 1820 1906 al.
1908 1845 2003 1908 Sic
2048 1845 2209 1906 dicta
2253 1848 2394 1907 sunt
2435 1830 2553 1923 άμ-

302 1937 511 2020 φαδίῃ
556 1961 622 2002 τι
667 1936 904 2022 ῥέζειν,
960 1934 1193 2029 εὐθείᾳ
1255 1941 1583 2026 φέρεσθαι
1644 1948 1779 2009 alia.
1881 1950 1969 2009 Ac
2026 1948 2281 2009 fortasse
2340 1948 2549 2009 eodem

305 2046 484 2106 modo
526 2049 664 2107 orta
706 2052 849 2108 sunt
889 2049 994 2110 illa
1038 2068 1170 2110 cum
1215 2050 1766 2127 praepositionibus
1802 2051 2019 2130 Juncta
2047 2035 2163 2110 ἄπ’
2208 2044 2370 2129 ἴσης,
2415 2035 2551 2110 άπὸ

301 2145 478 2225 μιᾶς,
523 2141 595 2225 ἐξ
638 2141 949 2221 ἐναντίας
992 2153 1068 2213 al.
1155 2153 1404 2214 Postero
1463 2157 1762 2232 tempore,
1820 2173 2003 2231 quum
2065 2153 2176 2214 hae
2219 2153 2552 2216 locutiones

304 2252 546 2328 penitus
599 2252 674 2318 in
722 2253 1143 2316 adverbiorum
1205 2257 1507 2317 notionem
1569 2258 1958 2336 transissent,
2019 2274 2123 2317 eas
2176 2256 2355 2317 etiam
2415 2274 2548 2316 cum

302 2354 438 2414 aliis
482 2355 684 2415 verbis
717 2355 896 2435 jungi
942 2359 1210 2435 potuisse
1256 2364 1525 2439 apparet.

473 2460 606 2520 Jam
639 2479 773 2521 cum
806 2479 878 2523 eo
910 2463 1157 2523 consilio
1186 2462 1528 2525 Lobeckius
1557 2463 1710 2526 haec
1739 2463 2024 2541 attulerit,
2061 2466 2127 2522 ιιι
2156 2462 2385 2540 doceat,
2428 2480 2549 2539 quo

302 2561 478 2623 modo
499 2563 560 2622 in
587 2563 924 2633 huiusmodi
944 2559 1311 2627 dictionibus
1330 2567 1638 2628 omittatur
1655 2566 2115 2643 substantivum,
2145 2564 2353 2625 eodem
2371 2564 2547 2625 etiam

300 2663 440 2725 alibi
463 2665 731 2741 potuisse
755 2668 964 2745 omitti,
993 2672 1060 2731 ιιι
1082 2688 1158 2730 ex
1180 2668 1495 2749 adjectivis
1516 2670 1734 2731 fierent
1756 2668 2149 2746 substantiva,
2171 2668 2383 2728 mirum
2402 2685 2549 2727 sane

301 2770 409 2844 est,
454 2786 592 2827 eum
637 2787 760 2830 non
804 2770 1045 2851 vidisse,
1089 2776 1376 2850 quantum
1421 2773 1579 2833 inter
1622 2772 1771 2833 illud
1816 2775 1876 2832 et
1920 2771 2034 2831 hoc
2078 2768 2313 2831 dicendi
2359 2788 2550 2847 genus

304 2868 560 2930 intersit.
649 2873 803 2933 Nam
847 2873 951 2934 illa
993 2875 1291 2953 adJectiva
1348 2879 1410 2935 et
1466 2894 1576 2936 sua
1635 2876 1897 2952 ipsorum
1962 2874 2179 2951 forma,
2236 2872 2552 2950 positionis

301 2973 668 3051 generisque
712 2975 904 3055 signo,
947 2981 1008 3039 et
1051 2977 1218 3038 verbi
1262 2997 1524 3056 quocum
1560 2978 1777 3055 juncta
1821 2981 1997 3038 erant
2046 2976 2290 3036 notione
2334 2975 2548 3052 prode-

302 3073 451 3135 bant
495 3076 930 3140 substantivum
975 3080 1190 3159 latens,
1230 3081 1331 3141 illa
1372 3082 1558 3158 magis
1591 3081 1901 3157 magisque
1932 3078 2330 3155 rigescebanu
2373 3076 2569 3137 hehe·-

300 3176 594 3240 tabantur
637 3185 700 3240 et
742 3183 915 3259 qnasi
960 3184 1431 3261 emoriebantur,
1489 3182 1630 3243 dum
1675 3183 1801 3242 vita
1854 3199 1925 3241 ac
1969 3178 2306 3258 significatu
2350 3179 2547 3255 primi·

300 3282 479 3357 genio
523 3283 702 3359 plane
746 3284 1033 3347 destituta
1060 3286 1534 3348 traducebantur
1574 3283 1653 3345 ad
1698 3284 1917 3345 aliena:
1964 3283 2113 3345 baec
2154 3282 2277 3342 illis
2305 3281 2549 3342 admini-

305 3385 460 3446 culis
516 3387 876 3465 plerumque
932 3388 1247 3467 carebant,
1311 3390 1493 3450 vitam
1551 3387 1907 3449 retinebant.
1994 3385 2367 3463 Quamquam
2427 3401 2546 3443 non
2618 3470 2625 3475 ·

301 3506 486 3566 nego,
559 3493 622 3549 et
682 3490 818 3568 quis
880 3491 1123 3552 tandem
1197 3492 1535 3568 negaverit,
1603 3490 1902 3568 permulta
1965 3487 2267 3568 adjectiva
2328 3487 2547 3547 omisso

303 3591 679 3653 substantivo
725 3594 884 3670 quod
931 3592 1110 3655 facile
1161 3593 1602 3672 intelligeretur
1653 3595 1784 3672 ipsa
1835 3591 2191 3654 substantivi
2245 3591 2544 3651 notionem

301 3695 588 3772 paulatim
620 3697 953 3775 accepisse3
996 3696 1103 3758 sed
1134 3698 1184 3758 si
1215 3696 1415 3758 omnia
1443 3697 1821 3758 substantiva
1849 3713 2004 3774 quae
2036 3714 2073 3756 a
2103 3694 2291 3755 latere
2325 3693 2549 3753 habent

303 3796 572 3858 eiusdem
617 3796 845 3859 formae
887 3798 1276 3877 adjectivum,
1329 3799 1444 3859 hac
1488 3801 1718 3860 ratione
1763 3817 1837 3860 ex
1880 3798 1986 3859 illo
2032 3801 2174 3858 nata
2202 3814 2333 3856 esse
2377 3798 2548 3872 puta·

302 3899 525 3978 bimus,
591 3900 694 3961 nbi
750 3900 991 3962 tandem
1049 3903 1164 3962 erit
1203 3901 1384 3963 finis?
1470 3903 1658 3978 Nam,
1718 3907 1786 3964 ιιι
1839 3919 2023 3980 supra
2064 3901 2186 3979 jam
2231 3899 2380 3975 dixi,
2424 3915 2545 3959 non

301 4003 416 4063 sibi
463 4007 749 4064 constans
793 4008 885 4065 est
926 4003 1288 4081 Lobeckius,
1331 4023 1515 4083 quum
1560 3989 1758 4078 ὀλβία
1798 4008 1859 4066 et
1893 3998 2188 4083 μακαρία
2216 4021 2292 4063 ex
2323 3987 2549 4074 ὄλβιος

301 4112 364 4166 et
404 4095 732 4184 μακάριος
773 4107 937 4168 sacta
979 4125 1110 4169 esse
1151 4112 1350 4185 putat,
1406 4101 1689 4187 αἰσχρία,
1749 4101 2079 4186 γλισχρία,
2122 4098 2429 4165 ποικιλία
2473 4103 2549 4163 al.

301 4208 684 4270 substantiva
727 4210 994 4286 genuina
1036 4215 1212 4271 vocat
1255 4227 1388 4272 sam
1441 4210 1518 4271 ob
1577 4228 1845 4288 eausam,
1902 4209 2065 4287 quod
2126 4227 2244 4269 non
2306 4208 2548 4269 exstent

301 4309 608 4390 adjectiva
661 4312 723 4373 in
781 4328 882 4385 ιος
934 4330 1188 4390 quorum
1245 4311 1531 4379 feminina
1583 4330 1715 4375 esse
1761 4313 2011 4396 possint.
2096 4311 2249 4378 Nam
2296 4309 2401 4374 illa
2443 4305 2546 4375 ad·
