3166 4871
961 322 968 331 ’
1013 300 1098 355 De
1135 303 1340 356 nomin.
1375 303 1433 357 in
1469 322 1633 369 -αιος,
1704 307 1737 376 ἕ
1772 311 1854 362 81.
2466 318 2593 380 249

246 472 256 487 ’
351 473 446 533 bei
493 475 836 550 Hesychius
883 478 978 538 fur
1023 468 1191 538 διιόν
1220 473 1678 561 πολυχρόνιον
1710 504 1785 545 zu
1817 487 2131 548 schreiben
2163 483 2342 569 sein),
2386 508 2599 552 πονου

351 576 542 636 wider
573 569 875 658 ‹Stjvauiffi
919 581 1123 642 fernen·
1160 582 1288 643 dor.
1319 576 1598 665 ὁ“α·ρό-ς,
1642 587 1761 648 ion.
1792 579 2052 669 “v-0029
2082 591 2223 668 (vgl.
2254 582 2602 674 νύκτερος)

353 678 529 755 lange
585 680 918 758 daue1·nd“,
976 689 1035 744 et
1079 686 1139 744 in
1187 692 1416 747 annot.:
1483 680 1743 760 „dci-vc}
1788 692 1907 751 und
1956 683 2263 753 δᾶ-νό-1)
2320 695 2605 757 bedentet

354 783 673 856 eigentlich
721 787 919 862 tagig3
970 790 1126 847 auch
1173 808 1310 867 mag
1354 792 1448 849 ein
1496 782 1713 871 δᾶ-νή
1761 791 1867 866 (sc.
1912 786 2237 876 διατριβή)
2281 798 2605 876 tagesfrist²

354 884 705 945 vorhanden
751 907 1024 966 gewesen
1073 893 1230 969 sein;
1276 893 1432 953 denn
1481 896 1576 955 ein
1623 896 1862 956 solches
1902 898 2339 960 substantivum
2372 902 2605 961 scheint

355 1006 491 1047 man
540 987 638 1048 fiir
684 981 1064 1071 δηνα-ιό-ς,
1109 994 1434 1072 cigentlich
1481 1016 1599 1059 von
1647 1000 2017 1078 tageslauge,
2060 1001 2218 1061 dann
2266 1003 2606 1082 uberhaupt

355 1090 553 1168 lange,
598 1096 932 1156 annehmen
979 1116 1052 1156 zu
1101 1100 1398 1159 mussen“.

530 1196 637 1253 His
682 1198 864 1272 igitur
909 1198 1190 1259 detractis
1236 1220 1543 1279 perpauca
1598 1203 1899 1264 inferioris
1957 1207 2208 1266 maxime
2254 1207 2608 1268 Graecitatis

353 1297 655 1356 vocabula
700 1304 947 1378 restant,
990 1319 1146 1377 quae
1190 1316 1298 1360 αιο
1341 1308 1629 1386 tanquam
1664 1307 2218 1385 plenum-suffixum
2249 1309 2325 1368 ad
2359 1309 2605 1386 stirpem

356 1398 618 1475 aliquam
680 1401 809 1461 sive
870 1403 1108 1477 plenam
1175 1405 1300 1463 sive
1366 1406 1738 1468 decurtatam
1809 1408 2233 1486 adJunxerunt.
2337 1412 2605 1485 Quorum

354 1503 826 1564 vetustissimum
874 1509 966 1563 est
1113 1494 1118 1499 ‘

530 1621 617 1682 χο
633 1612 804 1676 αῖος
849 1626 922 1666 ex
964 1605 1148 1684 χοῦς,
1193 1609 1368 1669 them.
1409 1611 1550 1689 χοὶ.
1644 1612 1999 1688 Hippoloch.
2042 1612 2171 1691 (qui
2220 1614 2466 1675 Dux-idls
2498 1615 2610 1676 fnit

354 1706 662 1783 aequalis)
708 1726 802 1785 ap.
848 1709 985 1781 Ath.
1031 1709 1131 1786 lv,
1182 1708 1331 1768 129:
1393 1698 1431 1769 ὃ
1478 1708 1796 1792 Πρωτέας
1840 1708 2015 1773 αἰτεῖ
2056 1706 2323 1790 σκύφον
2364 1724 2609 1794 χοαῖον

355 1812 392 1867 ἰ.
429 1829 484 1869 e.
544 1811 820 1886 congium
883 1830 1064 1871 unum
1125 1814 1393 1891 capiens,
1452 1830 1739 1891 aequans.
1781 1815 1922 1876 item
1968 1805 2388 1895 ἡμιχοαῖος
2449 1821 2611 1895 apud

355 1913 670 1990 Theophr.
759 1915 1220 1992 Exspectaveris
1275 1921 1563 1995 χοϊαῖος,
1625 1922 1690 1976 ut
1731 1917 2118 1990 κοτυλιατος
2162 1921 2239 1982 al.
2322 1922 2611 1982 'Fortasse

359 2015 709 2075 vitaverunt
755 2017 1046 2077 vocalium
1095 2020 1629 2079 coacervationem.

537 2118 628 2176 Ex
673 2118 960 2195 stirpibus
1006 2124 1374 2180 consonante
1420 2121 1602 2181 finitis
1649 2123 1831 2182 ducta
1873 2126 2045 2182 sunt:

535 2219 970 2297 γαλαξαῖος
1032 2223 1260 2283 lactens
1304 2224 1531 2285 lactens
1577 2227 1777 2285 Nonn.
1860 2226 1947 2287 Of.
1992 2217 2367 2305 γαλαξήεις,
2410 2226 2610 2305 γαλα-

359 2316 495 2397 gia,
543 2318 879 2401 γαλαξίας.
1854 2354 1867 2358 -

538 2419 771 2485 ἰναία.
861 2416 1138 2507 δύναμις
1183 2430 1447 2508 Hesych.

537 2516 867 2609 ὑδραῑος
925 2533 1084 2610 quod
1132 2534 1190 2593 in
1238 2551 1398 2611 aqua
1442 2539 1534 2594 est
1577 2534 1919 2612 Olympiod.
1966 2536 2160 2596 Nicet.
2248 2537 2613 2596 Laconicum

358 2652 500 2694 esse
523 2633 760 2693 videtur
789 2635 950 2712 quod
984 2637 1159 2695 affert
1183 2637 1524 2714 Hesychius
1553 2621 1921 2716 οὖὸραία·
1950 2625 2205 2715 ὑδρεία,
2247 2632 2498 2718 μέτρον
2528 2655 2614 2711 τι,

356 2721 665 2797 Ἀττικοῦ
705 2733 1039 2817 pemmo&
1086 2723 1311 2817 ἥμισυ.
1400 2739 1487 2800 of.
1531 2741 1679 2801 Ahr.
1726 2742 1869 2800 Dor.
1913 2760 1969 2817 p.
2019 2737 2157 2800 125.

543 2838 636 2898 Ad
683 2841 925 2918 stirpem
974 2841 1342 2901 decurtatam
1390 2859 1498 2900 αιο
1546 2841 1815 2902 additum
1862 2847 1955 2902 est
1998 2844 2061 2902 in
2105 2843 2300 2902 hisce:

539 2926 976 3022 ἀροτραϊος
1037 2944 1238 3020 Antip.
1281 2943 1406 3004 sid.
1452 2944 1510 3004 in
1557 2945 1739 3004 Anth.
1785 2943 1852 3022 7,
1896 2941 2051 3021 209,
2097 2943 2135 3000 4
2195 2929 2296 3022 ἄρ.
2343 2934 2617 3024 θαλάμη

359 3045 664 3104 thalamus
709 3046 975 3124 agrestis,
1021 3046 1182 3122 quod
1231 3065 1348 3107 non
1395 3051 1595 3123 potest
1637 3047 1715 3106 ab
1755 3033 2052 3126 ἄροτρον
2084 3045 2470 3123 descendere,
2513 3047 2617 3106 sed

364 3167 490 3206 non
537 3147 649 3206 nisi
698 3147 771 3207 ab
816 3133 1169 3229 ἄροτρεῦς,
1229 3148 1392 3227 qnod
1435 3150 1794 3209 vocabulum
1842 3149 1983 3209 inde
2028 3167 2065 3208 a
2108 3148 2517 3208 Demosthene
2559 3149 2617 3207 in

363 3269 482 3309 usu
517 3249 652 3326 suit,
699 3251 949 3312 maxime
981 3250 1145 3329 apud
1175 3256 1384 3327 poetas
1414 3252 1801 3326 posteriores.
1876 3237 2197 3330 ἀροτρεύς
2227 3274 2311 3296 --··
2342 3233 2620 3329 ἄροτήρ,

363 3353 443 3412 cs.
487 3337 831 3431 ιῖροτρεύω
877 3338 1216 3433 ἄροτριάοο
1261 3359 1322 3413 et
1369 3352 1618 3427 Φοῖβος
1663 3338 1976 3433 ἄρότριος
2020 3353 2080 3412 in
2126 3353 2185 3412 h.
2226 3352 2417 3431 Orph.

539 3453 919 3533 γλυκατος
962 3473 1072 3533 pro
1115 3445 1363 3534 γλυκύς
1419 3461 1512 3516 est
1565 3457 1727 3533 apud
1773 3456 2088 3534 Synesium
2135 3456 2431 3516 medicum
2477 3456 2621 3516 dno-

365 3557 583 3618 decimi
627 3578 690 3636 p.
734 3559 871 3619 Chr.
917 3579 982 3619 n.—
1019 3560 1262 3619 saeculi.

540 3659 713 3734 Quae
775 3666 1118 3739 praeterea,
1154 3662 1293 3721 huic
1355 3662 1534 3722 classi
1603 3661 2056 3721 adnumeranda
2112 3660 2308 3722 videri
2369 3665 2625 3739 possunt

364 3764 689 3842 λεχαῖος
759 3762 1225 3841 πελαγαῖος,
1299 3783 1371 3823 ea
1434 3764 1551 3824 alia
1617 3765 1853 3824 ratione
1922 3763 2176 3824 formata
2240 3781 2374 3824 esse
2439 3782 2626 3841 snpra

365 3887 424 3944 p.
460 3864 562 3926 85.
610 3863 690 3922 86
738 3866 1210 3928 demonstratum
1256 3874 1364 3927 est.

543 3969 729 4029 Vides
790 3988 969 4047 quam
1032 3970 1287 4047 exiguus
1348 3970 1429 4029 sit
1487 3987 1773 4028 numerus
1830 3987 2035 4028 eornm
2098 3969 2519 4029 vocabulorum
2563 3968 2625 4027 in

366 4088 536 4142 αιος,
603 4090 761 4148 quae
823 4072 897 4132 ab
958 4073 1078 4132 alia
1121 4073 1309 4149 stirpe
1355 4065 1534 4149 quam
1580 4072 1639 4130 in
1687 4089 1731 4129 α
1774 4072 1874 4130 vel
1921 4086 1958 4129 ο
2005 4071 2310 4132 desinente
2355 4070 2628 4130 derivata

366 4178 532 4252 sunt,
578 4175 749 4234 vides
795 4174 1128 4234 infimorum
1175 4179 1405 4234 tantum
1452 4178 1790 4251 temporum
1837 4173 1992 4233 hanc
2037 4191 2171 4233 esse
2202 4173 2516 4246 licentiam,
2564 4175 2630 4228 nt

366 4278 507 4336 luce
570 4276 788 4336 clarius
844 4282 1135 4354 appareat
1186 4293 1441 4362 =pravam
1489 4294 1622 4336 esse
1668 4293 1873 4336 eorum
1919 4275 2273 4334 sententiam
2321 4273 2424 4349 qui
2470 4272 2628 4330 hanc

2324 4384 2426 4438 16*
