3166 4871
558 280 682 340 200

557 471 791 513 conexu
859 452 929 510 ad
997 451 1141 510 nihil
1209 451 1369 511 alind
1438 451 1550 511 nisi
1623 469 1839 529 pagum
1916 451 2071 511 illum
2132 450 2430 527 Collytum
2505 452 2797 529 pertinet3

559 556 750 614 minus
805 559 968 614 recte
1027 553 1212 632 igitur
1270 561 1532 631 apteque
1577 554 1729 615 haec
1775 572 1892 614 vox
1938 554 2223 631 explicari
2270 554 2409 613 mihi
2456 554 2694 615 videtur
2736 554 2797 615 in

555 656 749 718 Bekk.
793 657 998 716 anecd.
1045 675 1101 733 p.
1147 660 1289 734 211,
1335 660 1447 717 32:
1507 639 1927 734 „Zpovpazog
1985 645 2317 733 Οἰνόμαος
2371 642 2409 714 ὁ
2466 649 2797 737 Αἰσχίνης,

556 745 662 818 ὅτι
705 747 829 818 τὸν
871 747 1209 836 Οἰνόμαον
1252 744 1791 836 ὑποκρινόμενος
1835 748 2072 817 ἔπεσεν
2104 771 2115 783 ·
2151 741 2512 837 ἀρουραῖος
2556 751 2647 832 δὲ,
2691 746 2798 817 ὅτι

555 855 629 921 ἐν
699 868 843 931 τοῖς
914 849 1144 940 δήμοις
1213 851 1666 933 ἐπεδείκνυτο,
1742 844 2016 935 ἀνάξιος
2093 846 2193 918 ὢν
2257 857 2399 919 τῶν
2465 852 2539 919 ἐν
2613 848 2798 920 ἄστει

556 948 880 1042 ἀγώνων*
943 964 1113 1041 quasi
1178 982 1499 1041 numquam
1557 964 1620 1022 in
1685 964 1833 1023 urbe
1897 962 2127 1023 fabulas
2178 964 2417 1040 egisset.
2504 962 2795 1036 Quoniam

556 1067 876 1128 Theodoro
924 1069 985 1126 et
1013 1065 1392 1126 Aristodemo
1438 1066 1644 1125 tertias
1686 1065 1824 1142 egit,
1871 1064 2034 1124 haud
2065 1064 2243 1124 dubie
2271 1064 2526 1125 Athenis
2555 1083 2797 1143 quoque

555 1173 759 1245 partes
802 1186 940 1229 suas
983 1166 1284 1227 sustinuit.

725 1269 929 1330 Fidem
992 1268 1379 1329 Democharis
1436 1268 1634 1328 verbis
1698 1267 1993 1343 derogare
2036 1268 2246 1339 nolim,
2290 1286 2473 1345 quum
2520 1266 2685 1345 qnod
2729 1273 2797 1326 ut

556 1371 975 1434 Demosthenis
1050 1371 1234 1430 verba
1300 1370 1378 1431 ad
1446 1377 1671 1430 certam
1744 1369 2003 1430 fabulam
2072 1376 2420 1448 certumque
2497 1369 2794 1430 theatrum

554 1475 858 1553 pertinent
900 1483 1026 1533 tum
1071 1472 1232 1549 quod
1277 1472 1437 1550 apud
1471 1473 1897 1532 Democharem
1940 1476 2178 1532 exstant
2207 1471 2517 1532 Ischandri
2564 1472 2796 1532 histrio·

554 1577 645 1637 nis
688 1585 751 1636 et
777 1575 1094 1638 Sannionis
1139 1575 1612 1635 choi-odidascali
1652 1575 1909 1652 nomina,
1953 1592 2205 1651 qnorum
2239 1575 2552 1652 utriusque
2580 1575 2794 1634 Demo-

428 1727 444 1747 .
552 1679 797 1739 sthenes
867 1676 1008 1737 alibi
1069 1676 1424 1737 mentionem
1488 1675 1660 1735 facit:
1721 1676 2077 1736 Sannionem
2141 1675 2575 1736 Demosthenes
2633 1674 2797 1749 (uid.

553 1784 633 1843 58
679 1776 855 1855 (533)
900 1780 1044 1839 artis
1087 1796 1232 1838 suae
1277 1783 1395 1837 tam
1429 1778 1688 1855 peritum
1720 1777 1901 1839 fuisse
1946 1782 2169 1857 narrat,
2212 1783 2294 1855 ut,
2338 1797 2519 1855 quum
2553 1778 2795 1839 militiae

550 1890 820 1961 tempore
851 1882 1130 1959 neglecto
1161 1899 1413 1941 munera
1456 1881 1695 1957 publica
1739 1899 1952 1958 gerere
1999 1899 2117 1940 non
2154 1881 2281 1958 jam
2329 1885 2549 1958 posset,
2593 1885 2792 1942 tamen

551 1986 869 2063 quominus
914 2002 1158 2045 munere
1201 2001 1312 2043 suo
1357 1983 1527 2060 fungi
1573 1988 1854 2060 pergeret
1898 2000 2015 2043 non
2062 1982 2467 2059 impediretur.

722 2085 1114 2148 Ischandrum
1159 2087 1596 2146 Demosthenes
1640 2084 1697 2144 d.
1743 2085 1778 2144 f.
1824 2085 1860 2145 1.
1908 2089 1987 2146 10
2030 2086 2202 2156 (344)
2249 2085 2789 2162 deuteragonistam

550 2190 694 2249 dicit
720 2188 1098 2267 Neoptolemi
1125 2181 1507 2267 („Aloxlv⁷]‹3
1539 2178 1713 2265 ἔχων
1731 2174 2121 2265 Ἴσχανδρον
2150 2172 2276 2246 τὸν
2307 2181 2792 2265 Νεοπτολέμου

550 2280 1164 2371 δευτεραγωνιστήν
1193 2320 1274 2329 -
1399 2286 1473 2363 “),
1519 2290 1829 2350 histrionis
1873 2290 2085 2365 tragici
2130 2290 2487 2367 pernobilis,
2551 2289 2624 2350 de
2669 2308 2790 2366 quo

548 2414 684 2457 mox
729 2394 1147 2472 disputabitur.
1236 2392 1628 2454 Ischandrum
1675 2391 1752 2454 ib.
1785 2395 1908 2455 303
1940 2389 2121 2466 (438)
2169 2397 2458 2454 memorat
2501 2410 2576 2453 ex
2606 2393 2791 2453 Arca·

547 2496 649 2557 dia
709 2497 975 2556 Athenas
1032 2495 1352 2556 advenisse
1405 2498 1467 2556 et
1521 2494 1594 2554 ab
1639 2495 1939 2555 Aeschine
1984 2495 2453 2556 Atheniensibus
2499 2514 2791 2557 commen·

547 2598 782 2675 datum,
826 2598 1050 2675 quippe
1095 2598 1199 2675 qui
1245 2597 1322 2657 ab
1367 2599 1440 2656 iis
1487 2597 1853 2674 Arcadibus,
1915 2598 2018 2673 qui
2064 2597 2520 2658 Atheniensium
2566 2600 2789 2676 populo

545 2699 839 2771 faverent,
886 2700 1101 2759 missus
1146 2704 1304 2759 esset
1352 2705 1412 2759 et
1439 2699 1725 2759 mandata
1756 2698 2084 2759 delaturus.
2127 2728 2210 2740 —
2253 2701 2436 2759 Errat
2465 2701 2790 2762 Schottius:

544 2803 682 2862 adn.
719 2802 797 2862 ad
843 2803 1018 2862 Dion.
1037 2802 1237 2884 Jialic.
1270 2802 1441 2862 Rhet.
1488 2818 1537 2861 c.
1570 2802 1736 2878 VIII,
1780 2801 1815 2872 ἓ
1848 2805 1904 2879 6,
1948 2803 2051 2877 qui
2081 2820 2290 2862 vocem
2344 2794 2789 2882 „dentepayoe·

544 2894 808 2985 νιστὴν“
857 2905 894 2965 l.
926 2905 963 2965 Ι.
992 2924 1111 2965 non
1143 2904 1336 2964 solum
1368 2903 1612 2982 proprio
1644 2903 1749 2964 sed
1781 2905 2009 2981 tropico
2040 2922 2284 2981 quoque
2328 2922 2508 2965 sensu
2539 2905 2788 2983 intelligi

542 3025 721 3084 posse
777 3010 1037 3079 censeat,
1094 3008 1178 3067 ita
1236 3012 1337 3079 „ut
1379 3006 1693 3067 Aeschinis
1739 2996 2417 3086 ,,δευτεραγωνιστὴς“
2461 3008 2788 3069 Ischander

546 3115 794 3170 eatenus
839 3114 1117 3187 vocetur,
1170 3114 1471 3186 quatenus
1527 3109 1630 3170 ille
1690 3111 1747 3170 in
1806 3109 1987 3169 rebus
2031 3111 2157 3169 suis
2200 3110 2563 3193 peragendis
2608 3101 2786 3188 thus‘

543 3230 727 3289 opera
756 3230 827 3271 ac
857 3212 1177 3272 ministerio
1209 3217 1484 3271 uteretur
1506 3215 1567 3271 et
1596 3211 1675 3270 ad
1718 3205 2271 3289 ηΝεεοπτολέμου“
2302 3212 2786 3289 subintelligatur

540 3302 779 3391 „vzbr‘fl
868 3314 1039 3388 Quae
1086 3312 1239 3372 ratio
1285 3313 1334 3372 si
1381 3313 1695 3389 probetur,
1741 3312 2044 3374 Schottius
2088 3314 2369 3390 opinatur
2413 3319 2619 3390 patere
2665 3334 2784 3375 non

539 3416 669 3475 sine
740 3408 1120 3493 ,,εἰρωνεὶα“
1193 3432 1264 3475 eo
1331 3414 1515 3474 alludi
1585 3414 1747 3491 quod
1819 3415 2150 3475 Aeschines
2211 3416 2338 3492 ipse
2412 3417 2780 3494 aliquamdiu

542 3518 746 3578 histrio
792 3516 988 3577 fuerit.
1075 3516 1322 3576 Duabus
1367 3516 1441 3576 de
1489 3518 1688 3577 causis
1734 3517 2127 3593 improbanda
2171 3518 2309 3577 mihi
2357 3518 2597 3579 videtur
2633 3519 2782 3579 haec

539 3619 720 3680 ratio:
765 3637 948 3696 quum
995 3620 1150 3679 enim
1183 3619 1635 3695 Demosthenes,
1679 3620 1727 3678 si
1776 3620 1908 3678 voci
1952 3609 2625 3699 ,,δευτεραγωνιστὴς“
2670 3622 2784 3681 hoc

536 3721 671 3783 loco
713 3722 1008 3799 tropicum
1038 3720 1340 3798 quendam
1371 3738 1611 3781 sensum
1643 3722 1910 3781 tribuere
1939 3722 2246 3792 voluisset,
2291 3728 2455 3783 certe
2497 3723 2781 3783 evitasset

535 3824 694 3885 hanc
766 3823 1080 3884 verborum
1151 3822 1638 3901 collocationem,
1720 3843 1841 3900 qua
1914 3843 2032 3884 vox
2108 3815 2780 3906 ,,δευτεραγωνιστὴς“

526 3926 705 4003 juxta
764 3925 1067 3986 histrionis
1122 3926 1423 3985 clarissimi
1489 3943 1707 3986 nomen
1766 3928 1964 4003 posita
2019 3926 2136 3986 alio
2199 3945 2272 3987 ac
2313 3928 2555 4005 proprio
2600 3945 2777 3988 sensu

532 4029 789 4106 intelligi
857 4029 1066 4105 nequit
1128 4028 1243 4088 nisi
1299 4028 1481 4088 nimia
1549 4032 1714 4107 arte;
1786 4032 1910 4088 tum
1990 4032 2201 4089 contra
2268 4030 2556 4090 rationem
2612 4029 2776 4090 illam

532 4135 833 4207 repugnat
904 4128 1066 4206 quod
1150 4129 1477 4189 Aeschines
1549 4129 1666 4190 fuit
1748 4130 2146 4207 tritagonista.
2279 4133 2327 4189 A
2405 4131 2776 4192 Demochare

531 4232 862 4294 Aeschines
919 4232 1164 4292 inferior
1217 4231 1435 4291 dicitur
1480 4231 1845 4309 Ischandro‚
1910 4250 2027 4292 non
2077 4231 2406 4293 Ischander
2449 4233 2772 4309 Aeschine;
