3166 4871
611 278 735 339 426

780 451 1000 513 Omnes
1049 453 1105 511 hi
1154 454 1267 513 loci
1313 454 1391 513 de
1439 453 1778 513 hominibus
1825 460 2102 524 narrant,
2164 456 2266 531 qui
2314 454 2595 530 despecto
2641 473 2854 530 grega-

610 557 830 615 riorum
892 556 1137 615 militum
1201 556 1406 616 labore
1450 575 1487 615 a
1534 559 1952 617 centurionatu
2000 558 2260 616 militiam
2310 557 2430 617 orsi
2477 561 2634 617 sunt.
2719 556 2854 617 Jam

594 676 753 718 ·vero
816 678 891 719 ex
952 659 1043 718 his
1103 659 1388 736 exemplis
1461 660 1697 734 singula
1757 677 2088 734 sumamus,
2164 677 2603 738 conemurque‚
2676 660 2854 737 quale

609 760 792 821 fuerit
835 761 981 820 illud
1030 762 1364 821 institutum
1409 762 1606 821 animo
1653 760 1993 821 informare.

780 881 871 940 Ac
918 880 993 940 de
1037 887 1367 957 tempore
1413 880 1685 957 quidem,
1751 898 1871 957 quo
1917 881 2066 940 haec
2111 899 2207 941 res
2253 881 2543 950 valuerit,
2607 885 2860 958 constat,

611 1000 808 1059 neque
853 989 990 1044 ante
1036 988 1350 1044 exeuntem
1388 984 1612 1043 Tiberii
1660 988 1916 1044 aetatem
1965 1002 2163 1060 neque
2208 988 2346 1060 post
2389 983 2565 1044 finem
2612 984 2858 1044 secundi

611 1086 706 1144 vel
760 1086 989 1145 initium
1050 1088 1207 1145 tertii
1268 1087 1492 1145 saeculi
1553 1085 1785 1162 aliquid
1851 1085 1927 1146 de
1988 1104 2059 1144 ea
2119 1104 2182 1145 re
2227 1086 2509 1147 traditum
2556 1104 2711 1154 esse;
2786 1104 2859 1146 ea

528 1187 535 1192 ’
609 1193 807 1248 autem
854 1195 1066 1258 aetate,
1114 1207 1268 1266 quae
1316 1190 1470 1248 inter
1516 1188 1624 1248 hos
1656 1188 1810 1248 fines
1841 1189 2157 1265 interJecta
2188 1192 2294 1264 est,
2339 1189 2670 1248 institutum
2704 1188 2855 1248 illud

610 1311 727 1351 non
773 1292 1177 1351 intermissum
1222 1290 1492 1354 videtum
1567 1309 1678 1349 cur
1724 1297 1919 1350 tamen
1968 1292 2143 1349 etiam
2191 1296 2329 1368 post
2386 1292 2541 1351 hanc
2598 1296 2854 1351 aetatem

607 1394 900 1470 ejusmodi
945 1395 1327 1454 centuriones
1376 1394 1674 1453 exstitisse
1719 1399 1943 1470 putem,
1992 1394 2149 1453 infra
2195 1412 2505 1470 exponam.

782 1513 1171 1572 Numerum
1222 1513 1401 1588 hujus
1446 1513 1687 1587 generis
1735 1512 2148 1571 centurionum
2198 1515 2355 1573 omni
2401 1519 2665 1591 tempore
2712 1513 2857 1572 satis

611 1632 887 1691 magnum
951 1615 1129 1674 fuisse
1189 1633 1321 1672 cum
1370 1613 1668 1688 frequenti
1719 1613 1879 1689 apud
1926 1616 2252 1691 scriptores
2298 1617 2855 1675 commemoratione

609 1723 731 1777 tum
779 1718 976 1777 verbis
1022 1735 1068 1776 s.
1111 1735 1156 1776 s.
1201 1717 1480 1787 Senecae,
1543 1717 1728 1792 Statii,
1780 1717 1965 1777 Cassii
2017 1719 2226 1777 Dionis
2271 1719 2724 1794 comprobatum
2799 1722 2858 1777 et

608 1820 770 1897 quod
816 1821 873 1878 in
923 1821 1101 1880 rebus
1147 1819 1498 1879 militaribus
1550 1838 1689 1878 raro
1735 1819 1970 1896 accidit,
2015 1820 2172 1879 hanc
2201 1822 2625 1880 institutionem
2661 1822 2858 1896 qualis

610 1923 789 1993 suerit
835 1941 907 1981 ex
953 1925 1309 2000 scriptorum
1357 1922 1505 1981 locis
1551 1922 1778 1981 clarius
1827 1923 2243 1998 perspicimus,
2301 1942 2479 2000 quam
2528 1942 2601 1983 ex
2648 1922 2857 1982 inscri-

609 2026 925 2101 ptionibus.
1031 2026 1217 2100 Cuius
1277 2026 1361 2084 rei
1427 2025 1652 2083 nullam
1718 2026 1894 2083 aliam
1942 2044 2180 2085 causam
2241 2026 2478 2102 inveni,
2538 2028 2648 2085 nisi
2695 2025 2855 2102 quod

610 2147 989 2206 nequaquam
1054 2148 1260 2188 omnes
1321 2129 1708 2187 centuriones
1782 2129 2050 2204 equestri
2124 2130 2255 2188 loco
2317 2131 2466 2188 nati.
2505 2130 2855 2188 nobiliorem

610 2233 894 2308 originem
940 2233 1000 2291 in
1049 2231 1235 2291 titulis
1282 2230 1533 2307 professi
1580 2235 1736 2289 sunt.
1816 2229 1916 2303 (cs.
1960 2227 2157 2304 infra.)

780 2352 912 2424 Qui
986 2350 1315 2427 fuerunt,
1405 2351 1526 2426 qui
1603 2349 1785 2408 hanc
1859 2351 2059 2409 vitae
2134 2350 2485 2409 rationem
2562 2351 2855 2410 maxime

609 2455 1140 2530 capesserent?
1234 2455 1353 2512 Eos
1419 2452 1705 2512 nascendi
1764 2451 2113 2512 condicione
2175 2454 2353 2529 plane
2413 2454 2619 2512 eadem
2674 2452 2858 2512 fuisse

607 2575 678 2615 ac
738 2555 1073 2632 praefectos
1133 2556 1525 2630 tribunosque
1585 2574 1661 2612 ex
1719 2554 1865 2613 locis
1910 2573 1952 2612 s.
1985 2573 2029 2613 s,
2074 2558 2112 2615 4
2146 2562 2203 2614 et
2239 2561 2271 2615 7
2309 2561 2579 2632 apparet.
2660 2556 2853 2614 Etiam

608 2659 820 2717 litteris
865 2658 1008 2717 satis
1053 2656 1268 2716 eruditi
1315 2674 1445 2715 esse
1492 2656 1767 2715 solebant
1809 2656 1882 2713 ad
1917 2656 2148 2732 majora
2181 2676 2430 2716 munera
2461 2657 2858 2734 suscipienda,

609 2778 743 2820 nam
824 2760 1134 2831 „Valerius
1204 2760 1434 2818 Probus
1504 2758 1606 2816 din
1678 2759 2163 2818 centurionatum
2233 2758 2463 2837 petiit“‚
2535 2763 2854 2836 antequam

607 2880 871 2922 summus
928 2864 1349 2940 grammaticus
1426 2860 1629 2920 factus
1693 2865 1809 2937 est,
1872 2867 1932 2921 et
1991 2862 2280 2922 Pertinax
2343 2864 2584 2922 inverso
2647 2863 2856 2921 ordine

606 2966 773 3042 prius
829 2967 1253 3041 grammaticen
1315 2964 1661 3040 professu8‚
1724 2971 1860 3038 post
1922 2965 2397 3024 centurionatum
2446 2964 2701 3041 adeptus
2746 2968 2856 3024 est.

526 3102 533 3109 ·
607 3068 1012 3128 Tennioribus
1059 3073 1256 3126 autem
1305 3067 1562 3125 fortunis
1611 3067 1808 3125 ornati
1855 3066 2041 3125 fuisse
2087 3067 2182 3125 vel
2227 3069 2452 3126 rectius
2486 3069 2677 3144 ipsum
2720 3085 2852 3126 een-

607 3189 737 3230 sum
784 3174 1116 3246 equestrem
1168 3189 1284 3228 non
1330 3168 1613 3228 videntur
1659 3169 1966 3245 implesse3
2013 3188 2148 3228 nam
2187 3170 2553 3246 Vespaniani
2584 3174 2855 3246 tempore

607 3273 957 3333 adolescens
1002 3273 1217 3333 nobilis
1270 3273 1714 3348 „angustiarum
1749 3272 1834 3330 rei
1867 3271 2174 3331 familiaris
2207 3274 2425 3331 causa“
2476 3272 2552 3331 ad
2584 3272 2852 3331 ordinem

608 3376 945 3435 ducendum
992 3375 1145 3434 redit
1189 3371 1276 3445 (3)
1322 3379 1381 3432 et
1435 3374 1664 3432 Plinius
1711 3373 1933 3432 Metilio
1983 3373 2192 3451 Crispo
2243 3373 2651 3451 quadraginta
2699 3374 2854 3432 milia

606 3478 807 3553 donat,
851 3478 1069 3555 quibus
1113 3495 1177 3535 se
1226 3479 1481 3535 instruat
1526 3480 1586 3534 et
1629 3480 1817 3535 ornet.
1875 3474 1964 3550 (6)

779 3600 1224 3675 Dignitatem
1282 3601 1696 3674 equestrem
1759 3614 1881 3656 eos
1945 3596 2323 3673 amisisse,
2383 3614 2517 3654 cum
2578 3594 2853 3654 ordinem

603 3703 961 3779 acciperent,
1005 3702 1277 3761 omnibus
1322 3700 1508 3759 titulis
1554 3704 1762 3777 aperte
1808 3703 2102 3758 narratur.

776 3820 1209 3882 Adolescentes
1253 3821 1441 3895 igitut
1478 3826 1652 3879 erant
1682 3819 1939 3879 honesto
1965 3819 2096 3878 loco
2131 3817 2255 3877 nati
2287 3835 2481 3893 neque
2513 3818 2848 3877 litterarum

605 3924 804 4000 rudes,
862 3925 966 3985 sed
1022 3924 1125 4000 qni
1172 3925 1362 3982 minus
1407 3924 1573 3999 larga
1620 3923 1865 3982 fortuna
1908 3923 2274 3995 fruerentur,
2321 3922 2402 3979 ita
2449 3926 2514 3980 ut
2556 3921 2852 3997 dignitate

606 4028 872 4103 equestri
915 4028 1151 4105 obJecta
1197 4026 1459 4084 militiam
1506 4044 1542 4083 a
1587 4025 2003 4084 centurionatu
2048 4022 2405 4098 inciperent.

776 4145 894 4206 Sed
958 4145 1221 4221 quibus
1289 4145 1527 4204 causis
1594 4143 1653 4201 hi
1722 4142 1963 4202 adducti
2026 4145 2198 4216 sunt,
2272 4145 2338 4199 ut
2382 4141 2457 4199 ad
2503 4140 2846 4200 inferiorem

609 4250 879 4310 ordinem
927 4248 1242 4307 redirent?
