3166 4871
564 233 687 295 334

563 428 673 486 per
718 414 916 468 autem
961 410 1035 470 ad
1084 410 1160 486 id,
1205 411 1366 487 quod
1415 417 1553 472 ante
1600 412 1820 472 dictum
1867 419 1971 483 est,
2016 412 2188 472 redit.
2261 411 2333 472 cf.
2380 431 2428 471 c.
2457 416 2539 473 45
2584 412 2709 486 (51,
2742 408 2803 483 7)

564 518 626 571 et
654 516 736 573 43
769 513 892 589 (47,
928 509 1050 584 17).
1115 513 1188 572 ct'.
1224 513 1420 573 Hand.
1454 516 1477 573 1
1510 518 1652 585 569,
1684 518 1741 575 9.
1805 516 2096 591 Draeger.
2139 515 2176 585 ξ
2208 519 2349 591 335,
2378 518 2434 575 9.
2498 515 2808 574 Kuehner.
2867 511 2888 535 ’

564 614 621 672 11
666 614 702 684 ἓ
738 618 875 690 165,
908 618 964 675 6.

736 717 948 776 Variae
1024 721 1164 777 sunt
1227 717 1691 794 significationes
1764 718 2094 796 particulae
2156 723 2355 777 autem
2426 720 2485 778 in
2558 719 2806 779 interro·

566 818 907 895 gationibus
939 823 1277 896 usurpatae,
1310 838 1462 897 quas
1495 823 1736 896 egregie
1784 820 2057 881 distinxit
2093 821 2368 881 Handius
2397 820 2596 892 (1574
2616 818 2806 899 seqq.)

564 925 626 980 et
687 939 820 979 eum
881 939 1142 997 sequens
1202 923 1546 999 Draegerus
1607 923 1666 993 (ξ
1699 921 1995 1000 335‚10).
2084 925 2459 983 Burmannus
2515 924 2591 982 ad
2644 943 2693 983 c.
2726 928 2806 985 58

564 1021 649 1099 (p.
680 1019 829 1094 379)
888 1022 1165 1083 adnotat:
1228 1026 1476 1083 inservit
1536 1025 1690 1084 haec
1731 1028 2054 1100 particula
2112 1027 2432 1099 aliquoties
2489 1027 2658 1100 apud
2708 1043 2809 1086 co-

564 1126 751 1185 micos
792 1127 1069 1199 yram‘ori
1113 1132 1173 1186 et
1217 1128 1557 1187 concitatae
1598 1129 1876 1187 orationi.
1967 1129 2069 1188 sed
2120 1129 2276 1188 hanc
2319 1129 2436 1187 vim
2485 1148 2603 1189 non
2651 1130 2806 1206 apud

567 1226 825 1288 comicos
883 1234 1112 1288 tantum
1176 1229 1372 1289 inesse
1416 1231 1475 1288 in
1524 1231 1637 1290 hac
1682 1231 1979 1308 particula
2022 1232 2294 1310 exempla
2340 1230 2591 1308 docent,
2656 1250 2808 1310 quae

568 1330 843 1390 Handius
891 1331 926 1389 l.
972 1350 1022 1390 c.
1069 1333 1279 1391 attulit.
1368 1352 1437 1392 ac
1495 1334 1747 1411 primum
1812 1334 2050 1410 quidem
2112 1341 2309 1393 autem
2366 1334 2589 1394 indicat
2629 1336 2804 1395 inter·

569 1435 836 1509 rogantis
882 1433 1165 1511 impetum
1214 1441 1274 1494 et
1318 1437 1785 1514 vehementiam,
1832 1436 1958 1497 sive
2003 1456 2074 1496 ea
2118 1436 2193 1496 ab
2237 1436 2632 1497 admiratione
2677 1456 2809 1513 pro-

568 1536 875 1610 ficiscitur,
919 1536 1045 1595 sive
1093 1536 1166 1596 ab
1198 1535 1614 1614 indignatione
1659 1543 1716 1598 et
1745 1539 2072 1615 iracundia,
2115 1540 2366 1599 maxime
2397 1540 2458 1598 in
2490 1540 2808 1615 reprehen-

569 1638 755 1697 sione.
822 1638 892 1695 cf.
940 1656 989 1696 c.
1035 1642 1114 1699 45
1162 1636 1287 1711 (51,
1323 1638 1424 1710 10)
1471 1645 1531 1699 et
1574 1644 1656 1701 95
1703 1639 1871 1716 (114,
1903 1638 2026 1713 20).
2091 1640 2248 1701 idem
2294 1641 2420 1701 fere
2465 1646 2556 1701 est
2599 1659 2811 1701 sensus

568 1742 627 1799 in
674 1741 761 1799 eis
805 1740 1392 1819 interrogationibus,
1437 1744 1657 1818 quibus
1703 1744 1771 1819 is,
1815 1745 1916 1820 qui
1966 1745 2309 1820 interrogat,
2354 1743 2454 1802 vel
2499 1744 2675 1803 alium
2719 1745 2811 1803 vel

567 1862 632 1902 se
690 1843 884 1920 ipsum
947 1843 1349 1920 reprehendit.
1423 1845 1495 1903 cf.
1544 1864 1594 1905 c.
1645 1849 1764 1907 100
1809 1844 1974 1919 (120,
2026 1850 2143 1915 12).
2246 1850 2369 1905 tum
2433 1846 2578 1905 haec
2636 1848 2808 1907 inter·

569 1943 825 2022 rogandi
893 1944 1081 2004 forma
1149 1952 1505 2024 usurpatur,
1579 1949 1626 2006 si
1677 1949 1810 2024 quis
1861 1950 2290 2008 accuratiorem
2345 1950 2431 2007 rei
2478 1948 2812 2009 considera-

569 2048 786 2107 tionem
847 2047 1127 2123 postulat.
1216 2048 1289 2107 cf.
1336 2068 1382 2107 c.
1429 2054 1511 2111 50
1555 2048 1850 2127 (57‚13)‚
1920 2056 1999 2112 56
2046 2050 2170 2125 (65,
2207 2050 2297 2122 1),
2370 2055 2484 2112 101
2536 2052 2701 2129 (122,
2733 2049 2817 2127 8),

576 2153 694 2211 132
741 2149 908 2227 (185,
944 2154 1076 2227 13),
1139 2155 1261 2211 140
1304 2151 1471 2226 (204,
1503 2151 1583 2226 6).

741 2254 980 2322 Restat,
1026 2258 1091 2312 ut
1135 2253 1400 2314 breviter
1446 2275 1893 2316 commemorem
1943 2275 2046 2316 eos
2107 2257 2299 2327 locos,
2361 2257 2577 2334 quibus
2622 2262 2820 2316 autem

573 2374 704 2416 cum
753 2357 871 2416 alio
916 2355 1205 2415 vocabulo
1251 2357 1309 2415 in
1362 2377 1534 2417 unam
1585 2361 1755 2435 quasi
1802 2361 2101 2419 notionem
2145 2361 2526 2419 coniunctum
2559 2366 2667 2420 est.
2734 2361 2820 2420 ita

574 2479 624 2519 c.
670 2462 753 2520 50
797 2457 924 2535 (58,
958 2456 1018 2531 1)
1062 2476 1224 2519 nunc
1267 2467 1465 2519 autem
1511 2462 1753 2538 legitur,
1801 2465 2125 2539 praemisso
2170 2463 2478 2524 enuntiato
2524 2464 2818 2524 condicio-

574 2561 695 2620 nali
759 2558 884 2635 (εἰ),
954 2562 1035 2620 ita
1096 2569 1161 2621 ut
1220 2563 1428 2622 eadem
1477 2563 1669 2623 forma
1714 2566 1944 2625 oriatur
1990 2571 2170 2642 atquc
2217 2565 2509 2626 Graecum
2558 2559 2613 2624 εἰ
2654 2560 2815 2642 μὲν·

575 2658 697 2720 νῦν
752 2656 841 2721 δέ.
899 2662 1119 2734 (Hand.
1167 2664 1377 2734 1582,
1419 2664 1500 2736 5).
1598 2666 1831 2726 duobus
1893 2668 2040 2727 locis
2101 2668 2435 2727 invenimus
2502 2668 2814 2728 formulam

573 2781 713 2824 ecce
756 2771 966 2836 atatem,
1013 2766 1228 2843 quibus
1274 2786 1370 2826 res
1414 2768 1778 2845 improvisae
1826 2778 2165 2830 narrantur.
2233 2771 2304 2830 cf.
2351 2789 2399 2829 c.
2433 2775 2515 2831 60
2559 2768 2682 2847 (71,
2717 2772 2821 2840 10)

574 2873 633 2927 et
677 2871 756 2930 83
804 2869 929 2944 (99,
960 2866 1040 2941 3).

750 2973 838 3031 De
885 2971 1274 3032 collocatione
1322 2957 1656 3051 particulae
1703 2994 1899 3052 pauca
1929 2974 2390 3035 addendasunt.
2466 2977 2821 3052 plerumque

576 3075 845 3134 secundo
906 3076 1195 3135 enuntiati
1255 3077 1387 3135 loco
1444 3078 1717 3153 ponitur,
1789 3077 1898 3137 sed
1952 3081 2148 3136 tamen
2207 3077 2366 3153 apud
2428 3097 2632 3138 omnes
2690 3077 2820 3136 fere

572 3177 898 3262 scriptores
955 3179 1128 3238 etiam
1190 3180 1364 3239 tertio
1411 3180 1742 3239 sententiae
1786 3180 1916 3239 loco
1976 3181 2312 3255 invenitur,
2374 3181 2420 3239 si
2469 3181 2624 3239 inter
2669 3181 2820 3238 duas

574 3282 795 3357 primas
856 3281 1099 3340 voculas
1155 3282 1340 3340 artior
1384 3281 1706 3341 intercedit
1748 3284 1925 3350 ratic,
1988 3283 2070 3341 ita
2116 3287 2180 3341 ut
2224 3282 2452 3359 diiungi
2500 3285 2820 3358 nequeant.

575 3382 745 3441 velut
788 3384 1042 3458 primum
1091 3383 1187 3443 ubi
1237 3385 1533 3443 sententia
1578 3385 1785 3459 incipit
1830 3403 1865 3442 a
1910 3386 2147 3444 nomine
2197 3403 2327 3443 cum
2373 3382 2821 3460 praepositione

577 3485 915 3556 coniuncte,
961 3493 1157 3544 aulem
1206 3487 1379 3546 etiam
1429 3507 1463 3544 a
1494 3488 1778 3546 Petronio
1825 3486 1983 3545 haud
2020 3505 2156 3545 raro
2188 3487 2365 3545 tertio
2399 3486 2529 3545 loco
2563 3486 2822 3562 ponitur.

577 3585 651 3644 cf.
698 3605 746 3645 c.
780 3591 857 3647 28
906 3585 1029 3659 (30,
1063 3586 1158 3664 7),
1203 3593 1281 3649 35
1329 3588 1457 3666 (38,
1486 3587 1583 3661 4),
1632 3593 1709 3650 39
1759 3593 1880 3664 (43,
1914 3586 2009 3664 7),
2053 3593 2133 3649 44
2181 3587 2306 3665 (49,
2336 3585 2418 3660 5).
2505 3589 2679 3648 aliter
2724 3606 2822 3647 res

578 3706 643 3747 se
702 3688 880 3747 habet
940 3708 989 3748 c.
1018 3693 1100 3750 43
1162 3693 1284 3761 (48,
1317 3696 1387 3752 2:
1444 3692 1638 3767 facile
1683 3699 1767 3749 est
1810 3689 2031 3762 autem)
2091 3696 2151 3750 et
2210 3695 2292 3752 50
2351 3688 2474 3763 (57,
2510 3694 2620 3750 13:
2678 3690 2829 3763 quid

579 3797 668 3850 est
711 3789 805 3864 α.).
909 3794 1189 3868 quoniam
1251 3795 1402 3853 enim
1477 3796 1729 3854 verbum
1794 3799 1882 3853 est
1940 3814 1976 3853 a
2033 3793 2351 3869 Romania,
2421 3793 2709 3870 imprimis
2771 3792 2822 3851 si

578 3974 811 4029 excidit:
873 3975 1011 4028 scito
1049 3981 1176 4028 ante
1213 3977 1438 4029 autem?
1497 3975 1648 4042 quod
1694 3973 1915 4041 quidem
1972 3972 2134 4025 facile
2190 3971 2310 4024 fieri
2359 3971 2546 4040 potuit
2594 3977 2824 4039 propter

578 4059 904 4128 praeeuntia
939 4066 998 4113 et
1032 4060 1327 4128 sequentia
1364 4059 1537 4113 verba
1570 4065 1815 4123 scutum,
1849 4065 2075 4121 scruta,
2115 4058 2276 4111 scita.
2347 4057 2415 4110 cf.
2451 4073 2496 4110 c.
2534 4062 2622 4110 38:
2680 4058 2822 4112 scito

579 4151 786 4212 autem,
839 4145 1120 4199 sociorum
1168 4144 1281 4200 olla
1329 4145 1473 4200 male
1512 4144 1706 4215 fervet
1751 4151 1855 4197 etc.
1912 4161 1958 4197 c.
1997 4148 2088 4196 76:
2143 4143 2332 4206 soitiS,
2399 4158 2604 4211 maqna
2655 4143 2824 4197 navis

578 4247 835 4301 magnam
868 4230 1259 4301 fortitudinem
1294 4229 1470 4285 habet.
