3166 4871
2489 285 2615 346 209

377 447 819 538 Κλεοπάτρας
872 447 1104 536 γάμοις
1148 447 1629 536 πομπεύσαντα
1687 453 1800 517 καὶ
1843 452 2392 537 τρισκαιδέκατον
2446 446 2617 518 θεὸν

373 553 864 640 ἐπικληθέντα,
926 557 1006 637 τῇ
1049 550 1197 640 ἑξῆς
1242 553 1696 640 ἐπισφαγέντα
1758 554 1834 620 ἐν
1878 558 1976 641 τῷ
2022 550 2299 641 θεάτρῳ
2346 556 2456 620 καὶ
2517 553 2616 640 ἔῤ-

374 653 743 742 ριμμένονθ

543 767 727 827 Teste
770 766 1053 828 Suetonio
1100 711 1227 841 (vit.
1258 765 1442 844 Calig.
1475 764 1581 838 57)
1631 765 1729 825 die
1774 767 1897 844 illo,
1941 785 2062 843 quo
2108 766 2435 844 imperator
2466 765 2616 827 Cali-

374 868 517 944 gula
573 868 925 929 interfectus
969 873 1086 947 est,
1144 870 1574 946 „pantomimus
1620 869 1885 929 Mnester
1945 869 2311 946 tragoediam
2356 869 2619 946 saltavit,

375 989 556 1047 quam
602 971 742 1031 olim
774 972 1211 1049 Neoptolemus
1254 970 1580 1047 tragoedus
1613 970 1792 1049 ludis,
1836 971 2051 1048 quibus
2081 990 2189 1032 rex
2222 972 2615 1032 Macedonum

373 1073 686 1149 Philippus
717 1073 949 1133 occisus
980 1079 1088 1150 est,
1133 1074 1388 1149 egerat.“
1470 1074 1665 1147 Quam
1698 1073 1962 1133 fabulam
2011 1073 2195 1134 fuisse
2229 1058 2613 1153 9,Κινύραν“

373 1173 671 1251 Josephus
716 1177 1034 1236 memoriae
1079 1175 1281 1252 prodit
1325 1173 1594 1253 (Antiqu.
1625 1175 1781 1246 XlX,
1810 1179 1863 1253 1,
1892 1175 2012 1252 13),
2057 1176 2157 1235 ubi
2202 1176 2277 1237 de
2312 1177 2615 1254 Caligulae

376 1293 523 1336 nece
567 1276 751 1337 verba
794 1275 958 1355 facit,
1003 1277 1096 1337 his
1125 1276 1356 1338 verbis.
1403 1260 1892 1355 ,ῙΟμολογεῑται
1938 1270 2009 1335 δὲ
2052 1271 2165 1335 καὶ
2195 1266 2322 1356 τὴν
2367 1261 2616 1357 ἡμέραν

374 1369 635 1458 ἐκείνην
692 1373 994 1457 γενέσθει
1071 1376 1406 1456 (Cinyram)
1469 1371 1545 1438 ἐν
1604 1371 1645 1456 ῂ
1704 1374 2051 1439 Φίλιππον
2112 1369 2238 1438 τὸν
2297 1364 2618 1459 Αμύντου

375 1469 795 1539 Μακεδόνων
839 1475 1111 1554 βασιλέα
1153 1475 1398 1540 κτείνει
1439 1475 1825 1553 Παυσανίας
1871 1469 1963 1554 εἶς
2007 1478 2148 1542 τῶν
2193 1471 2479 1560 ἑταίρων
2526 1477 2618 1554 εἰς

374 1572 453 1641 τὸ
498 1576 796 1662 θέατρον
826 1572 1072 1643 εἰσιόντ
1085 1584 1181 1642 α.“

546 1684 608 1745 si
651 1683 919 1746 Suetonii
965 1691 1027 1746 et
1068 1686 1317 1763 Josephi
1379 1686 1761 1747 inhaeremus
1817 1687 2049 1766 verbis,
2110 1707 2227 1748 non
2288 1688 2429 1748 licet
2484 1707 2616 1750 cum

376 1786 571 1846 Petito
630 1791 691 1846 et
734 1787 1133 1865 Wesselingio
1195 1785 1297 1861 (cf.
1343 1790 1436 1847 W.
1481 1788 1557 1848 ad
1606 1788 1780 1848 Diod.
1826 1786 1939 1849 Sic.
1982 1790 2137 1865 XVI,
2168 1781 2278 1868 92)
2335 1795 2618 1862 statuere,

375 1886 651 1966 fabulam,
695 1889 867 1967 cujus
897 1889 1204 1950 Diodorus
1246 1890 1516 1949 servavit
1560 1890 1881 1950 nonnullos
1913 1908 2139 1968 versus,
2183 1890 2435 1951 eandem
2483 1908 2617 1951 esse

377 2007 510 2049 cum
554 1989 758 2050 fabula
812 2010 848 2050 a
893 1991 1154 2069 Josepho
1201 1991 1573 2069 significata3
1635 2010 1813 2068 quam
1860 1993 2292 2069 Neoptolemus
2336 1994 2466 2069 ipso
2523 1993 2619 2053 die

375 2091 615 2153 funesto
662 2092 787 2169 egit
829 2093 888 2153 in
934 2093 1237 2170 Aegarum
1282 2092 1538 2170 theatro,
1581 2092 1745 2169 quod
1792 2095 2171 2170 ingressurus
2216 2094 2415 2166 (Diod.
2461 2095 2619 2172 XVI,

375 2190 481 2266 94)
527 2195 839 2275 Philippus
896 2214 933 2255 a
988 2194 1288 2255 Pausania
1342 2195 1576 2255 occisus
1621 2199 1737 2272 est;
1799 2213 2011 2256 versus
2069 2196 2203 2257 illos
2260 2216 2296 2255 a
2348 2197 2617 2258 Diodoro

374 2296 666 2375 laudatos,
712 2316 865 2376 quos
896 2297 1055 2358 unde
1100 2296 1497 2374 desumpserit
1527 2298 1890 2373 ignoramus,
1936 2297 2215 2358 recitavit
2256 2300 2447 2376 pridie
2487 2300 2620 2377 ejus

376 2398 494 2461 diei
536 2401 691 2462 inter
736 2400 949 2479 epulas
1010 2399 1112 2473 (cf.
1157 2398 1438 2461 Welcker
1485 2401 1591 2460 Ι.1.
1639 2419 1694 2478 p.
1730 2397 1937 2474 1226).
2045 2401 2127 2462 Ut
2174 2402 2443 2463 versibus
2505 2402 2619 2464 illis

375 2503 805 2581 Neoptolemus
848 2505 1167 2565 Persarum
1233 2505 1395 2582 regis
1439 2505 1681 2563 exitium
1745 2506 2056 2580 spectavit,
2112 2505 2197 2564 ita
2247 2494 2611 2584 »Κινύρας-β*

374 2603 579 2667 fabula
608 2625 872 2684 quoque,
914 2607 975 2667 in
1008 2625 1129 2684 qua
1173 2606 1332 2666 haud
1364 2605 1543 2667 dubie
1576 2606 1850 2685 Cinyras,
1892 2607 2204 2668 fabulosus
2233 2608 2616 2686 Assyriorum

374 2725 516 2785 rex,
572 2709 701 2785 ipse
761 2714 1007 2769 mortem
1072 2708 1183 2768 sibi
1246 2710 1628 2769 consciscens
1689 2709 2026 2786 descriptus
2080 2709 2195 2770 fuit
2256 2708 2353 2783 (cf.
2397 2711 2620 2770 Anton.

373 2809 575 2870 Liber.
627 2815 740 2887 343
826 2811 1173 2887 Apollodor.
1219 2811 1327 2888 111,
1377 2816 1471 2888 14,
1516 2816 1588 2882 4;
1671 2809 1846 2870 Ovid.
1900 2812 2036 2872 Met.
2087 2812 2159 2889 X,
2212 2815 2618 2883 298—5023

375 2911 597 2987 Hygin.
630 2907 810 2987 242),
870 2912 1062 2981 electa
1107 2911 1346 2971 videtur
1391 2929 1549 2982 esse,
1612 2930 1733 2988 qua
1789 2910 2046 2972 hostium
2106 2914 2265 2989 regis
2322 2913 2621 2990 pernicies

376 3011 858 3087 portenderetur.

549 3112 611 3174 Si
643 3112 793 3172 fides
837 3112 1114 3173 habenda
1141 3112 1520 3174 Tertulliano
1568 3113 1713 3188 (,‚de
1742 3113 1974 3173 auima“
2027 3112 2135 3187 46)
2189 3114 2620 3191 Neoptolemus

376 3220 444 3276 ut
486 3234 620 3275 cum
666 3215 946 3294 Philippo
990 3215 1073 3275 ita
1118 3233 1248 3275 cum
1295 3214 1414 3275 filio
1462 3215 1811 3276 Alexandro
1858 3234 1972 3276 usu
2029 3216 2215 3295 fuisse
2262 3217 2621 3294 conjunctus

374 3323 436 3380 et
479 3317 965 3396 expeditionibus
1022 3319 1155 3397 ejus
1214 3323 1422 3378 contra
1466 3319 1685 3378 Persas
1746 3318 1920 3378 factis
1980 3318 2319 3380 interfuisse
2363 3318 2619 3379 videtur.

374 3422 555 3483 'Peste
601 3423 758 3482 enim
802 3421 1178 3482 Tertulliano
1223 3421 1687 3499 „Neoptolemus
1733 3420 2062 3499 tragoedus
2106 3422 2271 3499 apud
2302 3423 2619 3483 Rhoiteum

374 3526 595 3603 Trojse
626 3526 968 3603 sepulcrum
1000 3525 1204 3604 Ajacis
1252 3525 1510 3586 monitus
1538 3526 1600 3584 iu
1632 3525 1855 3584 somnis
1897 3523 1970 3585 ab
2002 3526 2132 3603 ipso
2177 3526 2356 3586 ruina
2385 3525 2619 3603 liberat,

377 3632 436 3687 et
481 3646 615 3688 cum
667 3628 931 3705 lapidum
978 3628 1147 3689 senia
1191 3627 1439 3706 deponit
1483 3628 1649 3688 dives
1694 3627 1833 3688 iude
1878 3645 2026 3687 auro
2071 3626 2269 3688 redit.“
2356 3627 2451 3700 (A.
2496 3632 2618 3690 335

377 3729 721 3791 Alexander
791 3732 1035 3790 heroum
1102 3730 1503 3807 Trojanorum
1566 3730 1838 3790 manibus
1898 3747 2071 3791 sacra
2132 3729 2317 3803 fecit).
2427 3730 2618 3804 Quam

376 3834 885 3894 narratiunculam
943 3833 1351 3893 Tertullianus
1411 3834 1608 3905 affert,
1668 3833 1767 3892 ubi
1825 3837 1892 3892 ut
1952 3833 2249 3911 exemplis
2311 3832 2622 3894 confirmet

381 3953 527 4013 „per
571 3937 834 4013 quietem
884 3936 1145 3996 revelari
1191 3937 1453 4010 honores
1497 3941 1556 3995 et
1598 3937 1856 4011 ingenia,
1900 3937 2191 4013 praestari
2237 3940 2297 3996 et
2338 3934 2621 3996 medellas

374 4038 548 4115 prodi
587 4043 653 4098 et
697 4037 873 4109 furta,
933 4036 1198 4098 conferri
1241 4043 1300 4097 et
1344 4036 1721 4113 thesauros‘·,
1784 4037 2037 4097 fabellas
2099 4036 2421 4098 nonnullas
2476 4056 2618 4097 enu-

376 4145 590 4218 merat,
648 4140 818 4201 velut
884 4141 1289 4217 „Leonymum
1357 4143 1577 4217 pycten
1636 4138 1711 4198 ab
1756 4138 1992 4199 Achille
2038 4143 2312 4199 curatum
2371 4156 2501 4199 esse
2557 4140 2619 4198 in

374 4245 622 4314 somnis,
684 4260 967 4303 coronam
1030 4260 1271 4302 auream
1335 4260 1467 4301 cum
1527 4260 1602 4301 cx
1666 4259 1804 4301 arce
1864 4241 2140 4301 Athenae
2199 4240 2621 4320 perdidissent,
