3166 4871
1089 270 1174 325 De
1211 270 1414 325 nomin.
1450 271 1506 324 in
1540 288 1706 335 -αιος,
1776 272 1809 340 ς
1846 275 1928 324 76.
2507 276 2623 336 ‘221

389 446 444 521 l,
486 442 567 502 9³
616 436 702 505 τὰ
747 441 816 506 δὲ
862 442 1016 524 περὶ
1062 438 1185 526 τὴν
1228 436 1546 527 πρύμναν
1589 437 1990 526 προύχοντα
2025 437 2197 524 ξύλα
2240 438 2633 525 περιτόναια

381 548 712 608 καλεῖται.
811 550 885 610 ib.
933 547 1013 607 92
1079 541 1162 610 τὰ
1228 544 1296 609 δὲ
1351 544 1651 629 ’συνέχον
1715 537 1992 609 ἄνωθεν
2058 540 2413 628 ἑκατέρους
2474 541 2635 621 τούς

376 646 652 728 τοίχους
713 642 1150 739 περιτόναιον
1210 650 1528 712 καλεῖται.
1637 652 1724 714 Cf.
1784 654 2007 715 Graser
2066 654 2141 714 de
2198 656 2316 713 vet.
2376 672 2441 713 re
2501 672 2636 714 nav.

384 775 449 833 p.
493 751 575 811 79
606 772 697 831 sq.
1539 834 1546 841 Ι

557 843 1128 936 ὕπερτόναιον.
1214 844 1676 935 ,ξΥπερτόναια
1734 858 1770 918 i.
1801 878 1858 935 q.
1920 844 2285 936 ὑπέρθυρα
2344 875 2437 934 ap.
2491 856 2638 918 Poll.

385 956 448 1036 7,
495 955 634 1019 122.
677 960 861 1020 Inscr.
921 959 995 1020 de
1056 960 1295 1019 munim.
1341 961 1559 1020 Athen.
1604 980 1661 1038 p.
1709 958 1787 1018 34
1851 960 1942 1020 cd.
1990 959 2231 1019 muller:
2296 943 2638 1038 Ἐπιθήσει
2704 1019 2713 1025 ,

380 1062 556 1133 (ταῖς
601 1056 858 1140 θυρίσι)
913 1050 1328 1141 ὑπερτόναια
1383 1052 1626 1138 ξύλινα
1679 1052 2042 1141 γομφώσας
2087 1050 2385 1141 ὁιὰτοιχα
2427 1050 2638 1140 πάχος

381 1171 752 1242 στοιχιαῑα,
809 1162 1020 1244 μῆκος
1073 1152 1474 1225 όκτώποόα·
1533 1152 1873 1244 ὑποθήσει
1931 1160 2003 1224 di:
2050 1159 2161 1223 καὶ
2205 1154 2454 1237 κύβους
2495 1171 2639 1235 τοῖς

383 1255 884 1345 ὑπερτοναίοις.
974 1270 1124 1330 Sunt
1179 1268 1346 1346 ligna
1406 1286 1593 1347 snpra
1636 1269 1836 1329 lumen
1885 1262 2287 1329 fenestrarum
2330 1285 2641 1345 suspensa,

381 1371 746 1447 quibuscum
794 1372 1008 1431 Muller
1051 1390 1109 1448 p.
1157 1368 1236 1429 53
1298 1374 1608 1448 comparat
1667 1360 2095 1429 διατόναια
2152 1365 2476 1450 τοξοειδῆ,
2520 1370 2556 1429 i.
2589 1389 2639 1430 e.

381 1474 557 1551 tigna
597 1475 660 1534 in
704 1493 885 1535 arcus
930 1476 1188 1551 speciem
1236 1492 1420 1551 snpra
1463 1492 1675 1534 oecnm
1734 1478 1980 1535 extensa
2026 1473 2236 1535 Callix.
2283 1458 2376 1552 ap.
2422 1474 2641 1533 Athen.

383 1575 449 1653 ἴ),
491 1595 553 1653 p.
582 1570 759 1636 205“.
804 1578 981 1637 Dind.

562 1673 905 1771 τριβαὶα.
989 1680 1122 1740 Hoc
1167 1679 1461 1740 vocabulo
1507 1685 1601 1739 ter
1647 1681 1834 1739 utitur
1864 1678 2077 1741 Suidas
2121 1678 2197 1738 ad
2242 1680 2640 1755 interpretan-

383 1781 536 1841 dum
581 1774 756 1860 ἴγδη,
811 1775 1150 1854 θυείδιον,
1207 1765 1483 1859 ὕπερον.
1573 1781 1883 1859 Significat
1924 1783 2108 1858 igitur
2151 1782 2249 1841 vel
2296 1780 2639 1842 mortarium

384 1884 493 1944 vel
540 1883 839 1961 pistillum.
924 1884 1134 1962 Itaque
1180 1886 1423 1962 proprie
1469 1884 1713 1945 videtur
1760 1902 1889 1945 esse
1935 1886 1970 1944 i.
2000 1904 2057 1961 q.
2100 1872 2141 1962 ἡ
2188 1877 2529 1962 τρίβουσα.

565 2084 673 2149 76.
764 2095 1159 2169 τροπαῖος
1220 2089 1418 2150 activa
1477 2089 1911 2168 significatione
1971 2088 2265 2167 fugantis,
2322 2084 2448 2147 τοῦ
2482 2069 2643 2166 ’τρέ-

385 2209 647 2263 ποντος
692 2182 859 2263 τούς
902 2187 1286 2271 πολεμίους,
1327 2194 1486 2253 Iovis
1527 2198 1588 2252 et
1616 2193 1885 2268 Neptuni
1916 2210 2244 2267 cognomen
2291 2194 2399 2251 est.
2470 2192 2647 2252 Hanc

389 2296 573 2355 huius
617 2295 992 2372 cognominis
1036 2313 1167 2354 esse
1211 2296 1347 2372 vim,
1392 2312 1591 2372 neque
1619 2294 1963 2372 significare
1994 2312 2126 2354 cum
2160 2294 2262 2370 qui
2308 2290 2391 2370 τῇ
2426 2290 2646 2372 τροπῇ

385 2404 659 2477 praeest,
728 2399 1043 2475 genetivus
1114 2397 1316 2475 arguit
1387 2416 1516 2458 cum
1588 2415 1660 2458 eo
1729 2396 2118 2475 conjunctae.
2192 2397 2334 2457 Eur.
2387 2397 2475 2457 El.
2521 2393 2638 2454 671

379 2492 454 2560 Ὠ
501 2499 774 2560 Ζεῦ..
824 2485 1410 2579 τροπα1’ἐχθρῶν
1455 2493 1655 2578 ἐμῶν.
1745 2501 1993 2562 Heracl.
2011 2496 2135 2556 403
2191 2497 2647 2580 θυηπολεϊται

388 2588 454 2662 δ’
500 2590 668 2662 ἄστυ
710 2592 1023 2681 μάντεων
1069 2587 1203 2662 ἱ’πο
1235 2592 1529 2681 τροπαῖά
1570 2586 1630 2661 τ’
1661 2595 1931 2680 ἐχθρῶν
1965 2597 2073 2660 καὶ
2107 2592 2302 2660 πόλει
2333 2613 2648 2680 σωτηρια,

386 2724 475 2767 sc.
565 2695 1082 2786 θυηποληματα,
1127 2707 1347 2784 quibus
1392 2707 1596 2766 hostes
1639 2705 1947 2782 fugentur,
2007 2705 2147 2765 urbs
2192 2710 2484 2766 servetur.
2556 2705 2647 2764 El.

389 2805 546 2885 469,
575 2810 675 2869 nbi
705 2829 815 2888 pro
832 2795 1149 2887 Ἕκτορος
1181 2795 1424 2886 ὄμμασι
1455 2802 1810 2886 τροπαίοις
1840 2807 2188 2886 recipienda
2218 2813 2308 2868 est
2337 2806 2651 2884 ingeniosa

391 2912 597 2971 Weilii
642 2912 992 2989 conjectura
1019 2896 1336 2991 Ἕκτορος
1381 2897 1557 2988 ὄμμα
1614 2916 1978 2988 τροπαῖον,
2038 2928 2155 2969 vue
2208 2911 2309 2985 qni
2364 2910 2473 2969 fait
2527 2908 2650 2968 fuir

391 3015 642 3074 Hector.
683 3043 770 3055 —
814 3019 1214 3092 τροπαῖον
1258 3032 1444 3090 supra
1473 3033 1530 3091 p.
1568 3009 1687 3070 162
1722 3012 1976 3072 vidimus
2006 3012 2250 3073 Graecis
2281 3011 2649 3088 significasse

389 3107 476 3175 τὸ
528 3109 640 3175 ἐπὶ
683 3114 900 3195 τροπῇ
947 3111 1218 3176 σταθέν.
1309 3116 1426 3178 Sed
1485 3115 1649 3175 haud
1696 3117 1821 3175 scio
1866 3113 1943 3173 im
1989 3116 2263 3191 primitus
2309 3113 2489 3174 fuerit
2535 3115 2648 3190 sig-

394 3239 544 3280 nnm
591 3217 687 3278 dei
731 3214 1090 3299 τροπαίου,
1135 3224 1195 3279 et
1238 3220 1315 3279 ab
1362 3220 1475 3279 hoc
1522 3237 1740 3278 nomen
1787 3218 2103 3293 acceperit.
2180 3215 2478 3284 ,Conscras
2510 3217 2650 3276 Eur.

393 3323 627 3390 Rhoen.
681 3320 830 3380 1251
899 3306 1004 3382 Ἑν
1061 3323 1168 3381 σοὶ
1229 3311 1477 3400 Ζηνὸς
1533 3306 1841 3398 ὀρθῶσαι
1899 3313 2181 3399 βρέτας
2235 3324 2645 3397 τροπαῖον.

407 3421 567 3481 1473
621 3417 699 3484 Οἱ
741 3420 864 3503 μὲν
925 3414 1108 3494 Διὸς
1168 3429 1563 3503 τροπαῖον
1626 3416 1908 3482 ἵστασαν
1965 3416 2245 3501 βρέτας
2288 3418 2645 3499 Supp1.647

397 3524 560 3598 Πῶς
631 3518 758 3607 γὰρ
836 3533 1177 3607 τροπαῖα
1244 3516 1491 3605 Ζηνὸς
1562 3519 1820 3603 Αἰγέως
1892 3514 2095 3595 τόκος
2167 3516 2444 3604 ἔστησεν
2516 3543 2649 3584 cnm

397 3631 639 3691 Hei-acl.
685 3628 809 3689 936
868 3625 1146 3710 βρέτας
1204 3619 1384 3698 Διὸς
1441 3622 1855 3707 τροπαίου.
1941 3628 2139 3688 Schol.
2183 3628 2409 3688 Phoen.
2458 3624 2650 3687 1251:

397 3719 501 3796 Ἐν
547 3728 656 3794 σοὶ
701 3739 915 3793 κεῖται
961 3717 1358 3812 α’νορθιῦσαι
1400 3721 1480 3790 τὸ
1527 3724 1817 3790 εἴδωλον
1861 3720 1941 3790 τὸ
1986 3720 2410 3812 νικητήριον·
2466 3723 2540 3789 οἵ
2577 3747 2647 3808 γε

400 3835 730 3908 νικῶντες
774 3830 1065 3910 εἴδωλον
1110 3828 1393 3894 ἵστασαν
1436 3831 1559 3893 τοῦ
1619 3824 1789 3904 Διός.
1832 3864 1919 3875 -
1964 3823 2500 3913 Ζηνὸς-βρέτας]
2569 3822 2652 3890 Τὸ

404 3935 691 4001 εἴδωλον
735 3937 862 3998 τοῦ
908 3928 1081 4012 Διός,
1124 3925 1164 4018 ἢ
1198 3923 1415 4007 αὐτὸς
1455 3924 1498 3995 ὁ
1540 3926 1720 4007 Ζεύς.
1753 3967 1839 3978 --
1872 3926 2222 3996 Εἶιόθασιν
2268 3927 2333 3994 οἱ
2378 3933 2654 3994 παλαιοι

402 4029 516 4105 τεὸ
562 4038 811 4103 ἐνίκων
840 4047 1176 4120 τροπαῖον
1206 4026 1486 4101 ανιστᾶν
1516 4036 1690 4098 θεοῦ
1723 4056 1909 4109 τινος
1940 4032 2243 4111 ειδωλον,
2290 4034 2653 4106 καλοῦντες

405 4146 656 4208 τοῦτον
704 4158 1057 4225 σωτηριον.

576 4235 1132 4326 αποτρόπαιος
1189 4251 1493 4325 avertem,
1554 4252 1615 4306 et
1672 4245 2103 4306 abhorrendus-3.
2166 4238 2315 4301 θεοὶ
2363 4223 2651 4319 αποτρό-
