3166 4871
551 238 675 302 394

548 414 649 492 qui
714 415 931 491 Gajnm
990 413 1300 474 commoda
1361 414 1644 474 emeritae
1699 414 1937 475 militiae
2001 415 2076 475 ad
2123 419 2528 477 sescentorum
2575 418 2796 479 milium

547 536 832 577 summam
888 517 1167 577 recidisse
1228 519 1431 577 narrat
1452 513 1525 588 ¹⁵)
1541 560 1558 593 ,
1621 516 1780 576 unde
1845 535 1974 576 eam
2037 522 2217 578 autea
2269 519 2590 597 octingena
2633 522 2797 581 milia

545 621 643 681 vel
691 619 890 680 decies
935 620 1274 679 sestertium
1321 618 1510 678 fuisse
1556 618 1826 696 colligas.

722 725 894 783 Hanc
940 740 1224 782 summam
1272 722 1455 799 igitur
1499 739 1709 782 omnes
1757 721 2166 801 accipiebant,
2230 724 2333 799 qui
2395 724 2456 783 in
2522 723 2790 785 ordinem

545 826 992 905 primipilarium
1062 824 1507 901 recipiebantur
1530 820 1632 895 ¹⁰);
1710 843 1821 884 nec
1897 842 2043 885 vero
2128 826 2242 884 hoc
2307 827 2438 886 solo
2506 825 2791 887 beneficio

543 931 737 991 affecti
783 946 914 988 esse
959 927 1241 986 videntur
1301 926 1732 1003 primipilares‚
1792 926 1895 987 sed
1962 928 2094 986 aliis
2153 944 2399 1005 quoque
2461 929 2791 1006 privilegiis

544 1033 844 1108 exornati3
920 1030 1139 1089 tradita
1183 1032 1274 1088 est
1315 1028 1444 1087 sola
1517 1031 1791 1098 „vacatio
1852 1048 1888 1088 a
1946 1028 2172 1089 tutela“
2250 1049 2405 1106 quae
2461 1032 2535 1091 iis
2595 1032 2671 1091 ob
2729 1032 2787 1092 id

541 1138 762 1213 ipsum,
824 1132 987 1211 quod
1033 1131 1429 1210 primipilares
1489 1137 1645 1202 sunt,
1710 1150 1746 1190 a
1793 1132 1946 1192 Divo
2009 1132 2317 1193 Hadriano
2379 1133 2505 1193 dari
2570 1138 2783 1210 coepta

543 1243 636 1299 est
657 1235 750 1310 ¹⁷).

714 1339 869 1412 Quid
938 1339 1143 1397 mirum
1211 1336 1392 1413 igitur
1437 1337 1495 1395 in
1541 1336 1646 1395 tali
1693 1336 2086 1413 amplitudine
2132 1337 2560 1413 praemiorum,
2625 1337 2786 1414 quod
2891 1343 2895 1347 *

542 1443 689 1503 ordo
756 1440 1206 1519 primipilarium
1278 1439 1507 1514 magnis
1574 1438 1797 1497 divitiis
1862 1438 2142 1509 florebat,
2216 1440 2297 1498 ita
2359 1443 2427 1498 ut
2491 1439 2783 1500 nonnulla

541 1550 776 1607 exstent
820 1543 1093 1620 exempla
1139 1541 1541 1611 donationum,
1588 1557 1744 1618 quae
1788 1529 2321 1619 a‘primipilaribus
2351 1542 2427 1602 ad
2461 1542 2785 1620 municipia

540 1648 992 1708 redundabant:

714 1747 774 1822 1)
821 1752 885 1809 P.
931 1748 1209 1825 Magnius
1256 1745 1568 1806 Amandus
1629 1748 1693 1806 P.
1740 1748 1804 1806 P.
1865 1746 2021 1807 inter
2078 1747 2639 1824 quinquennalicios
2681 1747 2782 1807 ad-

537 1855 726 1915 lectus
786 1856 1029 1931 praeter
1090 1868 1376 1910 summam
1422 1850 1801 1909 honorariam
1856 1849 2093 1909 flamoni
2141 1869 2196 1927 p.
2243 1868 2299 1926 p.
2345 1854 2404 1909 et
2447 1850 2778 1928 quinquen-

538 1957 801 2017 nalitatis
846 1955 1103 2030 amplius
1167 1954 1285 2013 HS
1312 1953 1436 2012 LN
1486 1952 1698 2012 obtulit
1742 1957 1853 2012 etc.
1910 1953 2069 2030 (lego
2115 1971 2245 2012 cum
2296 1953 2685 2013 Wilmannsio
2729 1933 2782 2013 i]

537 2058 976 2138 quinquaginta
1022 2052 1224 2127 milia.)
1315 2055 1535 2122 (Wilm.
1585 2055 1837 2132 exempl.
1881 2056 2057 2115 inser.
2103 2056 2200 2114 iat.
2245 2053 2409 2121 688.)

709 2158 770 2236 2)
817 2162 881 2220 Ρ.
929 2159 1192 2219 Minnius
1236 2201 1250 2215 .
1282 2201 1296 2216 .
1342 2158 1471 2216 vias
1533 2158 1694 2217 circa
1760 2157 1966 2217 aedem
2031 2159 2336 2216 Minervae
2401 2157 2598 2235 lapide
2655 2161 2780 2218 tur-

535 2266 739 2326 binato
786 2263 972 2323 sterni
1009 2261 1206 2338 Jussit.
1295 2258 1496 2338 (Corp.
1560 2261 1606 2318 Ι.
1649 2260 1777 2318 Lat.
1826 2261 1876 2320 V
1927 2264 2114 2331 1892,
2174 2277 2362 2338 prope
2409 2261 2519 2320 col.
2565 2260 2775 2321 Iuliam

535 2364 928 2427 Concordiam
976 2365 1118 2440 Reg.
1165 2363 1235 2421 X.
1313 2363 1578 2422 Momms.
1627 2359 1808 2434 cont.)
1864 2363 1941 2421 cs.
1985 2363 2045 2424 C.
2080 2364 2123 2422 1.
2152 2363 2221 2422 L.
2253 2364 2321 2422 V.
2363 2366 2545 2424 6513.

704 2471 876 2529 Duae
937 2485 1084 2527 vero
1151 2484 1246 2526 res
1303 2484 1378 2526 ex
1424 2466 1766 2543 ingentibus
1812 2468 2261 2545 primipilarium
2309 2467 2630 2527 commodis
2675 2484 2772 2527 ne·

532 2573 793 2634 cessario
825 2569 1349 2645 consequebantur
1393 2565 1453 2640 1)
1483 2574 1551 2628 nt
1579 2569 1734 2629 inter
1765 2570 2147 2630 centuriones
2177 2587 2467 2630 summum
2499 2572 2775 2630 oreretur

530 2674 791 2736 studium
831 2673 1102 2733 altiorem
1136 2670 1388 2749 gradum
1420 2671 1792 2732 ascendendi
1821 2676 1882 2731 et
1909 2672 2227 2733 aemulatio
2261 2690 2403 2733 vere
2433 2672 2772 2750 perniciosa

705 2944 767 3008 ιε)
802 2939 1027 2994 Sueten.
1065 2937 1244 3010 Gajus
1269 2941 1364 3005 443
1399 2935 1630 3006 Lipsius
1654 2936 1909 2992 Suetonii
1946 2938 2123 2992 verba
2159 2937 2478 3000 „commoda
2513 2937 2771 2991 emeritae

528 3025 786 3080 miiitiae“
814 3025 885 3078 ad
913 3023 1157 3093 praemia
1178 3028 1562 3077 veteranorum
1590 3019 1760 3077 refert
1783 3028 2195 3093 proptereaque
2218 3038 2321 3092 pro
2357 3028 2769 3086 „sescentorum

528 3111 767 3165 milium⁴⁶
806 3125 905 3164 sex
940 3108 1150 3162 milium
1189 3107 1412 3175 scribit3
1449 3122 1593 3175 quae
1631 3107 1797 3162 lectio
1821 3122 1855 3160 a
1882 3107 2167 3177 plerisque
2201 3108 2512 3163 editoribus
2545 3114 2770 3176 recepta

527 3202 642 3251 est:
696 3210 784 3250 me
819 3194 1190 3248 Mommsenus
1242 3207 1315 3246 ue
1363 3198 1448 3246 tot
1493 3194 1737 3248 virorum
1788 3194 2077 3247 doctorum
2125 3195 2377 3263 exemplo
2422 3195 2478 3247 in
2529 3193 2768 3247 eundem

526 3297 767 3336 errorem
804 3281 1121 3347 inducet-cr,
1157 3278 1471 3345 admonuit3
1530 3294 1596 3332 ac
1635 3277 1887 3347 profecto
1927 3279 2101 3333 totius
2137 3280 2246 3334 loci
2283 3286 2602 3335 contextum
2640 3294 2769 3334 con-

526 3366 910 3421 siderantibus
936 3364 1096 3419 nobis
1123 3364 1194 3417 dc
1218 3362 1521 3418 commodis
1546 3363 1930 3417 centurionum
1951 3364 2372 3435 primipilorum,
2398 3364 2492 3433 qui
2519 3364 2767 3433 proxime

526 3458 692 3506 antea
735 3456 1120 3515 memorantur,
1156 3449 1266 3503 dici
1300 3449 1549 3517 videtur3
1609 3449 1668 3502 id
1704 3450 1752 3503 si
1788 3448 1869 3503 ita
1904 3455 2012 3517 est,
2058 3449 2314 3504 codicum
2348 3449 2526 3520 'lectio
2558 3451 2768 3519 optime

525 3536 738 3592 servari
784 3540 1002 3605 potest3
1060 3549 1184 3588 nam
1231 3540 1483 3589 sescenta
1527 3534 1705 3603 milia,
1765 3535 2020 3603 quamvis
2076 3536 2278 3605 ingens
2323 3536 2399 3591 sit
2443 3536 2766 3605 praemium,

524 3627 709 3676 tamen
755 3635 865 3676 non
902 3621 1082 3692 majus
1119 3634 1283 3689 quam
1322 3618 1474 3688 quod
1509 3619 1814 3673 secuudum
1852 3619 2081 3675 eximias
2117 3622 2405 3689 poetarum
2441 3621 2636 3675 laudes
2673 3635 2765 3675 ex-

524 3713 783 3775 spectare
819 3705 1119 3775 possimus.

700 3794 764 3859 ¹⁶)
797 3790 1095 3845 Poetarum
1132 3790 1329 3844 laudes
1378 3778 1622 3844 adhaec
1658 3790 1901 3858 praemia
1933 3790 1991 3843 in
2031 3792 2294 3845 missione
2331 3792 2463 3846 data
2498 3798 2647 3847 recte
2682 3806 2765 3847 re-

522 3876 653 3932 ferri
689 3892 860 3946 supra
894 3877 1308 3930 demonstrasse
1346 3875 1476 3928 mihi
1514 3874 1740 3943 videor3
1802 3881 1952 3928 errat
1996 3876 2168 3944 igitur
2201 3876 2464 3932 Kuhnius
2500 3893 2624 3931 cum
2662 3877 2763 3931 bas

524 3961 718 4016 laudes
763 3961 834 4015 ad
878 3961 1165 4015 commoda
1211 3959 1613 4029 primipilorum
1651 3974 1718 4013 ex
1757 3959 1946 4015 officio
1984 3975 2173 4015 eorum
2212 3960 2636 4017 distribuendae
2672 3978 2764 4016 an-

523 4060 701 4100 nonae
737 4042 992 4114 profecta
1028 4050 1285 4114 spectare
1323 4045 1661 4113 suspicetur.
1731 4075 1798 4085 -
1869 4044 2059 4115 Kuhn‚
2095 4047 2187 4101 die
2221 4047 2389 4101 stiidt.
2425 4062 2479 4102 u.
2517 4048 2761 4117 burgerl.

415 4178 424 4186 .
523 4129 870 4199 Verfassung
904 4132 1004 4186 des
1040 4135 1172 4186 rom.
1212 4129 1445 4199 Reichs3
1501 4130 1607 4185 Bd.
1645 4130 1685 4185 I.
1723 4145 1778 4199 p.
1819 4135 1931 4185 170.

696 4219 759 4283 ¹⁷)
793 4217 1008 4286 Fragm.
1045 4217 1375 4272 Vaticanum
1413 4216 1464 4270 d.
1501 4216 1686 4271 donat.
1722 4217 1755 4286 ξ
1795 4219 1906 4270 141.
1976 4215 2048 4271 cf.
2085 4234 2138 4286 p.
2178 4223 2224 4272 7.
