3166 4871
551 317 669 378 176
1167 364 1180 383 ,
1538 308 1802 377 Zneher

541 490 839 569 significet
884 509 1018 552 eum
1064 492 1169 569 qni
1213 497 1590 552 mercaturae
1635 496 1906 570 praeest,
1947 494 2146 552 tamen
2193 492 2270 552 ad
2316 481 2636 571 ἐμπολάω
2681 512 2789 572 po·

539 595 660 654 tius
716 592 1119 654 revocandum
1176 611 1310 654 esse
1369 597 1429 653 et
1485 594 1682 671 ipsum
1744 597 2130 653 mercatorem
2176 594 2516 671 significare
2560 595 2789 657 Aristo·

541 697 753 776 phanis
805 698 970 757 loeus
1015 695 1384 756 demonstrat
1426 696 1586 755 Plut.
1622 693 1814 755 1155:
1872 680 2018 754 ἀλλ’
2062 689 2433 774 ἐμπολαῖον
2490 687 2788 775 (ἱδρύσα-

539 794 612 859 τέ
652 796 777 877 με).
821 829 909 839 -
953 783 1147 857 Ἀλλὰ
1188 793 1657 876 πλουτοῦμεν·
1705 792 1772 855 τί
1817 777 1942 856 οὖν
1977 786 2222 878 Ἑρμῆν
2265 789 2791 880 παλιγκάπηλον

538 903 725 980 (quod
782 901 1138 961 vocabulum
1195 900 1356 960 illine
1417 891 1794 977 ἐμπολαῖον
1851 919 2251 978 synonymum
2311 920 2442 963 esse
2501 902 2789 981 apparet)

533 994 699 1086 ἡμᾶς
729 999 832 1063 δεῖ
856 996 1127 1083 τρέφειν
1138 1021 1160 1074 ,·
1189 1002 1387 1063 Sehol.
1410 1003 1672 1079 explieat
1702 995 2101 1081 ἐμπολαῖον·
2132 994 2671 1085 πραγματευτήν.
2702 1037 2791 1046 -

537 1097 822 1187 πρᾴτην.
2298 1112 2311 1122 ’

707 1203 1144 1280 σπουδαῖος
1187 1208 1260 1268 ef.
1303 1226 1492 1285 snpra
1533 1227 1593 1286 p.
1632 1205 1769 1269 161.

714 1309 1091 1390 σχολαῖος
1119 1311 1151 1372 ⁴?
1182 1310 1254 1371 ef.
1299 1329 1486 1390 snpra
1530 1331 1590 1389 p.
1627 1307 1764 1370 161.

705 1413 1174 1485 τελευταῖος
1202 1413 1235 1474 Ρ
1266 1411 1342 1473 of.
1386 1431 1575 1489 supra
1619 1433 1676 1491 p.
1712 1409 1849 1473 162.

1609 1577 1719 1643 1v.

676 1734 783 1802 De
828 1730 1195 1800 vocabulis
1242 1731 1320 1796 in
1366 1754 1510 1807 αιος
1557 1750 1600 1796 a
1643 1731 1998 1814 stirpibus
2042 1732 2120 1798 in
2166 1754 2204 1796 ο
2250 1730 2622 1800 derivatis·

757 1873 802 1937 1.
888 1870 1058 1954 Quae
1100 1886 1141 1936 a
1183 1868 1585 1937 substantivis
1628 1872 1720 1936 vei
1765 1867 2081 1950 adjectivis
2124 1869 2541 1938 declinationis

1280 1971 1587 2040 secundae
1630 1971 2024 2040 doeoendunt.

697 2108 813 2175 68.
903 2098 1232 2192 ἄκρατος
1275 2138 1357 2159 =
1403 2099 1609 2192 ἄκρος
1652 2114 1865 2176 Galen.

698 2201 1134 2294 ἄμολγαῖος
1178 2216 1326 2276 Hed.
1356 2215 1468 2292 Op.
1509 2211 1633 2273 589
1676 2213 1850 2293 μᾶζα
1892 2200 1952 2274 τ’
1997 2200 2340 2296 ἀμολγαίη.
2414 2215 2599 2277 Leon.
2628 2217 2774 2277 Tar.

527 2319 703 2380 Anth.
736 2317 792 2395 7,
821 2314 963 2392 657,
1015 2316 1088 2374 10
1135 2302 1504 2395 ἀμολγαῖον
1557 2308 1817 2395 μαστὸν
1868 2302 2337 2395 ἀνασχόμενος.
2444 2319 2535 2378 De
2594 2318 2776 2379 huius

526 2422 690 2483 vocis
721 2419 1149 2498 significatione
1180 2424 1239 2480 et
1266 2420 1599 2498 veriloquio
1630 2421 2018 2481 vehementer
2049 2420 2410 2481 dissentiunt
2438 2421 2551 2481 viri
2590 2421 2774 2482 doeti.

527 2525 798 2584 Fuerunt
829 2527 890 2584 et
920 2528 1152 2582 veteres
1182 2526 1243 2583 et
1265 2518 1559 2601 tecente&
1589 2522 1691 2600 qni
1712 2520 1929 2601 μᾶζαν
1953 2507 2328 2603 α’μολγαὶην
2350 2541 2479 2583 esse
2501 2524 2777 2584 dieerent

525 2627 622 2686 vel
653 2644 937 2685 caseum
971 2626 1067 2685 vel
1106 2643 1366 2702 panem
1399 2627 1616 2686 multo
1650 2643 1803 2685 eum
1848 2625 2045 2686 laete
2087 2626 2384 2686 mistum.
2470 2625 2591 2687 Sed
2622 2626 2773 2686 haec

524 2728 877 2806 significatio
923 2727 1221 2788 vocabulo
1267 2745 1401 2788 esse
1456 2747 1574 2789 non
1621 2731 1844 2806 potest,
1900 2728 2012 2787 nisi
2056 2728 2106 2788 si
2152 2728 2487 2789 derivatum
2533 2733 2693 2789 esset
2737 2747 2774 2788 a

525 2829 819 2891 vocabulo
866 2831 1070 2890 neseio
1119 2848 1236 2906 quo
1285 2814 1577 2909 α’μολγός
1621 2830 1714 2890 lae
1758 2829 2150 2908 significante,
2195 2831 2367 2891 enine
2412 2831 2640 2890 nullum
2671 2849 2772 2892 ex·

523 2939 641 2994 stat
681 2933 1021 3010 vestigium.
1112 2932 1213 2993 Sin
1259 2916 1622 3011 ἀμολγαῖος
1667 2934 1743 2993 ab
1790 2916 2056 3010 ἄμέλγω
2101 2932 2234 3010 ipso
2280 2932 2615 2992 derivatum
2664 2938 2772 3011 est,

523 3055 598 3096 ex
645 3038 983 3096 ceterorum
1028 3033 1088 3094 id
1135 3052 1326 3112 genus
1370 3035 1815 3112 vocabulorum,
1857 3034 1934 3095 de
1981 3034 2200 3113 quibus
2242 3033 2403 3095 infra
2446 3034 2483 3105 ξ
2528 3032 2608 3092 70
2639 3053 2770 3113 sqq.

522 3142 759 3216 agetur,
819 3137 1097 3215 analogia
1155 3137 1491 3215 significare
1552 3157 1672 3197 non
1731 3140 1933 3215 potest
1991 3136 2104 3198 nisi
2148 3138 2246 3197 vel
2305 3137 2605 3216 mulgeas,
2668 3137 2767 3197 vel

523 3240 745 3300 mnlsus
809 3240 909 3300 vel
978 3238 1053 3298 ad
1130 3240 1514 3317 mulgendnm
1580 3244 1773 3317 aptus.
1876 3240 2044 3300 Haeo
2111 3240 2293 3317 igitur
2352 3239 2771 3317 interpretatio

524 3341 814 3402 mittenda
857 3346 965 3401 est.
1051 3341 1262 3418 Aente,
1305 3344 1371 3401 ut
1425 3341 1603 3418 solet,
1661 3342 2141 3401 Buttmannus
2199 3340 2276 3400 de
2319 3341 2433 3401 hoe
2476 3342 2771 3401 vocabulo

519 3444 642 3521 egit
701 3442 892 3503 Lexil.
935 3443 1018 3520 11,
1065 3440 1144 3499 44
1175 3461 1260 3518 sq.
1350 3443 1466 3517 Qui
1524 3443 1841 3521 profeetus
1900 3443 1975 3503 ab
2020 3443 2315 3504 Eustathii
2361 3443 2522 3522 loeo,
2578 3443 2656 3504 ad
2703 3444 2770 3504 11.

519 3601 730 3671 ταμίαν
767 3595 911 3658 εἶναι
952 3607 1069 3658 τῶν
1105 3607 1306 3674 ψυχῶν
1329 3601 1430 3659 καὶ
1453 3599 1546 3659 διὰ
1569 3609 1747 3660 τοῦτο
1772 3609 2069 3674 πομπαῖον
2092 3599 2377 3674 λέγεσθαι
2400 3603 2501 3661 καὶ
2523 3608 2771 3661 πυλαῖον

516 3686 618 3744 καὶ
648 3683 924 3759 χθόνιον)
955 3704 1058 3759 pro
1094 3692 1338 3744 πυλαῖον
1374 3689 1545 3744 sex-ibi
1580 3690 1741 3745 iubet
1777 3684 2096 3756 ἐμπολαῖον
2144 3691 2327 3761 „qnod
2364 3706 2565 3745 nomen
2599 3691 2769 3748 facile

515 3774 778 3830 adistud
814 3791 1016 3830 munus
1060 3778 1166 3829 τοῦ
1213 3769 1598 3846 ψυχεμπόρου
1646 3775 2045 3830 accommodari
2092 3781 2310 3845 potest,
2356 3779 2597 3842 πυλαῖος
2642 3777 2769 3831 sive

515 3857 757 3925 πύλαιος
790 3859 945 3915 nullo
980 3859 1196 3915 modo.⁴⁸
1269 3859 1465 3915 Potius
1504 3855 1820 3928 ἐμπολαῒος
1842 3868 1975 3930 apta
1997 3867 2152 3916 earet
2174 3861 2606 3931 significatione,
2637 3877 2767 3917 nam

515 3946 822 4001 Mercurius
858 3946 1070 4001 animae
1105 3961 1219 4000 non
1255 3945 1467 4001 vendit.
1539 3947 1793 4013 Πυλαῖος
1826 3947 1979 4016 apud
2000 3946 2214 4003 inferos
2238 3954 2491 4017 vocatur,
2528 3953 2593 4002 nt
2615 3947 2769 4016 apud

515 4032 678 4087 vivos
711 4026 1062 4100 πυληδόκος,
1109 4038 1452 4103 στροφαῖος,
1496 4029 1879 4103 προπύλαιοςε
1919 4032 2133 4103 janitor
2166 4039 2256 4088 eet
2290 4034 2434 4101 Orci,
2471 4039 2531 4088 et
2563 4049 2599 4087 a
2634 4033 2769 4088 Cer·

515 4119 650 4173 bero
683 4133 796 4171 non
833 4117 1114 4186 diversus,
1150 4124 1210 4172 et
1243 4123 1306 4172 ut
1341 4118 1435 4173 ille
1472 4113 1853 4190 τρικέφαλος,·
1886 4134 2000 4173 non
2034 4119 2199 4175 modo
2238 4114 2628 4190 ψυχοπομπός
2662 4118 2769 4174 sed

512 4203 680 4258 etiam
727 4200 933 4271 ταμίας
980 4206 1098 4258 τῶν
1155 4207 1381 4273 ψυχῶν,
1432 4198 1691 4273 χθόνιος.
1780 4203 1992 4259 Preller
2041 4201 2215 4274 Myth.
2269 4220 2323 4273 p.
2360 4209 2476 4258 316.
2566 4202 2769 4259 Mehlis

511 4288 741 4343 Hermes
778 4305 833 4357 p.
863 4293 923 4342 15
950 4304 1035 4357 sq.
