3166 4871
591 251 709 313 128

586 430 698 502 Ag.
746 428 887 485 548.
1091 411 1298 481 πάλαι
1356 408 1434 479 τὸ
1498 419 1693 499 σιγᾶν
1755 406 2115 497 φάρμακον
2169 409 2415 499 βλάβης
2470 412 2619 496 ἔχω.
2681 420 2717 477 i.
2763 438 2826 477 e:

676 532 889 599 „antea
932 526 1244 585 censebam
1291 532 1350 584 et
1405 523 1581 583 etiam
1629 541 1789 582 nunc
1832 540 2050 582 censeo
2096 523 2392 583 silentium
2446 523 2585 581 mali
2641 540 2825 581 reme-

669 629 831 689 dium
904 626 1088 688 esse.“
1218 627 1521 687 Particula
1586 615 1794 684 πάλαι
1857 625 2041 686 verbo
2106 625 2271 685 finito
2337 625 2569 685 adiecta
2632 625 2827 701 gravi-

667 736 849 791 tatem
905 730 1193 790 orationis
1252 730 1626 806 aliquantum
1672 729 1880 804 augeri
1933 735 2215 807 apparet,
2272 727 2592 788 dummodo
2649 726 2823 786 vehe-

670 834 1016 894 mentiorem
1062 833 1242 892 animi
1287 838 1508 892 motum
1556 832 1867 909 respicias,
1913 850 2034 907 quo
2081 831 2320 909 chorus,
2366 862 2445 871 —
2493 831 2622 890 eius
2667 830 2821 889 enim

667 941 809 997 sunt
854 936 1001 995 haec
1046 936 1230 995 verba
1275 965 1355 973 -
1399 935 1652 994 affectus
1697 940 1803 993 est.
1901 935 2113 1010 Itaque
2167 934 2245 993 ad
2290 932 2435 995 Oed.
2482 935 2627 1009 Reg.
2660 935 2821 992 1443

666 1046 828 1098 recte
886 1037 1199 1098 adnotavit
1253 1037 1405 1097 haec
1462 1037 1570 1097 Ed.
1621 1036 1995 1097 Wunderus:
2062 1038 2374 1108 „Ceterum
2434 1025 2641 1093 πάλαι
2704 1053 2822 1094 non

669 1160 805 1201 raro
851 1140 926 1200 de
972 1141 1170 1217 rebuS,
1215 1157 1371 1216 quae
1416 1139 1593 1200 modo
1641 1139 1834 1199 factae
1880 1144 2024 1199 sunt
2067 1140 2167 1208 (cf.
2200 1139 2390 1216 ejusd.
2420 1139 2538 1198 fab.
2569 1157 2624 1197 ν.
2660 1142 2817 1198 1161

666 1231 861 1302 εἷπον
905 1273 991 1282 -
1034 1231 1257 1300 πάλαι.
1306 1243 1394 1301 ΕΙ.
1448 1247 1627 1303 1101.
1692 1240 1878 1314 1477)
1938 1246 2043 1301 aut
2102 1240 2282 1312 fiunt,
2345 1248 2668 1318 usurpatur
2724 1241 2822 1310 ita,

668 1351 735 1406 ut
753 1345 1168 1405 vehementiae
1187 1344 1385 1422 potius
1405 1363 1581 1421 quam
1607 1344 2015 1404 diuturnitatis
2033 1342 2526 1421 significationem
2549 1343 2815 1403 habeat-‘⁴

581 1448 687 1509 Ch.
730 1452 871 1509 464.
1088 1432 1168 1504 τό
1213 1432 1541 1525 μόρσιμον
1583 1440 1768 1523 μένει
1812 1436 2038 1505 πάλαι.

752 1550 942 1610 Etiam
989 1568 1122 1609 cum
1167 1549 1484 1627 participio
1528 1552 1866 1627 praesentis
1912 1548 2270 1626 temporales
2313 1549 2643 1626 particulae
2682 1567 2820 1608 con-

580 1652 818 1712 iunctae
873 1658 1026 1712 sunt.
1116 1650 1231 1711 Sed
1290 1651 1468 1729 longe
1533 1652 1688 1711 alius
1733 1653 1971 1729 generis
2019 1658 2109 1711 est
2161 1651 2308 1710 haec
2351 1651 2622 1710 adverbii
2675 1656 2818 1711 tem-

578 1753 801 1829 poralis
845 1771 978 1813 cum
1023 1754 1336 1830 participio
1383 1755 1719 1831 praesentis
1780 1754 2133 1814 coniunctio.
2233 1755 2403 1813 Mera
2446 1754 2600 1813 enim
2645 1772 2816 1830 prae·

577 1855 739 1916 teriti
810 1856 1096 1933 temporis
1170 1858 1369 1934 notio,
1443 1874 1598 1933 quae
1670 1858 2006 1934 particulae
2080 1856 2182 1915 tali
2254 1856 2557 1933 inhaeret,
2638 1856 2816 1916 etiam

576 1958 890 2036 participio
935 1959 1017 2018 ita
1076 1959 1388 2029 tribuitur,
1451 1964 1518 2019 ut
1574 1978 1693 2019 non
1755 1960 1813 2019 in
1874 1960 2178 2036 praesenti
2235 1959 2343 2019 sed
2386 1960 2448 2017 in
2492 1958 2816 2034 praeterito

573 2068 841 2138 tempore
884 2065 1161 2137 ponatur.

742 2163 946 2223 Pauca
990 2169 1198 2224 extant
1243 2167 1520 2241 exempla
1562 2164 1624 2223 in
1669 2164 1886 2224 fabulis
1931 2164 2302 2240 Aeschyleis.

573 2265 767 2326 Prom.
811 2270 954 2328 443.
1084 2249 1413 2325 ἀκούσαθ’
1459 2251 1549 2336 ὥς
1594 2277 1765 2341 σφας
1813 2261 2094 2346 νηπίους
2139 2252 2339 2336 ὄντας
2382 2256 2461 2325 τὸ
2505 2261 2671 2343 πρὶν

1080 2357 1315 2438 ἔννους
1375 2358 1592 2449 ἔθηκα
1649 2400 1735 2407 —-
1794 2370 1828 2427 i.
1869 2388 1917 2428 e.
1963 2389 2095 2440 eos,
2171 2370 2272 2447 qui
2333 2375 2512 2429 antea
2573 2368 2814 2429 fuerant

656 2471 821 2530 stulti
866 2477 926 2531 et
971 2471 1246 2548 imperiti.
1288 2501 1375 2511 —

568 2573 734 2632 Pers.
777 2575 918 2634 498.
1076 2604 1158 2613 —
1204 2562 1409 2643 θεοὺς
1454 2567 1528 2632 δέ
1571 2591 1671 2644 τις
1716 2563 1796 2632 τὸ
1841 2569 2008 2652 πρὶν
2051 2569 2346 2651 νομίζων
2391 2558 2697 2653 οὐδαμοῦ
2727 2606 2810 2615 -

568 2678 679 2751 Ag.
726 2677 868 2736 650.
1083 2664 1483 2751 ξυνώμοσαν
1525 2663 1672 2755 γὰρ,
1718 2664 1910 2746 ὄντες
1956 2667 2255 2754 ἔχθιστοι
2299 2667 2380 2736 τὸ
2425 2672 2588 2754 πρὶν

1074 2774 1211 2855 πῦρ
1278 2771 1390 2835 καὶ
1461 2768 1771 2838 θάλασσα
1821 2807 1907 2817 —-
1958 2780 1992 2837 i.
2041 2799 2091 2839 e.
2157 2782 2257 2856 qui
2320 2788 2500 2840 antea
2567 2779 2810 2841 fuerant

649 2878 984 2955 gravissimi
1028 2887 1090 2940 et
1134 2880 1498 2940 acerbissimi
1544 2879 1888 2941 adversarii.
1934 2912 2019 2921 —

564 2981 734 3041 Eum.
778 2985 921 3043 462.
1072 2972 1193 3041 τὸν
1238 2971 1374 3061 πρὸ
1417 2978 1541 3041 τοῦ
1589 2968 1862 3061 φεύγων
1903 2973 2177 3062 χρόνον,

1075 3075 1336 3143 ἔκτεινα
1380 3069 1507 3163 τὴν
1550 3081 1912 3158 τεκοῦσαν,
1960 3116 2041 3126 -
2086 3088 2124 3146 i.
2154 3105 2203 3146 e.
2249 3087 2355 3164 qui
2412 3093 2589 3148 antea
2633 3088 2805 3147 exsul

648 3186 894 3247 fueram.
937 3216 1021 3228 --

564 3287 665 3348 Ch.
715 3284 925 3363 55l56.
1073 3284 1266 3362 σέβας
1312 3273 1630 3367 δ’ἄμαχον
1676 3275 2021 3367 ἀδάματον
2066 3275 2410 3368 ἀπόλεμον
2455 3277 2534 3350 τὸ
2581 3287 2746 3371 πρὶν

1071 3376 1156 3449 δι’
1201 3377 1400 3450 ὤτων
1444 3378 1692 3471 φρενός
1736 3412 1808 3453 τε
1856 3387 2090 3472 δαμίας
2132 3402 2460 3474 περαῖνον
2501 3392 2625 3454 νῦν
2655 3379 2803 3472 α’φί-

648 3505 899 3551 σταται.
948 3494 985 3554 i.
1014 3513 1062 3554 e.
1109 3496 1386 3555 maiestas
1432 3496 1534 3555 illa
1579 3497 2090 3576 inexpugnabilis,
2132 3500 2389 3578 invicta,
2434 3519 2553 3559 non
2600 3500 2800 3560 debel-

647 3594 770 3655 lata
815 3596 950 3655 olim
996 3598 1058 3655 in
1120 3597 1365 3656 auribus
1421 3598 1753 3675 animisque
1800 3600 2191 3677 popularibus
2236 3609 2501 3679 versata,
2558 3602 2802 3662 destitit.

645 3696 747 3771 (cf.
791 3698 989 3758 Herm.
1036 3699 1130 3758 ad.
1175 3718 1228 3757 v.
1261 3702 1385 3769 51).

557 3801 670 3878 Ag.
721 3803 860 3861 170.
1072 3785 1230 3859 οὐδὲ
1278 3795 1531 3876 λέξεται
1575 3798 1743 3881 πρὶν
1789 3792 1924 3862 ὤν·

558 3902 689 3962 libri
734 3886 935 3962 ου’ὀὲν
983 3896 1196 3979 λέξαι,
1258 3898 1517 3979 λέξεται
1577 3924 1724 3967 vero
1772 3908 2026 3968 coniecit
2067 3910 2325 3970 Ahrens.
2380 3910 2578 3971 Locus
2622 3913 2800 3973 valde

558 4003 774 4065 dubius
835 4004 1279 4066 difficultatibus
1335 4006 1601 4068 nondum
1666 4009 1959 4087 expeditis
2019 4012 2252 4072 laborat
2315 4011 2415 4086 (cf.
2476 4012 2797 4076 Schneide-

557 4106 695 4167 wini
741 4111 802 4167 et
843 4108 1070 4185 Engeri
1112 4108 1574 4188 adnotationes),
1637 4130 1813 4188 quem
1875 4113 2072 4173 locum
2119 4117 2228 4174 etsi
2302 4114 2414 4174 hac
2477 4115 2553 4176 de
2614 4136 2798 4177 causa

553 4210 615 4268 in
663 4209 856 4269 medio
916 4210 1334 4288 relinquimus,
1395 4222 1592 4272 tamen
1656 4232 1730 4273 ex
1775 4215 1889 4274 illis
1946 4233 2101 4291 quae
2162 4215 2337 4276 modo
2382 4218 2556 4278 attuli
2602 4237 2795 4279 exem-
