3166 4871
579 239 705 303 252
1572 238 1829 294 Zacher

582 398 719 473 ἀπὸ
764 411 882 492 τῆς
927 402 1182 485 λύσεως
1226 413 1351 475 τοῦ
1407 406 1780 496 ῥάμματος·
1839 411 2268 501 προςερράφη
2312 413 2437 501 γὰρ
2482 419 2583 500 τῷ
2636 439 2832 501 μηρῳ

583 512 708 576 τοῦ
755 504 925 586 Διός.
973 502 1013 595 ἢ
1054 507 1240 596 παρὰ
1281 508 1361 578 w*
1409 509 1695 579 λύεσθαι
1738 518 1837 600 τῷ
1869 515 2036 601 οἴνῳ
2062 513 2226 595 τούς
2258 518 2831 602 μεθυσκομένους.

584 622 740 680 Plut.
784 638 885 697 qu.
930 638 1103 681 conv.
1146 622 1193 698 1,
1244 619 1292 697 1,
1337 618 1375 679 2
1437 615 1493 681 εἰ
1540 617 1611 683 δὲ
1654 612 1941 684 πάντων
1984 621 2106 704 μὲν
2153 614 2191 686 ὁ
2238 615 2562 697 Διόνυσος
2606 616 2837 697 λύσιὸς

586 716 728 782 ἐστι
787 716 902 781 καὶ
966 721 1229 797 λυαῖος,
1288 714 1571 801 μάλιστα
1634 721 1706 786 δὲ
1770 725 1887 806 τῆς
1949 718 2249 809 γλώττης
2310 714 2691 809 ἀφαιρεῖται
2756 719 2839 788 τὰ

582 814 843 905 χαλινά.
935 827 1005 905 V,
1048 823 1087 884 6
1134 810 1354 907 ὥςπερ
1400 845 1528 887 ουν
1574 816 1612 887 ὁ
1658 814 2205 910 Ἐπαμεινώνδας,
2250 826 2343 903 εἴς
2388 849 2537 891 τινα
2584 828 2837 909 δυσχω-

588 923 744 1009 ρίαν
788 926 928 988 τῶν
975 928 1500 1010 στρατηγῶν..
1551 977 1564 993 .
1615 923 2118 1006 εἰσβαλλόντων
2169 924 2295 1014 τὴν
2339 924 2646 1014 φάλαγγα
2693 980 2706 993 .
2755 977 2771 992 .
2822 980 2837 992 .

589 1024 855 1108 ἐξέλυσε
927 1027 1041 1092 καὶ
1106 1027 1513 1114 κατέστησεν
1581 1029 1673 1105 εἰς
1736 1025 1957 1112 τάξιν,
2023 1054 2244 1108 ουτως
2304 1025 2470 1117 ἡμᾶς
2532 1030 2606 1096 ἐν
2670 1022 2843 1117 ἀρχῇ

592 1131 1234 1215 συμπεφορημένους
1277 1124 1414 1197 ὑπὸ
1461 1135 1587 1197 τοῦ
1634 1138 1843 1219 λιμοῦ,
1875 1131 2174 1221 κυνηδὸν
2220 1127 2368 1219 ἄρτι
2411 1130 2841 1220 παραλαμβά·

593 1258 737 1301 νων
766 1228 804 1299 ὁ
837 1238 1086 1309 Λυαῖος
1116 1230 1276 1310 θεὸς
1322 1236 1432 1300 καὶ
1483 1240 1767 1321 Χορεῖος
1812 1237 1902 1315 εἰς
1933 1233 2125 1320 τάξιν
2171 1234 2406 1323 ἱλαρὰν
2448 1238 2563 1303 καὶ
2607 1232 2839 1318 φιλάν-

593 1343 888 1422 θρωπον
931 1338 1311 1424 καθίστησι.
1402 1344 1510 1405 His
1555 1352 1856 1424 repugnat
1900 1348 2133 1408 Pettius
2176 1348 2280 1408 KZ
2325 1349 2424 1422 Vl,
2478 1344 2623 1406 136:
2672 1340 2835 1416 „Sol-

596 1448 818 1508 cherlei
865 1446 1195 1524 bildungen
1241 1448 1498 1509 namlich
1531 1449 1685 1526 sind,
1728 1468 1795 1510 so
1826 1451 1944 1511 viel
1975 1452 2074 1510 ich
2105 1451 2369 1528 einsehe‚
2411 1451 2511 1511 nie
2542 1450 2842 1511 unmittel·

597 1554 705 1614 bar
763 1568 873 1611 aus
933 1550 1066 1611 dem
1125 1552 1375 1612 verbum
1438 1550 1615 1626 (also
1654 1571 1913 1615 unseren
1978 1554 2115 1613 falls
2179 1572 2286 1615 aus
2351 1543 2518 1625 λύω)
2580 1552 2845 1614 sondern

471 1722 478 1728 ‚
599 1655 1023 1716 denominativ.
1098 1642 1245 1714 Λύα
1276 1656 1628 1717 bezeichnet
1657 1657 1801 1716 aber
1834 1657 2035 1731 hader,
2082 1659 2268 1735 zwist‚
2313 1657 2435 1716 und
2475 1655 2634 1715 dann
2684 1663 2847 1715 ware

601 1776 669 1819 es
734 1758 919 1819 leicht
978 1757 1263 1836 miiglich‚
1329 1759 1537 1836 obiger
1608 1778 1782 1819 name
1850 1759 2007 1819 fasse
2070 1759 2166 1820 die
2228 1759 2599 1836 geneigtheit
2661 1758 2853 1817 violer

601 1860 936 1923 trunkener
988 1880 1065 1923 zu
1119 1861 1291 1922 streit
1348 1861 1472 1922 und
1517 1860 1670 1921 zank
1718 1863 1810 1922 ins
1855 1864 2071 1940 auge“.
2158 1862 2276 1922 Sed
2321 1862 2500 1938 plane
2546 1861 2854 1920 contraria

521 1994 526 2001 ·
602 1964 1034 2041 significatione
1095 1968 1186 2024 est
1243 1964 1406 2041 apud
1465 1966 1624 2024 Plut.
1682 1965 1759 2024 de
1802 1965 1933 2025 coh.
1979 1966 2069 2025 ira
2117 1964 2192 2022 13
2240 1964 2336 2024 fin.
2392 1959 2593 2042 χωρὶς
2652 1949 2855 2041 ὀργῆς

604 2062 718 2127 καὶ
771 2060 949 2146 μέθη
1006 2056 1272 2141 κοῦφόν
1328 2060 1526 2127 ἐστιν.
1600 2054 1637 2126 ὁ
1696 2058 1823 2147 γὰρ
1883 2065 2008 2127 τοῦ
2070 2065 2242 2127 θεοῦ
2296 2058 2558 2147 νάρθηξ
2623 2057 2856 2135 ἱκανὸς

604 2160 931 2285 κρλαστὴς
989 2167 1117 2229 τοῦ
1174 2159 1591 2248 μεθύοντος,
1655 2187 1740 2229 αν
1797 2162 1886 2250 μὴ
1945 2160 2476 2249 προςγενόμειος
2539 2157 2575 2227 6
2634 2169 2733 2227 θυ
2719 2158 2855 2245 μσς

607 2257 940 2351 ωμηστήν
968 2268 1082 2331 καὶ
1122 2262 1452 2353 μαινόλην
1495 2258 1646 2332 άντὶ
1691 2269 1928 2333 λυαίου
1973 2269 2087 2333 καὶ
2122 2268 2394 2351 χορείου
2436 2288 2684 2349 ποιηση
2732 2261 2856 2329 τὸν

607 2361 921 2456 ἄκρατον.
1025 2378 1245 2438 Forma
1302 2377 1541 2455 quidem
1604 2377 1876 2439 vocabuli
1934 2395 2063 2439 eam
2120 2377 2196 2440 ob
2243 2395 2484 2438 causam
2544 2377 2694 2435 mira
2752 2380 2905 2450 est,.

610 2482 772 2560 quod
819 2483 1060 2542 nomina
1101 2483 1164 2544 in
1211 2497 1356 2550 αιος
1403 2501 1522 2542 ιιοιι
1554 2483 1752 2543 solent
1780 2484 1971 2558 repeti
2004 2484 2117 2542 nisi
2151 2502 2188 2542 a
2217 2482 2539 2542 verborum
2570 2479 2858 2556 stirpibus

609 2585 672 2645 in
717 2604 1042 2646 consonam
1088 2586 1183 2646 vel
1226 2583 1296 2645 in'
1332 2603 1374 2643 α
1419 2585 1850 2646 desinentibus
1937 2586 2053 2647 Sed
2098 2605 2282 2672 quum
2329 2604 2448 2644 non
2481 2584 2651 2660 prius
2690 2581 2855 2641 adhi-

612 2690 799 2748 bitum
861 2688 1099 2766 legatur
1157 2706 1336 2765 quam
1397 2687 1560 2763 apud
1623 2689 1951 2764 scriptores
2009 2690 2181 2766 primi
2239 2709 2291 2747 a.
2345 2688 2483 2747 Chr.
2531 2705 2585 2745 ιι.
2632 2684 2856 2744 saeculi

616 2791 796 2864 (Phil.
840 2790 1057 2851 Thess.
1099 2792 1282 2851 Anth.
1327 2791 1428 2868 IX,
1472 2787 1617 2869 247,
1661 2791 1864 2867 Antig.
1909 2793 2038 2853 Gar.
2083 2793 2159 2851 ib.
2198 2790 2299 2867 IX,
2343 2787 2484 2866 406,
2529 2795 2859 2865 poetasque

620 2893 836 2955 latinos
879 2894 1012 2955 Tib.
1042 2893 1187 2953 Hor.
1219 2891 1360 2970 Ov.;
1413 2897 1551 2969 post
1597 2895 1706 2954 hos
1749 2894 1910 2970 apud
1957 2895 2113 2953 Plut.
2144 2895 2341 2954 Noun.
2386 2896 2447 2952 et
2492 2893 2551 2951 in
2598 2891 2857 2949 Anacre-

618 2999 863 3075 onteis),
937 2997 1270 3058 recentiore
1344 2996 1580 3057 demum
1654 3000 1924 3075 tempore
1998 2997 2198 3056 fictum
2277 3014 2407 3056 esse
2476 2994 2715 3054 videtur
2784 2991 2859 3051 ad

618 3100 959 3178 analogiam
1005 3118 1125 3160 non
1172 3101 1318 3160 satis
1361 3104 1737 3178 perspectam
1786 3101 2111 3160 verbalium
2158 3102 2215 3159 in
2264 3117 2408 3168 αιος
2446 3098 2862 3158 desinentium.

787 3209 1026 3282 μαῖον
1071 3204 1293 3265 cumini
1336 3221 1546 3280 genus.
1593 3202 1764 3262 Alex.
1807 3203 1993 3264 Trall.
2038 3199 2095 3279 8,
2141 3199 2282 3260 392.
2346 3200 2439 3276 11,
2486 3197 2627 3259 538.
2672 3199 2863 3259 GlosS.

622 3310 755 3368 iatr.
783 3327 878 3384 ap.
903 3308 1206 3384 Ducang.:
1251 3295 1763 3384 Λαγοκύμινον·
1809 3311 2029 3383 μαῖον.
2100 3307 2401 3365 Incertum
2433 3322 2510 3363 au
2544 3307 2861 3378 cognatum

620 3413 696 3471 sit-
735 3415 928 3488 μεῖον
975 3412 1072 3471 vel
1114 3408 1312 3489 μῆον,
1357 3412 1456 3471 lat.
1499 3427 1706 3470 meum.

792 3507 1249 3591 προβαταία
1293 3533 1693 3593 synonymum
1740 3513 2048 3574 ocimoidis
2091 3532 2189 3589 ap.
2233 3512 2429 3570 Diosc.
2476 3507 2532 3589 4,
2577 3505 2676 3567 28.

795 3611 1112 3695 σίραιον
1177 3618 1274 3677 vel
1338 3611 1652 3695 σίραιος
1717 3605 1940 3686 οἶνος
2013 3634 2189 3692 sapa,
2262 3613 2581 3673 defrutum.
2688 3611 2866 3670 Brevi

625 3721 859 3798 syllaba
914 3721 1107 3797 prima
1165 3720 1328 3798 apud
1388 3721 1491 3779 Ar.
1537 3720 1716 3797 Vesp.
1763 3717 1904 3778 878.
1958 3718 2202 3795 Antiph.
2248 3735 2342 3794 ap.
2388 3714 2525 3774 Ath.
2572 3710 2639 3790 2,
2685 3711 2768 3769 68
2800 3715 2870 3788 Α,

627 3824 795 3884 Alex.
840 3822 980 3883 ibid.
1027 3820 1094 3900 4,
1147 3818 1262 3878 170
1319 3824 1369 3882 Β
1415 3827 1496 3881 et·
1528 3805 1713 3898 saepe
1770 3822 1933 3899 apud
1996 3820 2374 3897 posteriore&
2462 3817 2678 3892 Longa
2737 3814 2870 3892 syll.

627 3928 821 4007 prima
878 3926 1040 4002 apud
1093 3925 1349 3986 Nicand.
1401 3925 1571 3985 Alex.
1626 3921 1760 3983 153.
1848 3924 2101 4002 Saepius
2144 3923 2205 3981 in
2268 3921 2460 3999 prima
2519 3920 2757 3997 syllaba
2815 3935 2869 3975 ει

627 4029 926 4106 scribitur,
971 4034 1038 4089 ut
1082 4048 1119 4088 a
1162 4027 1430 4088 Moeride
1477 4022 1807 4106 σείραιον;
1850 4027 2003 4086 Poll.
2049 4022 2108 4102 6,
2161 4024 2231 4082 lo
2279 4013 2593 4101 σήραιον;
2641 4023 2701 4081 ἰιι
2746 4022 2871 4081 VV.

631 4134 750 4195 LL.
781 4133 858 4193 ad
889 4134 1085 4193 Diosc.
1116 4126 1376 4209 σείριος.
1465 4130 1834 4191 Vocabulum
1867 4130 2095 4190 Galeno
2136 4133 2196 4188 et
2228 4126 2494 4186 Moeridc
2524 4124 2873 4192 auctoribus

630 4237 874 4298 atticum
922 4240 1069 4312 erat,
1113 4252 1296 4310 quum
1343 4234 1526 4294 ceteri
1573 4232 1790 4294 Graeci
1833 4230 2084 4292 eandem
2130 4248 2253 4289 rem
2301 4219 2525 4307 ἕψημα
2572 4231 2873 4287 vocarent.
