3166 4871
2545 272 2668 336 119

425 450 585 529 quod
661 467 949 527 praesens
1030 456 1280 512 vocatur
1352 457 1588 529 tempus
1649 451 1932 512 cancellis
2001 451 2300 528 utrimque
2358 447 2670 528 patefactis

424 571 585 613 nunc
638 553 697 612 in
757 555 1142 629 praeteritum
1205 572 1401 614 rerum
1463 558 1681 614 statum
1741 553 2000 630 refugiat
2055 571 2216 613 nunc
2281 538 2340 612 i'n
2400 551 2669 612 futurum

426 659 760 732 procurrat.
865 655 1187 716 Licentiori
1264 656 1446 732 igitur
1522 656 1862 733 praesentis
1933 656 2066 716 usui
2129 673 2247 715 non
2308 654 2482 715 modo
2549 673 2667 716 non

425 757 647 817 resistit
691 758 841 817 haec
888 775 1086 817 rerum
1134 758 1406 819 condicio
1460 758 1564 818 scd
1626 759 1801 819 etiam
1848 758 2028 819 favet.
2115 757 2425 819 Liberiore
2467 759 2665 816 autem

424 859 539 920 hoc
583 878 696 920 usu
743 879 813 920 eo
859 861 1052 921 minus
1097 861 1483 933 offendimus,
1544 879 1663 937 quo
1708 861 1992 939 propius,
2047 860 2206 939 qnod
2254 878 2321 920 re
2365 878 2511 919 vera
2554 859 2666 918 iam

423 962 480 1022 in
527 963 912 1040 praeteritum
956 967 1195 1041 tempus
1227 964 1465 1041 refugit,
1511 963 1586 1024 ad
1632 967 2008 1041 praesentem
2041 981 2341 1040 quemque
2369 962 2669 1039 loquentis

424 1067 643 1124 statum
687 1066 964 1143 pertinet.

1516 1239 1579 1309 1.

593 1389 682 1449 Ac
743 1390 997 1467 primum
1064 1391 1302 1468 quidem
1367 1391 1425 1451 id
1480 1390 1609 1452 fieri
1659 1395 1859 1470 potest
1902 1392 1963 1451 in
2023 1390 2221 1450 verbis
2280 1388 2561 1449 audiendi
2609 1392 2670 1450 et

421 1491 654 1552 dicendi
680 1489 770 1565 ¹⁸).

592 1595 816 1655 Iustam
864 1596 1153 1656 rationem
1200 1601 1538 1673 sequuntur
1583 1598 1794 1657 horum
1843 1597 2160 1658 verborum
2206 1595 2424 1655 aoristi.
2511 1595 2663 1655 Nam

288 1713 303 1719 ·
422 1698 761 1758 accuratius
820 1716 945 1758 rem
1003 1698 1401 1760 consideranti
1461 1717 1578 1760 vox
1641 1700 1822 1760 semel
1880 1700 2098 1760 emissa
2159 1717 2275 1758 non
2333 1698 2667 1775 praesentis

423 1799 526 1860 sed
572 1801 875 1878 praeteriti
922 1802 1207 1879 temporis
1251 1801 1491 1863 videtur
1536 1820 1666 1863 esse
1687 1799 1778 1876 ¹⁹).

591 1918 687 1980 Sic
734 1922 792 1979 in
838 1920 1274 1999 stichomythia,
1320 1941 1475 1999 quae
1524 1921 1756 1992 dicitur,
1803 1921 2020 1981 chorus
2066 1920 2168 1979 vix
2215 1920 2362 1978 haec
2402 1936 2664 1996 pronun-

421 2022 594 2083 tiavit
638 2022 850 2082 verba:
896 2014 1161 2082 αἰτοῦσι
1206 2013 1295 2104 μὴ
1340 2007 1542 2103 ’κδῷς
1586 2018 1819 2082 παισὶν
1865 2011 2213 2101 Αἰγύπτου
2258 2009 2485 2093 πάλιν,
2532 2038 2663 2080 cum

421 2126 615 2185 statim
662 2126 1048 2201 subsequitur
1094 2128 1254 2203 regis
1299 2144 1679 2201 responsum:
1725 2121 1930 2203 βαρέα
1977 2113 2058 2183 σύ
2105 2107 2164 2202 γ’
2209 2111 2399 2194 εἶπας
2436 2121 2664 2200 (Suppl.

424 2223 591 2299 341).
679 2228 958 2288 Eiusdem
1004 2229 1245 2306 generis
1289 2232 1431 2288 sunt
1473 2229 1677 2288 aoristi
1725 2229 1817 2287 hi:

422 2347 624 2425 Suppl.
673 2350 814 2409 504.
937 2338 1165 2427 τοτ’τῳ
1207 2343 1331 2425 μὲν
1375 2337 1586 2420 εἶπας,
1632 2341 1743 2406 καὶ
1787 2340 2185 2425 τεταγμένος
2228 2340 2381 2404 κίοι.

424 2451 685 2529 Choeph.
732 2455 875 2514 434.
936 2437 1015 2511 τὸ
1059 2449 1201 2511 πᾶν
1244 2435 1493 2531 ἀτίμως
1539 2441 1778 2529 ἔλεξας,
1824 2443 2022 2529 οἴμοι.

421 2557 616 2616 Prom.
665 2559 807 2617 393.
937 2544 1241 2631 έθώῦξας
1284 2540 1508 2633 λόγον.

421 2658 556 2718 ibid.
607 2662 786 2720 1041.
935 2647 1145 2717 εἰδότι
1191 2652 1299 2717 τοί
1340 2675 1454 2736 μοι
1499 2640 1686 2717 τάσδ’
1735 2641 2043 2737 ἀγγελίας
2088 2642 2190 2717 ὅδ’
2237 2645 2557 2731 ἐθώῦξεν.

424 2761 685 2837 Cluoeph.
732 2765 872 2823 510.
932 2745 1202 2839 μακρὰν
1246 2749 1368 2839 γὰρ
1415 2752 1740 2837 ἐξέτεινας
1782 2790 1869 2801 -

423 2864 536 2941 Ag.
581 2867 722 2926 829.
937 2862 1125 2935 θεοῖς
1168 2893 1255 2904 -
1298 2854 1590 2939 ἐξέτεινα
1638 2857 1959 2942 φροίμιον
2001 2895 2082 2902 --

425 2968 535 3044 Ag.
587 2968 767 3028 1296.
937 2954 1133 3045 γύναι
1176 2955 1443 3044 μακρὰν
1488 2955 1753 3038 ἔτεινας.

421 3071 589 3129 Pers.
637 3073 776 3131 227.
937 3054 1173 3138 εὔνους
1217 3058 1441 3150 κριτὴς
1485 3102 1565 3108 ——
1614 3051 1803 3147 τήνδ’
1849 3056 2187 3146 ἐκύρωσας
2230 3055 2437 3142 φάτιν
2479 3096 2564 3104 -

421 3172 534 3250 Ag.
580 3174 722 3234 915.
934 3161 1157 3249 Λήδας
1202 3165 1629 3250 γενεθλον..

937 3258 1232 3356 ἀπουσίᾳ
1272 3267 1393 3354 μὲν
1441 3263 1631 3345 εἶπας
1666 3217 1955 3344 εἰκότως
1999 3266 2136 3351 ἐμῇ.

421 3377 533 3454 Ag.
583 3381 761 3439 1426.
930 3367 1371 3457 μεγαλόμητις
1416 3366 1491 3451 εἶ,
1535 3371 1916 3456 περίφρονα
1961 3363 2019 3436 ‹5’
2065 3365 2291 3446 ἔλακες
2335 3407 2416 3415 -—

422 3482 620 3542 Prom.
665 3484 805 3542 597.
933 3466 1274 3540 θεόσυτόν
1321 3497 1389 3539 τε
1438 3470 1645 3539 νόσον
1688 3464 2062 3558 ὠνόμασας,
2110 3509 2192 3518 -

421 3581 557 3642 ibid.
610 3586 788 3644 1065.
934 3571 1139 3642 τοῦτό
1184 3599 1253 3661 γε
1300 3574 1553 3663 τλητὸν
1594 3576 1976 3662 παρέσυρας
2020 3573 2201 3654 ἔπος,

932 3686 1030 3746 ubi
1063 3687 1259 3746 statim
1291 3687 1676 3765 subsequitur
1704 3702 2023 3764 praeseus:
2069 3680 2216 3756 πῶς
2243 3701 2322 3762 με
2355 3668 2662 3753 κελεύεις.

931 3787 1017 3849 Of.
1064 3789 1166 3850 Oh.
1217 3793 1354 3850 116.

419 3892 530 3969 Ag.
581 3895 761 3953 1475.
929 3886 1054 3949 νῦν
1100 3877 1432 3968 ὤρθωσας
1464 3880 1795 3969 στόματος
1837 3875 2124 3969 γνώμην.
2175 3890 2262 3951 of.
2292 3888 2498 3967 Suppl.
2523 3891 2660 3948 915.

594 4106 658 4170 ¹⁸)
694 4102 777 4159 Cf.
816 4104 1000 4159 Kflhn.
1037 4103 1129 4159 Gr.
1156 4105 1229 4172 11,
1262 4111 1303 4160 1.
1340 4109 1511 4173 5382,
1538 4110 1586 4159 4.
1613 4121 1661 4159 a.
1733 4107 1888 4160 Curt.
1924 4104 2214 4172 (3125491,
2245 4109 2287 4159 1.

591 4192 655 4255 ¹⁹)
690 4187 776 4245 Cf.
813 4187 1170 4245 Schmalfeld.
1222 4188 1380 4261 Synt.
1429 4191 1530 4245 des
1578 4189 1785 4304 griecb.
1832 4189 2124 4246 Verbums.
2169 4187 2459 4257 (Eisleben
2511 4189 2664 4255 1846)

416 4278 552 4344 §5⁴2
578 4280 608 4329 5
644 4292 699 4346 p.
725 4279 791 4331 93
811 4290 931 4347 seq.
