3166 4871
549 290 626 355 18

543 484 676 528 esse
734 468 863 527 sine
922 466 1104 528 dubio
1163 464 1583 542 denegandum
1646 465 1747 541 sit,
1809 464 1957 525 nihil
2013 468 2201 527 restat
2255 463 2365 525 nisi
2413 468 2479 525 ut
2522 463 2779 526 dialecto

544 570 687 629 meti
748 567 1127 629 subditieium
1187 567 1337 629 iuud
1400 584 1769 627 oenseamus.
1860 567 2109 640 Accedit
2165 567 2326 643 quod
2381 585 2585 627 omnes
2628 585 2782 642 quos

541 670 712 733 attuli
764 671 1091 747 scriptores
1143 671 1203 730 in
1250 670 1363 729 hoe
1409 668 1651 746 quidem
1697 669 1858 728 inter
1901 686 1967 728 se
2013 667 2397 729 consentiunt
2442 669 2604 746 quod
2649 688 2776 729 ora-

544 773 743 835 eulum
790 790 923 833 esse
965 776 1209 850 putant3
1261 770 1368 832 sed
1413 769 1654 847 quando
1702 775 1761 829 et
1807 771 1905 831 eui
1951 763 2174 831 editum
2220 772 2320 848 sit,
2382 770 2617 831 diverse
2663 777 2779 832 tra-

543 877 713 937 dunt.
797 874 977 952 Apud
1011 874 1399 934 Plutarchum
1446 873 1509 933 in
1552 871 1735 933 instit.
1819 872 2045 959 Lacon.
2075 890 2126 932 e.
2157 868 2237 929 42
2283 874 2571 950 seriptum
2618 872 2778 932 vide·

544 993 675 1039 mus
697 961 1070 1053 Ἀλκαμένει
1115 970 1230 1032 καὶ
1281 964 1670 1052 Θεοπόμπῳ
1714 980 1855 1044 τοῖς
1901 970 2288 1047 βασιλεῦσιν
2336 963 2545 1055 ἐδόθη
2577 1021 2594 1045 ,
2641 977 2779 1035 Dio-

544 1079 729 1140 dorus
787 1082 987 1139 autem
1045 1077 1202 1137 idem
1262 1077 1565 1137 oraculum
1631 1076 1708 1137 ad
1753 1078 2100 1154 Lycurgum
2154 1075 2418 1149 refert-¹)
2505 1078 2593 1137 Re
2636 1095 2781 1137 vera

544 1198 756 1242 versus
799 1181 877 1240 ab
921 1179 1158 1240 homine
1189 1179 1670 1240 Lacedaemonio
1717 1180 2081 1256 compositus
2111 1197 2246 1240 esse
2278 1179 2533 1257 videtur,
2578 1178 2783 1239 doriea

544 1285 605 1344 in
638 1289 830 1364 ,terra
889 1287 1050 1342 eerte
1106 1286 1310 1342 natus:
1372 1282 1540 1342 brevi
1602 1300 1745 1351 vero
1800 1283 1861 1341 in
1919 1282 2222 1359 proverbii
2285 1281 2779 1343 cousuetudinem

545 1386 709 1446 venit
767 1389 1097 1462 posteaque
1160 1385 1213 1445 ei
1269 1402 1512 1462 quoque
1574 1385 1749 1444 sicuti
1812 1384 1948 1445 aliis
2009 1385 2289 1461 contigit,
2350 1389 2416 1443 ut
2475 1385 2644 1460 origo
2704 1383 2780 1444 ab

545 1486 826 1564 Apolline
879 1486 1221 1547 dueeretur.
1309 1485 1587 1547 Ceterum
1640 1504 1754 1564 ego
1815 1504 2054 1546 versum
2113 1506 2232 1547 non
2289 1491 2436 1563 puto
2481 1488 2782 1547 ¹vetustum

545 1589 907 1665 minimeque
951 1588 1029 1648 ad
1067 1567 1343 1665 'Lycurgi
1388 1588 1486 1647 vel
1529 1588 1871 1648 Alcamenis
1916 1591 2172 1650 aetatem
2218 1587 2620 1666 referendum,
2663 1588 2779 1647 He-

543 1690 742 1751 rodoti
785 1690 1157 1769 potissimum
1201 1690 1439 1750 silentio
1481 1690 1557 1749 ad
1605 1689 1761 1749 hane
1806 1692 2160 1750 sententiam
2206 1688 2521 1751 adductus.
2535 1686 2583 1759 ²)

608 1808 615 1815 ·
714 1794 881 1853 Inest
939 1792 1131 1852 forma
1190 1790 1396 1850 dorica
1456 1791 1634 1851 etiam
1695 1792 1756 1850 in
1802 1792 2044 1851 oraculo
2089 1791 2252 1869 apud
2297 1792 2655 1852 Pausaniam
2698 1791 2782 1851 IV

547 1891 604 1973 2,
649 1892 717 1954 7:
750 1878 1108 1973 -Ἰθωμάτᾳ
1153 1885 1275 1952 Διί.
1363 1892 1481 1954 Sed
1543 1892 1660 1953 hae
1713 1892 1859 1953 nihil
1907 1893 2044 1954 mihi
2089 1892 2330 1954 videtur
2373 1892 2543 1955 effici.
2628 1894 2781 1953 Nam

545 2001 775 2058 eeteros
834 2014 1075 2073 quoque
1120 1984 1382 2055 Graecos
1442 1996 1525 2081 ita
1577 1995 1730 2055 illud
1788 2013 2003 2056 nomen
2051 2013 2372 2073 usurpasse
2415 1996 2784 2074 intellegitur

547 2119 622 2158 ex
669 2098 925 2175 Polybio
971 2098 1087 2157 Vll
1140 2095 1235 2174 11,
1293 2094 1329 2154 3
1378 2103 1439 2158 et
1482 2116 1559 2157 ex
1605 2097 1915 2157 Plutarchi
1975 2099 2099 2159 vita
2142 2098 2310 2159 Arati
2370 2116 2420 2158 e.
2465 2094 2571 2157 50.
2629 2096 2784 2158 adde

548 2201 708 2278 quod
756 2188 923 2268 Ζεύς
969 2182 1334 2276 Ἰθωμάτας
1392 2174 1635 2276 saepius
1691 2198 1852 2275 apud
1912 2201 2272 2261 Pausaniam
2332 2201 2606 2260 occurrit.
2669 2198 2784 2271 [111

546 2298 647 2380 26,
664 2298 722 2360 6.
770 2303 851 2361 IV
899 2298 956 2377 3,
974 2296 1029 2360 9.
1081 2296 1174 2377 12,
1194 2298 1248 2358 7.
1294 2297 1395 2376 27,
1412 2298 1470 2359 6.
1516 2296 1617 2378 33,
1635 2297 1712 2371 2.]
1785 2300 1980 2361 Semel
2012 2304 2242 2361 tantum
2275 2290 2427 2372 Διὸς
2458 2284 2785 2381 Ἰθωμήτα

546 2406 740 2464 exstat
782 2401 947 2480 apud
987 2400 1406 2477 Thucydidem
1450 2402 1478 2461 1
1530 2398 1668 2479 103,
1711 2403 1871 2479 quod
1916 2402 2109 2480 ipsum
2156 2421 2400 2480 quoque
2444 2422 2482 2464 a
2511 2401 2785 2482 Dukero,

546 2506 641 2566 eui
707 2504 1043 2565 adsentitur
1106 2502 1455 2565 Dindorfius
1521 2494 1628 2584 [ef.
1694 2504 1897 2583 Steph.
1961 2505 2111 2565 thes.
2177 2523 2223 2566 s.
2287 2524 2341 2565 v.
2389 2489 2680 2586 Ἰθώμη],
2723 2507 2784 2570 iu

547 2590 875 2688 Ἰθωμάτα
935 2610 1228 2670 mutatum
1280 2611 1386 2666 est.
1473 2605 1591 2668 Sed
1652 2607 1779 2666 sive
1843 2605 2002 2668 hune
2060 2607 2256 2667 loeum
2317 2611 2616 2670 mutamus
2659 2608 2786 2668 sive

549 2726 669 2769 non
716 2711 1038 2785 mutamus,
1099 2709 1212 2803 ¹¹⁰9
1256 2710 1416 2768 eerte
1463 2708 1548 2767 eis
1595 2726 1750 2784 quae
1796 2708 1972 2768 attuli
2016 2708 2439 2785 comprobatur
2481 2708 2646 2787 apud
2692 2728 2786 2772 ee·

723 2887 918 2952 ¹)Non
966 2887 1431 2955 praetereundum
1480 2886 1706 2941 videtur
1752 2886 1903 2955 quod
1943 2887 2195 2941 Laertius
2246 2887 2534 2957 Diogenes
2582 2887 2631 2957 [I
2674 2889 2785 2986 117]

547 2970 619 3026 de
666 2969 994 3040 Pherecyde
1045 2971 1207 3026 dicit.
1275 2968 1373 3025 καὶ
1428 2969 1909 3037 Λακεδαιμονίοις
1958 2966 2355 3043 [Φερεκύδην]
2409 2968 2592 3027 εἰπεῖν
2642 2968 2786 3041 μήτε

541 3051 761 3127 χρυσὸν
795 3059 967 3123 τιμᾶν
998 3051 1145 3126 μήτε
1182 3050 1452 3126 ἄργυρον,
1491 3048 1569 3121 ὡς
1605 3072 1744 3124 φησι
1776 3052 2124 3124 Θεόπομπος
2159 3051 2222 3112 ἐν
2257 3063 2377 3122 τοῖς
2401 3055 2817 3125 θαυμασίοις·

544 3135 868 3211 προστάξαι
922 3138 982 3197 δὲ
1043 3134 1201 3214 αυτῷ
1253 3134 1399 3211 ὄναρ
1452 3146 1626 3196 τοῦτο
1699 3136 1802 3195 τὸν
1844 3135 2129 3212 Ηρακλέα
2179 3136 2251 3197 ὃν
2303 3140 2404 3197 καὶ
2467 3146 2566 3211 τῆς
2615 3135 2791 3212 αυτῆς

544 3221 752 3290 νυκτὸς
793 3231 912 3290 τοῖς
944 3229 1245 3296 βασιλεῦσι
1278 3228 1554 3282 κελεῦσαι
1597 3222 1897 3296 Φερεκύδῃ
1934 3225 2272 3283 πείθεσθαι.
2311 3219 2456 3282 ἔνιοι
2491 3225 2552 3284 δὲ
2591 3228 2788 3283 Πυθα·

552 3305 704 3386 γόρα
740 3305 1123 3382 περιάπτουσι
1160 3306 1314 3365 τάδε
1342 3337 1349 3344 ·
1385 3309 1691 3367 Artissime
1726 3311 1873 3367 inter
1907 3326 1968 3366 se
2004 3311 2303 3367 eoniuueta
2338 3327 2462 3367 esse
2487 3312 2629 3366 hane
2648 3311 2787 3367 Phe·

546 3394 765 3463 reoydis
801 3395 892 3450 vel
928 3394 1283 3464 Pythagorae
1319 3395 1755 3450 admonitionem
1791 3401 1848 3450 et
1881 3411 2102 3451 versum
2137 3403 2419 3464 nostrum,
2457 3413 2568 3466 quo
2602 3397 2789 3451 interi-

544 3483 723 3534 turam
770 3493 896 3534 esse
932 3477 1188 3548 Spartam
1234 3481 1352 3534 auri
1402 3480 1733 3549 argentique
1781 3480 1973 3534 studio
2024 3480 2254 3550 dieitur,
2309 3481 2517 3536 nemini
2554 3481 2786 3537 dubium

545 3577 672 3619 esse
709 3569 914 3632 potest.

714 3650 759 3713 ²)
794 3648 1075 3718 Bergkius
1109 3665 1168 3705 re
1204 3663 1339 3705 vera
1372 3665 1597 3706 versum
1631 3665 1668 3705 a
1689 3649 1893 3720 Pythia
1927 3650 2138 3707 dietum
2159 3657 2356 3708 eenset
2393 3653 2474 3721 [iu
2509 3654 2679 3710 litter.
2703 3669 2786 3723 gr

542 3731 673 3789 hist.
709 3751 764 3803 p.
798 3735 944 3804 33²]-
993 3749 1137 3803 „gar
1179 3733 1441 3791 manehes
1486 3729 1886 3806 prophetisehe
1934 3741 2082 3791 wort
2113 3736 2190 3791 ist
2225 3738 2279 3792 in
2315 3735 2789 3793 iiberrasehender

544 3818 712 3874 veise
746 3816 805 3872 in
843 3817 1128 3890 erflillnng
1164 3834 1488 3890 gegangem
1523 3819 1680 3876 nicht
1713 3820 1867 3876 hloss
1904 3837 2418 3894 voraussagungen,
2454 3822 2545 3877 die
2582 3821 2702 3876 sich
2725 3821 2782 3876 in

544 3902 699 3957 einer
749 3903 1027 3972 gewissen
1080 3903 1496 3973 allgemeinheit
1530 3905 1719 3961 halten
1738 3946 1751 3972 ‚
1800 3904 1905 3960 wie
1942 3923 1987 3959 z.
2025 3905 2078 3961 h.
2114 3922 2279 3961 wenn
2326 3907 2426 3962 das
2473 3906 2665 3972 orakel
2715 3923 2785 3961 zu

543 3986 751 4055 Delphi
794 3985 1039 4042 erklssrte
1085 3985 1285 4057 Sparta
1343 3989 1527 4046 werde
1581 3989 1758 4045 durch
1811 3991 1969 4045 seine
2015 3991 2389 4060 ungezugelte
2439 3991 2669 4060 habgier
2715 4007 2784 4045 zu

542 4072 761 4142 grunde
806 4072 1064 4141 gehen..
1092 4116 1105 4129 .
1158 4075 1401 4129 sondern
1444 4073 1587 4130 auch
1614 4115 1627 4128 .
1654 4116 1665 4127 .
1692 4078 1747 4130 .“
1819 4075 1982 4140 Quod
2017 4073 2299 4144 Bergkius
2348 4089 2572 4151 versum
2607 4075 2716 4130 iam
2752 4091 2786 4129 a

542 4157 789 4227 Tyaneo
820 4157 1129 4214 adhibitum
1163 4156 1290 4215 esse
1324 4160 1526 4215 statuit
1556 4165 1728 4229 [poet.
1752 4160 1858 4231 lyr.
1882 4176 1966 4228 gr.
1989 4176 2045 4228 p.
2071 4162 2211 4227 393),
2249 4175 2361 4214 uon
2387 4157 2558 4216 habet
2580 4161 2784 4216 iustam

544 4257 785 4300 eausam.
823 4245 895 4298 ei.
929 4243 997 4300 C.
1037 4243 1219 4301 Gsshel
1253 4245 1324 4299 de
1361 4245 1716 4315 correptione
1751 4245 1921 4301 attica
1951 4262 2009 4315 p.
2045 4249 2093 4298 9.
