3166 4871
577 344 698 405 154
929 396 934 401 .
1568 337 1828 394 zacher

568 516 642 577 do
689 516 892 577 radice
938 534 1056 576 nou
1104 518 1353 576 constat.
1441 516 1714 594 Kissling
1758 517 1796 577 l.
1838 517 1874 576 l.
1918 516 2159 577 confert
2199 505 2540 597 πάροιθεν
2581 510 2827 595 παροί-

564 635 794 697 τερος,
840 616 915 679 cf.
959 617 1111 678 Fick
1155 614 1227 696 1⁸,
1259 614 1415 696 662,
1479 614 1585 697 11³,
1621 616 1771 697 1443
1825 617 2149 697 Benseyius
2193 619 2344 680 Wzl.
2380 620 2466 699 11,
2506 614 2586 677 83
2630 607 2818 699 πάλη

567 721 795 799 farina,
854 739 970 784 scr.
1014 722 1150 783 cira
1194 721 1443 802 longus,
1500 721 1622 783 dat.
1666 718 1885 798 cirdya
1931 722 2064 802 diu,
2120 722 2397 801 tandem,
2452 742 2490 783 6
2532 721 2657 782 rad.
2702 738 2819 783 car

435 826 446 845 ¹
565 830 795 904 terere,
839 829 905 885 ut
948 843 1023 885 ex
1070 826 1313 887 notione
1358 830 1593 903 tempus
1636 825 1870 887 terendi
1915 825 2074 887 facta
2117 828 2194 886 sit
2239 826 2401 888 notio
2446 827 2691 904 vetusti3
2736 825 2816 887 cf.

566 928 820 989 eundem
866 929 928 988 in
971 928 1076 988 ΚΖ
1114 929 1242 1007 VII,
1281 923 1418 987 116.
1461 928 1624 1006 VIII,
1653 923 1752 987 91.
1840 929 2121 989 Fortasse
2159 929 2335 990 etiam
2376 932 2632 1005 cognata
2668 934 2816 989 sunt

564 1019 818 1103 πελιός,
863 1019 1124 1103 πολιός,
1167 1020 1505 1102 πελιδνός,
1550 1030 1702 1091 Fick
1732 1030 1779 1109 1,
1816 1026 1954 1109 139,
1996 1028 2280 1101 πελλᾶς·
2327 1024 2595 1111 πέληος.
2652 1046 2811 1109 πρε-

565 1121 810 1212 σβύτης
868 1133 1129 1209 11667611.
1186 1125 1463 1212 πέληος·
1523 1126 1744 1211 γέρων
1804 1134 2065 1210 Hesych.
2108 1164 2195 1174 —
2238 1134 2493 1194 Formae
2538 1132 2725 1193 111616
2742 1151 2812 1192 6·

563 1239 829 1296 torum:
889 1235 1121 1295 boeot.
1178 1224 1484 1314 παληός
1542 1236 1834 1313 Thgnost.
1896 1236 2044 1296 Ahr.
2106 1236 2275 1297 Aeol.
2329 1256 2389 1315 p.
2439 1232 2575 1296 187.
2631 1236 2810 1296 16611.

562 1326 866 1408 πάλαος
924 1326 1090 1397 Eust-
1149 1339 1295 1398 Ahr.
1341 1338 1509 1399 Aeol.
1551 1357 1612 1414 p.
1657 1335 1794 1398 100.
1847 1338 2073 1400 lacon.
2114 1327 2460 1417 παλαιόρ
2512 1338 2616 1399 Ar.
2664 1339 2809 1415 Lyn.

493 1510 508 1517 “
564 1437 687 1497 988
734 1438 849 1513 (sic
893 1441 961 1500 R.
992 1442 1164 1519 Aug„
1206 1430 1457 1510 παλεός
1502 1441 1601 1501 alii
1648 1445 1709 1501 et
1746 1438 1974 1517 661161),
2017 1459 2137 1518 quo
2179 1442 2312 1502 loco
2343 1441 2520 1501 Dind.
2550 1441 2809 1502 correxit

561 1532 833 1621 παλεόρ,
887 1544 1054 1603 nulla
1096 1543 1316 1604 idonea
1359 1562 1560 1623 66666,
1604 1561 1788 1621 quum
1838 1550 1902 1604 ut
1944 1544 2006 1603 in
2051 1543 2181 1603 aliis
2224 1543 2473 1604 vocibus
2514 1544 2601 1603 616
2631 1542 2808 1603 etiam

560 1647 620 1706 in
679 1635 970 1715 παλαιός
1030 1645 1441 1724 diphthongus
1501 1647 1723 1725 corripi
1780 1648 1974 1724 possit
2030 1644 2131 1720 (cf.
2176 1640 2565 1723 Nub.1187;
2622 1662 2809 1723 supra

560 1767 620 1826 9.
655 1744 794 1820 11.).
839 1777 923 1787 --
966 1748 1270 1809 Permulta
1313 1752 1456 1808 suut
1500 1750 1835 1826 composita
1879 1752 1937 1810 et
1983 1748 2291 1826 derivatas
2317 1766 2473 1827 quae
2518 1748 2576 1808 in
2615 1747 2807 1808 lexico

563 1850 726 1910 facili
769 1869 961 1930 opera
1005 1852 1265 1929 quisque
1310 1852 1622 1930 inspiciat:
1668 1870 1780 1928 ego
1825 1852 1972 1912 satie
2011 1852 2203 1911 habeo
2231 1852 2446 1911 afferre
2477 1850 2809 1928 composita

558 1954 616 2013 in
647 1941 938 2024 παλαιός
970 1953 1330 2015 desinentia:
1374 1942 1881 2032 παμπάλαιος
1917 1955 2069 2015 Ρ161.
2101 1954 2282 2014 Arist.
2311 1941 2808 2033 προπάλαιος

559 2056 769 2132 Synce-
814 2055 979 2118 Orib.

728 2164 1177 2237 πεμπταῖος
1220 2161 1433 2238 quinto
1478 2159 1576 2220 die
1620 2161 1792 2220 Hom.
1836 2159 2008 2221 Pind.
2050 2160 2336 2237 Hippocr.
2379 2159 2500 2219 Att.

727 2267 1364 2343 πεντηκοσταϊος
1396 2261 1491 2323 die
1523 2264 2037 2341 quinquagesimo.
2068 2263 2164 2323 cit.
2197 2262 2326 2322 siue
2357 2279 2511 2321 nom.
2541 2260 2804 2320 auctoris

556 2362 619 2424 111
663 2365 848 2425 Τ1166.
2163 2360 2176 2374 ’

726 2474 1109 2547 πετραῖος
1152 2487 1404 2530 saxosus
1447 2470 1623 2530 Hom.
1665 2467 1812 2530 Hsd.
1855 2470 2035 2548 Της.

726 2575 1065 2649 πηγαῑος
1110 2572 1232 2631 Att.

726 2678 1103 2743 ποινατος
1173 2677 1234 2734 et
1303 2693 1340 2734 6
1408 2662 1615 2753 ποινή
1687 2677 1747 2735 et
1808 2693 1846 2735 6
1911 2669 2282 2733 ποινᾶσθαι
2349 2671 2541 2749 repeti
2603 2674 2804 2749 potest

554 2772 953 2849 (ποινᾶσθαι
1002 2793 1347 2855 quanquam
1393 2778 1579 2837 semel
1623 2781 1855 2837 tautum
1900 2779 2202 2837 servatum
2247 2777 2337 2835 est
2377 2793 2471 2851 69.
2502 2774 2644 2834 Eur.
2671 2773 2801 2851 Iph.

553 2878 626 2938 T.
679 2873 875 2957 1433,
931 2883 1128 2939 tamen
1193 2879 1435 2957 saepius
1506 2879 1836 2939 adhibitum
1912 2877 2096 2938 fuisse
2164 2880 2461 2939 testantur
2532 2875 2802 2937 derivata

553 2969 904 3060 ποινάτωρ
950 2981 1169 3043 Α66611.
1212 2982 1355 3042 Eur.
1395 2969 1747 3060 ποινήτωρ
1802 2981 2002 3042 Noun.
2059 2968 2391 3059 ποινητήρ
2450 2978 2606 3057 099.
2656 2994 2802 3039 ποι-

554 3079 742 3161 νῆτις
770 3080 994 3155 Anth.).
1053 3084 1292 3145 Verbali
1325 3083 1759 3163 significatione
1790 3086 1881 3143 est
1908 3082 2073 3160 apud
2104 3083 2405 3143 Aristaeo.
2443 3079 2492 3160 1,
2531 3078 2603 3139 10
2632 3075 2798 3160 μηδὲ

556 3170 843 3264 Ἄρτεμις
903 3178 1012 3245 ἐπὶ
1074 3179 1183 3245 σοὶ
1239 3193 1560 3246 ποιναῑον
1616 3180 1815 3261 βέλος
1857 3185 1919 3259 (1.
1951 3204 2001 3244 e.
2049 3173 2379 3263 τιμωρόν,
2434 3202 2660 3261 966666
2716 3184 2799 3243 in·

552 3286 790 3364 fligens)
850 3272 985 3366 άφῇ
1044 3283 1156 3347 καὶ
1212 3273 1453 3367 άνελῇ,·
1515 3308 1551 3349 6
1613 3287 1983 3350 substantivo
2044 3286 2377 3347 derivatum
2439 3284 2678 3346 videtur
2737 3285 2796 3345 in

550 3385 739 3466 epigr:
799 3391 966 3451 Paul.
1025 3392 1123 3452 Sil.
1183 3391 1364 3451 Auth.
1425 3389 1492 3468 5,
1536 3387 1661 3448 254
1720 3379 1929 3460 θεοὺς
1992 3380 2245 3448 ἱκέτευε
2285 3433 2300 3449 .
2344 3432 2358 3446 .
2390 3432 2405 3448 .
2441 3377 2529 3468 μὴ
2584 3383 2797 3447 ταῦτα

546 3480 826 3570 χαράξαι
871 3477 1099 3578 Ὅρκια
1161 3489 1474 3574 ποιναίης
1531 3490 1760 3553 νῶτον
1818 3480 1989 3571 ὑπὲρ
2046 3486 2337 3569 σελίὁος,
2376 3491 2415 3550 1.
2445 3509 2495 3551 6.
2536 3489 2796 3566 paginae

549 3596 611 3653 in
658 3612 781 3672 qua
821 3596 1169 3656 scribuntur
1213 3615 1443 3675 poenae
1493 3615 1607 3674 pro
1652 3594 1884 3656 delictis
1927 3594 2229 3656 ferendae.
2313 3595 2625 3662 ποιναϊος
2655 3585 2798 3664 βίος

551 3695 762 3774 Syues.
807 3717 865 3775 p.
903 3696 1039 3758 104.
1575 3737 1581 3742 -
2268 3739 2275 3746 κ

720 3791 960 3860 ἐπιπο
978 3798 1110 3859 λαϊ
1122 3816 1206 3872 ος
1250 3801 1431 3879 Η199.
1464 3800 1632 3861 Pros.
1663 3804 1767 3861 att.
1798 3798 1960 3878 quod
1998 3800 2058 3860 in
2090 3797 2405 3876 superficie
2436 3801 2543 3876 est,
2586 3815 2793 3877 66961·-

548 3902 738 3963 ficiem
783 3908 1012 3964 tantum
1061 3905 1274 3982 tangit,
1317 3923 1354 3964 6
1397 3903 1587 3963 subet.
1633 3892 1946 3981 ἐπιπολή,
1991 3902 2162 3962 cuius
2204 3902 2522 3978 genetivus
2565 3903 2793 3961 tantum
2866 3933 2887 3956 1

545 3997 876 4085 ἐπιπολῆς
948 4011 1278 4083 usurpatur
1348 4005 1786 4066 adverbialiter.
1902 4004 2070 4065 Benf.
2140 4004 2289 4064 Wzl.
2336 4004 2421 4082 11,
2461 3998 2570 4081 83,
2630 4003 2796 4065 cart.

545 4110 641 4170 Et.
683 4129 741 4169 6.
773 4105 915 4169 353.

713 4216 1224 4290 πορφυραῑος
1281 4228 1628 4290 purpureus
1682 4211 1862 4288 Greg.
1910 4211 2095 4289 Nysa,
2132 4209 2186 4287 Ι,
2235 4203 2447 4287 9.135
2480 4208 2545 4268 G.
2589 4207 2794 4284 Gyrill.
3162 4247 3163 4258 ¹

541 4313 775 4374 Hieros,
818 4333 878 4392 9.
915 4311 1031 4371 180
1063 4315 1127 4376 C.
1186 4314 1472 4393 Palaeph.
1516 4332 1566 4374 c.
1597 4309 1697 4371 62.
1762 4313 1985 4375 Philes.
2029 4312 2103 4372 de
2148 4313 2324 4372 anim.
2366 4328 2572 4388 propr.
2604 4306 2705 4388 41,
2735 4304 2794 4368 6.
3150 4307 3164 4837 ὁ
