3166 4871
584 259 704 322 186
1607 254 1864 310 Zacber

579 433 765 495 linum
812 417 1139 510 ὄρφναῑος
1184 437 1557 512 usurpatum,
1601 434 1872 493 similiter
1916 435 2089 494 etiam
2132 434 2239 492 illa
2267 434 2626 510 temporalia
2656 438 2836 494 nata:

580 533 992 615 δευτεραῖος,
1051 522 1397 614 ὑστεραία,
1457 530 1831 615 προτεραία
1886 536 1961 595 nl.
2058 535 2147 598 cf.
2202 537 2378 597 etism
2445 529 2839 625 ἐρυθραῑος,

580 635 938 709 σταδιαῑος.
1025 640 1243 717 Neque
1301 638 1466 699 nullo
1527 638 1668 698 huic
1722 640 2052 699 sententiae
2098 640 2320 699 auxilio
2364 644 2507 699 sunt
2550 658 2709 715 quae
2750 641 2837 699 ab

579 743 884 813 adverbiis
941 743 1128 803 dueta
1171 741 1471 802 videntur.
1560 743 1715 801 Nam
1773 742 2010 802 illorum
2072 741 2493 802 adverbiorum
2542 742 2838 819 pleraque

453 886 466 899 ·
578 847 850 925 stirpium
906 846 974 905 in
1023 861 1061 903 ο
1124 862 1301 905 casus
1355 845 1488 904 sive
1547 846 1820 905 neutrius
1881 846 2120 920 generis
2180 863 2314 905 esse
2370 845 2500 905 sive
2560 845 2836 904 feminini

579 954 830 1027 constat,
871 953 931 1009 et
975 948 1139 1011 haud
1182 948 1306 1008 scio
1351 966 1426 1011 an
1474 947 1737 1008 feminini
1784 948 1977 1025 plura.
2065 949 2307 1025 Itaque,
2351 951 2418 1007 ut
2461 940 2716 1017 εἰκαῖος
2754 966 2837 1006 ex

582 1046 743 1131 εἰκῆ,
787 1043 1171 1163 &genevefae
1214 1069 1289 1110 ex
1320 1043 1655 1128 ἐξαπίνης,
1700 1050 1785 1109 sie
1832 1069 1951 1110 non
1984 1051 2332 1111 incredibile
2364 1055 2471 1143 est,
2515 1037 2840 1129 ἣσυχαῐος

581 1173 699 1216 non
746 1153 820 1213 ab
865 1138 1107 1232 ήσυχος
1145 1153 1251 1213 sed
1283 1153 1359 1212 ab
1390 1139 1599 1231 ἡσυχῆ
1631 1152 1963 1214 derivatum
1997 1171 2142 1213 esse.
2217 1155 2347 1212 Hac
2376 1154 2564 1230 igitur
2597 1154 2837 1213 ratione

580 1258 757 1318 etiam
802 1257 923 1319 alia
967 1260 1223 1334 possunt
1262 1274 1301 1314 e
1341 1255 1647 1316 femininis
1689 1256 2121 1333 adjectivorum
2175 1255 2385 1316 formis
2442 1255 2837 1316 descendere.

580 1358 953 1437 Quamquam
999 1359 1262 1419 omnium
1307 1357 1465 1419 hane
1510 1358 1800 1434 originem
1845 1358 2027 1419 fuisse
2075 1378 2230 1434 nego
2276 1378 2403 1418 eam
2450 1360 2708 1418 maxime
2752 1359 2834 1417 ob

581 1481 853 1539 causam,
913 1461 1074 1539 quod
1121 1461 1414 1540 pleraque
1460 1465 1787 1539 prototypa
1830 1464 2041 1529 carent,
2083 1461 2277 1523 forma
2321 1452 2625 1521 feminina.
2710 1460 2835 1520 Sed

579 1567 756 1626 etiam
802 1566 851 1625 si
896 1583 1014 1625 non
1060 1565 1322 1625 omnium
1366 1564 1743 1642 singulorum
1790 1565 2112 1640 nominum,
2169 1570 2368 1624 tamen
2410 1564 2607 1623 omnis
2652 1564 2834 1623 huius

581 1667 878 1729 formandi
921 1668 1160 1744 generis
1205 1667 1361 1727 illam
1405 1666 1595 1727 fuisse
1638 1667 1930 1744 originem
1961 1686 2081 1727 non
2116 1666 2463 1727 incredibile
2492 1671 2604 1743 est,
2653 1665 2833 1725 modo

581 1768 660 1831 ne
702 1771 1076 1835 abstractam.
1093 1788 1331 1849 semper
1360 1769 1855 1847 significationem
1885 1770 2006 1830 illis
2035 1768 2337 1830 femininis
2365 1773 2831 1847 prototyporum

581 1872 768 1934 fuisse
825 1873 1090 1933 Blihlere
1151 1871 1569 1935 eoncedamus.
1674 1874 1761 1933 Ea
1822 1873 2177 1933 condicione
2238 1873 2467 1948 accipio
2529 1871 2696 1948 quod
2755 1871 2833 1931 de

581 1975 1007 2053 posterioribus
1051 1974 1231 2039 huius
1272 1975 1709 2037 terminationis
1752 1974 1891 2035 fatis
1936 1975 2110 2034 dicit:
2166 1976 2296 2052 „Da
2339 1993 2463 2034 nun
2509 1974 2620 2034 das
2663 1972 2834 2033 femi·

580 2080 798 2143 ninum·
833 2079 939 2139 der
983 2078 1280 2155 adjectiva
1323 2082 1529 2154 spater
1586 2078 1796 2138 immer
1856 2078 2025 2138 mehr
2069 2076 2165 2137 die
2210 2075 2835 2154 abstractbedeutung

582 2184 886 2243 einbllsste
931 2180 1055 2242 und
1099 2181 1327 2241 andere
1372 2180 1729 2258 bildungen‚
1787 2179 2119 2241 besonders
2161 2196 2256 2258 ια,
2308 2178 2487 2239 dafnr
2530 2179 2831 2241 sintraten

583 2275 736 2366 [sive
779 2283 945 2360 quod
990 2284 1179 2343 multa
1222 2283 1539 2361 adjectiva,
1582 2300 1738 2360 quae
1783 2282 1952 2360 prius
1995 2278 2262 2361 τριγενῆ
2305 2280 2579 2358 fuerant,
2620 2286 2835 2358 postea

580 2385 832 2448 formam
863 2385 1202 2446 femininam
1234 2386 1579 2465 omiserunt,
1610 2385 1683 2446 cf.
1706 2385 1977 2446 Kilhner.
2001 2384 2170 2446 Ausf.
2200 2403 2289 2462 gr.
2313 2379 2456 2463 412,
2500 2384 2591 2444 La
2620 2384 2831 2446 Roche

357 2453 364 2460 ·
460 2533 470 2542 .
581 2490 642 2550 in
688 2490 860 2549 Zsch.
904 2488 944 2548 f.
988 2491 1099 2549 ost.
1144 2489 1359 2565 Gymn.
1403 2485 1503 2567 27,
1547 2508 1606 2567 p.
1638 2485 1753 2547 801
1784 2489 1960 2566 sqq.],
2003 2487 2260 2549 standen
2302 2488 2402 2549 die
2447 2487 2679 2549 formen
2726 2488 2842 2548 anf

583 2608 729 2662 αιος
771 2591 978 2670 ellein,
1036 2590 1137 2652 die
1185 2596 1283 2652 art
1327 2591 1450 2652 und
1496 2592 1671 2652 weise
1714 2591 1879 2652 ihrer
1923 2591 2172 2667 bildung
2215 2591 2358 2667 ging
2402 2590 2536 2650 dem
2582 2592 2829 2668 sprach-

581 2694 938 2755 bewustsein
999 2694 1278 2760 verioren
1337 2693 1461 2754 und
1519 2710 1665 2764 αιος
1720 2698 1843 2753 trat
1894 2694 1985 2754 als
2039 2692 2478 2771 selbstitndiges
2522 2692 2704 2753 suffix
2749 2711 2829 2752 an

582 2795 1013 2858 versehiedene
1069 2790 1372 2856 themen“.
1471 2796 1857 2857 Memorabile
1916 2802 2008 2866 est
2062 2797 2240 2856 etiam
2300 2796 2440 2873 hoc,
2498 2794 2664 2874 quod
2706 2794 2829 2870 Aly

583 2917 640 2976 p.
669 2895 743 2954 15
771 2897 1045 2977 adnotat,
1084 2899 1395 2975 complura
1423 2903 1485 2958 et
1509 2918 1586 2960 ea
1613 2898 1948 2958 vetustiora
1975 2897 2032 2957 id
2064 2915 2256 2974 genus
2284 2897 2524 2958 derivat
2550 2900 2651 2958 ain
2685 2914 2831 2968 αιος

582 2999 953 3061 descendere
1006 3018 1046 3060 a
1102 2999 1401 3061 femininis
1446 3002 1505 3060 in
1550 3017 1658 3073 ος,
1716 3006 1785 3060 ut
1826 2987 2084 3073 ὁδαῖος,
2143 2997 2446 3079 ληνατος,
2498 3005 2823 3078 χερσαῖος.

580 3104 859 3181 Denique
887 3103 948 3164 in
980 3122 1099 3163 non
1130 3103 1314 3163 nullis
1343 3121 1499 3180 quae
1528 3122 1565 3162 a
1594 3103 1932 3163 nominibus
1962 3101 2307 3180 compositis
2351 3102 2622 3163 derivata
2666 3107 2825 3178 sunt,

582 3205 658 3265 ad
707 3206 1184 3268 terminationem
1227 3221 1375 3275 αιος
1417 3206 1755 3282 ponendam
1812 3206 2064 3283 permoti
2118 3223 2253 3266 esse
2294 3204 2582 3265 videntur
2624 3223 2701 3265 ea
2742 3223 2829 3282 re,

581 3307 744 3385 quod
789 3309 1086 3386 posterior
1129 3308 1439 3385 compositi
1484 3325 1629 3386 pars
1673 3327 1712 3368 a
1746 3308 2124 3369 substantivo
2155 3309 2382 3384 primae
2412 3306 2828 3367 declinationis

581 3409 765 3470 ducta
822 3414 979 3486 erat,
1039 3410 1207 3470 velut
1260 3398 1591 3489 ἐφήβαιον
1648 3430 1724 3471 ex
1781 3401 2055 3489 ἔφηβος,
2115 3410 2150 3470 i.
2182 3428 2233 3470 e,
2277 3393 2381 3485 ἐφ’
2422 3394 2598 3488 ἥβην
2638 3397 2825 3487 γενό-

578 3527 800 3588 μενος,
839 3509 1243 3591 κολουραϊος
1288 3532 1368 3573 ex
1407 3500 1739 3592 κόλουρος
1784 3514 1820 3573 i.
1851 3531 1902 3573 e.
1944 3501 2160 3571 κόλον
2203 3495 2418 3590 ουρὰν
2462 3502 2652 3589 ἔχων.

949 3744 1008 3811 2.
1054 3743 1304 3812 Nomina
1349 3746 1407 3813 ln
1453 3768 1600 3823 αιος
1643 3763 1800 3830 quae
1843 3746 2117 3813 videntur
2160 3747 2445 3815 verbalia.

752 3912 867 3981 70.
912 3921 1044 3981 Jam
1092 3922 1234 3983 satis
1278 3922 1525 3999 antiquo
1570 3923 1756 3999 igitur
1798 3929 2067 4000 tempore
2108 3923 2185 3984 ad
2229 3923 2482 4000 quaevis
2525 3924 2828 3985 secundae

579 4022 999 4085 declinationis
1041 4024 1282 4085 nomina
1325 4026 1667 4096 terminatio
1713 4042 1858 4096 αιος
1892 4026 2271 4105 affigebatur.
2342 4027 2543 4104 Atque
2570 4028 2828 4087 maxime

579 4125 823 4203 quidem
884 4128 1061 4187 Iones
1122 4129 1238 4188 hee
1295 4127 1688 4188 derivationis
1731 4147 1923 4206 genus
1974 4128 2360 4206 adamabant‚
2417 4145 2603 4206 saepe
2654 4128 2828 4188 nullo

579 4228 1033 4306 significationis
1071 4229 1411 4292 discrimine
1455 4231 1613 4291 inter
1655 4231 1957 4307 primitiva
2006 4235 2068 4291 et
2120 4231 2420 4309 derivata,
2477 4248 2827 4308 quanquam
