3166 4871
568 267 692 328 412

568 442 736 519 ponti
790 439 1208 501 mediterranei
1257 444 1316 499 et
1361 439 1677 497 Armeniae
1725 439 1967 500 minoris
2013 446 2072 500 et
2119 440 2488 517 Lycaoniae,
2534 458 2815 517 procura-

568 544 685 602 tori
729 544 973 603 Raetiae
1017 543 1235 603 flamini
1281 543 1417 600 Divi
1462 542 1752 627 Hadriani
1799 541 2216 613 (Concordiae.
2263 561 2502 618 recogn.
2550 544 2813 602 Momms.

570 645 634 707 Ο.
665 647 707 705 Ι.
739 644 808 704 L.
854 647 920 704 V.
967 642 1175 717 8660).

740 745 804 820 5)
852 749 928 808 M.
974 746 1300 824 Calpurnio
1346 747 1609 807 Senecae
1653 746 1841 823 praef.
1888 747 2099 806 classis
2131 792 2143 804 .
2176 791 2188 803 .
2220 792 2234 806 .
2266 765 2430 824 proc.
2469 748 2817 823 provinciae

570 850 916 910 Lusitaniae
975 856 1036 910 et
1095 849 1412 910 Vettoniae
1473 869 1531 926 p.
1576 868 1637 925 p.
1704 849 1816 926 leg.
1863 851 1890 907 Ι
1943 849 2165 926 adjutr.
2223 847 2309 922 (C.
2344 851 2389 908 1.
2419 851 2485 908 L.
2532 851 2606 909 11.
2654 853 2814 910 1178

571 953 762 1013 Wilm.
814 956 1006 1014 1696:
1055 953 1188 1011 aevi
1234 953 1441 1027 optimi
1486 949 1926 1024 Antoniniani).

743 1056 806 1129 6)
853 1057 929 1114 Μ.
974 1054 1251 1131 Aquilius
1283 1100 1297 1114 .
1327 1098 1341 1113 .
1372 1073 1627 1114 acensus
1673 1055 1851 1131 equit.
1908 1055 2072 1114 Rom.
2119 1053 2307 1131 praef.
2367 1054 2575 1113 classis
2621 1055 2819 1114 Praet.

572 1160 796 1218 Raven.
841 1176 1009 1235 proc.
1058 1157 1291 1233 patrim.
1337 1157 1490 1233 priv.
1534 1174 1701 1232 proc.
1764 1175 1928 1233 oper.
1987 1157 2148 1233 publ.
2207 1176 2263 1233 p.
2317 1175 2374 1232 p.
2421 1156 2535 1233 leg.
2593 1154 2818 1229 (Antii;

573 1260 852 1320 Kellcrm.
898 1259 1090 1319 deser.
1137 1258 1329 1318 Wilm.
1378 1262 1575 1335 12753
1621 1264 1980 1335 procurator
2025 1278 2186 1336 oper.
2234 1258 2399 1337 publ.
2443 1278 2494 1318 a.
2545 1261 2707 1332 193).

746 1361 807 1436 7)
860 1363 929 1421 L.
975 1361 1271 1421 Cammius
1325 1359 1710 1421 Secundinus
1768 1381 1825 1439 p.
1871 1381 1927 1439 p.
1973 1361 2156 1438 praef.
2202 1361 2312 1437 leg.
2357 1362 2409 1420 X
2454 1379 2620 1437 proc.
2664 1363 2819 1437 Aug.

571 1463 796 1536 (Firmi.
828 1458 1117 1524 Muratori
1169 1467 1307 1540 705,
1340 1468 1393 1524 6.
1461 1462 1562 1522 Or.
1609 1468 1794 1525 3157.
1872 1464 2062 1523 Wilm.
2113 1466 2309 1532 1638;
2356 1465 2534 1523 tertio
2581 1463 2818 1522 saeculo

573 1566 927 1628 tribuendus
990 1570 1082 1625 est
1142 1565 1352 1625 titulus
1412 1571 1661 1643 propter
1714 1565 2085 1643 praefectum
2133 1567 2383 1643 legionis
2427 1564 2526 1638 (cf.
2573 1566 2818 1625 Henzen

571 1688 710 1729 ann.
754 1669 867 1729 del.
911 1670 1056 1729 Inst-
1104 1671 1268 1730 1860
1312 1688 1368 1745 p.
1417 1672 1537 1738 62).

745 1772 809 1845 8)
853 1814 1189 1831 ........
1221 1790 1276 1849 p.
1323 1789 1379 1847 p.
1428 1770 1620 1846 praef.
1664 1770 1776 1847 leg.
1826 1770 2014 1848 (proc.
2059 1790 2229 1846 prov.
2275 1768 2623 1843 Gallia)rum
2667 1772 2821 1848 Lug.

573 1879 636 1935 et
686 1875 842 1953 Aqu.
898 1892 1060 1951 proc.
1118 1875 1434 1951 prolegato
1495 1870 1897 1949 pro(vinciae)
1946 1872 2029 1946 (in
2077 1873 2325 1933 aedibus
2370 1873 2623 1951 publicis
2669 1866 2821 1931 Rea·

572 1979 711 2037 tinis
756 1977 872 2036 vid.
919 1977 1261 2036 Mommsen.
1308 1976 1495 2035 Henz.
1545 1972 1756 2047 6933).

745 2077 808 2150 9)
862 2078 926 2140 O.
969 2078 1168 2138 Titius
1220 2097 1383 2156 proc.
1433 2097 1605 2154 prov.
1651 2078 1928 2156 primipil.
1974 2078 2086 2155 leg.
2134 2079 2239 2137 ΙΙΙ.
2286 2078 2445 2155 Aug.
2490 2078 2632 2137 Piae
2678 2078 2822 2135 Vin·

575 2182 724 2242 dicis
793 2182 1132 2248 (Emeritae.
1190 2181 1252 2242 C.
1298 2182 1341 2240 1.
1386 2182 1454 2240 L.
1510 2182 1587 2240 11.
1648 2179 1799 2252 484)
1869 2187 2116 2258 propter
2178 2199 2509 2256 cognomen
2571 2179 2823 2255 legionis

574 2286 716 2345 Piae
769 2283 1035 2344 Vindicis
1095 2284 1332 2343 titulum
1393 2288 1533 2360 post
1576 2284 1929 2362 Septimium
1995 2285 2281 2344 Severum
2343 2284 2628 2359 scriptum
2689 2301 2821 2342 esse

575 2391 824 2448 constat.
871 2386 946 2447 cf.
991 2404 1192 2463 supra.

749 2493 853 2561 10)
900 2492 971 2549 D.
1005 2491 1079 2548 M.
1110 2490 1180 2548 L.
1212 2488 1482 2549 Comini.
1516 2535 1529 2548 .
1561 2533 1575 2547 .
1607 2533 1621 2548 .
1654 2510 1709 2567 p.
1743 2509 1799 2566 p.
1849 2490 1937 2549 bis
1988 2489 2368 2566 procuratori
2411 2490 2488 2549 M.
2533 2488 2819 2548 Antonini

574 2593 730 2669 Aug.
786 2592 974 2669 praef.
1030 2592 1144 2668 leg.
1189 2592 1244 2650 11
1303 2584 1610 2666 Trajanae
1658 2592 1834 2652 fortis
1885 2594 1979 2652 CO
2028 2594 2159 2651 trib.
2206 2594 2369 2651 chor.
2416 2600 2528 2652 etc.
2574 2589 2823 2663 (Tibure

574 2694 766 2755 Orelli
810 2698 977 2756 3444
1022 2695 1096 2752 cf.
1142 2692 1346 2767 infra).
2277 2745 2281 2748 ⁴

749 2797 853 2870 11)
914 2796 982 2856 L.
1026 2797 1253 2857 Mussio
1302 2797 1634 2856 Aemiliano
1695 2797 1813 2855 1111
1866 2798 2027 2856 milit
2094 2817 2148 2857 v.
2211 2816 2261 2858 e.
2321 2795 2508 2874 praef.
2567 2796 2825 2855 vehicul.

482 2975 488 2981 ·
573 2902 767 2961 trium.
812 2919 979 2978 prov·
1024 2899 1176 2959 Gall.
1221 2898 1417 2977 Lugd.
1463 2903 1522 2958 et
1550 2899 1916 2975 Aquitaniae
1961 2900 2037 2958 ad
2083 2898 2250 2961 S—-S
2281 2900 2388 2958 LX
2450 2917 2612 2977 proc.
2652 2898 2824 2957 Alex.

576 3003 773 3065 Pelusi
819 3023 873 3079 p.
919 3007 1091 3079 praet
1128 3001 1206 3061 ad
1238 3000 1404 3061 S-S
1437 3002 1482 3062 C
1529 3006 1640 3061 etc.
1689 3000 1952 3074 (Romae.
1986 3002 2174 3063 Orelli
2207 3006 2376 3064 3178
2423 3001 2497 3061 de
2525 3001 2638 3060 illis
2675 3001 2825 3071 „1111

575 3106 857 3165 militiae“
919 3106 1045 3164 sive
1108 3124 1181 3177 „a
1225 3110 1510 3182 quattuor
1569 3104 1827 3163 militiis“
1895 3125 1948 3162 v.
2007 3106 2197 3181 Marq.
2244 3105 2303 3164 II
2350 3108 2472 3165 366
2520 3108 2579 3163 et
2623 3098 2825 3174 infra.)

746 3394 979 3454 Titulos
1023 3412 1098 3453 ex
1142 3392 1349 3453 ordine
1395 3393 1825 3471 chronologico
1876 3393 2247 3470 perscriptos
2293 3394 2342 3453 si
2376 3393 2827 3472 perlustramus,

575 3498 1028 3575 primipilarium
1089 3499 1148 3556 in
1213 3496 1727 3556 administratione
1791 3497 2031 3574 publica
2095 3496 2507 3556 condicionem
2565 3496 2674 3555 sub
2719 3495 2824 3554 im-

573 3600 956 3678 peratoribus
1018 3601 1216 3676 gentis
1284 3600 1470 3659 [uliae
1537 3598 1834 3658 diversam
1918 3599 2102 3658 fuisse
2183 3604 2370 3675 atque
2442 3597 2826 3658 inferioribus

577 3701 871 3762 aetatibus
915 3702 1350 3778 cognoscimus.
1438 3702 1529 3761 Ac
1573 3701 1832 3779 primum
1883 3699 2125 3777 quidem
2175 3720 2330 3778 quae
2372 3700 2446 3759 de
2493 3701 2826 3759 vetustiori-

576 3807 689 3865 bus
733 3805 847 3864 illis
892 3804 1273 3881 temporibus,
1318 3803 1394 3862 ad
1440 3807 1595 3879 qua'e
1641 3804 1755 3862 loci
1801 3820 1845 3861 s.
1891 3822 1937 3861 s.
1997 3808 2159 3864 1—-3
2209 3806 2514 3881 spectant,
2574 3801 2828 3861 dicenda

578 3910 730 3978 sunt,
777 3908 987 3984 paucis
1033 3924 1346 3983 exponam.

638 4034 647 4041 ‘
749 4028 913 4086 Inter
971 4027 1135 4085 locos
1193 4044 1238 4084 e.
1282 4043 1328 4084 s.
1379 4029 1410 4084 1
1438 4029 1578 4085 -3
1644 4025 1800 4084 alter
1859 4030 2100 4100 praeter
2146 4029 2377 4083 ceteros
2429 4023 2828 4082 memorabilis

578 4147 711 4189 esse
765 4127 1027 4198 videtum
1098 4127 1274 4187 docet
1333 4126 1489 4187 enim
1558 4128 1830 4186 Raetiam
1908 4130 1969 4185 et
2028 4126 2416 4186 Vindeliciam
2484 4130 2544 4185 et
2598 4125 2828 4185 Vallem

578 4233 920 4310 Poeninam‚
964 4249 1119 4308 quae
1162 4234 1372 4308 postea
1414 4230 1490 4289 ab
1529 4248 1650 4290 uno
1681 4237 2090 4306 procuratore,
2134 4229 2277 4289 inde
2322 4249 2359 4289 a
2389 4231 2465 4289 M.
2502 4229 2745 4289 Aurelio
2792 4247 2830 4288 a
