3166 4871
2531 319 2649 381 431

410 495 710 557 turionica
771 495 1054 556 merenda
1119 495 1194 555 ad
1256 493 1601 555 inferiorem
1662 493 1931 554 ordinem
1979 494 2442 572 descenderant,
2486 511 2653 570 spem

412 599 700 675 pristinae
743 598 1050 675 dignitatis
1093 598 1544 675 recuperandae
1591 616 1712 658 non
1757 595 2034 658 defuisse.

582 702 747 761 Haec
790 701 918 762 fere
964 708 1141 781 sunt,
1195 720 1350 780 quae
1411 702 1487 761 de
1546 700 1840 782 eJusmodi
1895 700 2348 761 centurionibus
2394 718 2470 761 ex
2513 700 2654 760 scri-

413 803 683 881 ptoribus
753 809 815 864 et
880 806 1277 866 monumentis
1342 805 1719 865 saeculorum
1784 823 1841 881 p.
1905 803 1966 864 O.
2027 803 2056 862 1
2116 807 2176 862 et
2226 803 2284 862 11
2339 803 2439 863 vel
2490 806 2657 863 certa

411 908 934 983 argumentatione
996 908 1091 968 vel
1151 908 1498 984 conjectura
1541 907 1670 966 erui
1717 924 1897 985 posse
1942 905 2239 965 videntur.
2326 902 2441 965 Sed
2487 909 2666 965 ante-·

414 1028 591 1086 quam
640 1009 716 1069 ad
760 1009 1101 1070 inferiorem
1146 1013 1399 1069 aetatem
1445 1012 1771 1086 transeam,
1817 1027 1886 1068 ea
1930 1023 2084 1085 quae
2129 1025 2313 1085 supra
2357 1007 2657 1084 copiosius

413 1113 686 1188 exposita
732 1117 900 1183 sunt,
945 1116 1013 1172 ut
1056 1111 1292 1172 facilius
1323 1130 1454 1171 cum
1495 1111 1583 1189 iis,
1628 1128 1784 1188 quae
1816 1114 2170 1188 sequuntur,
2216 1113 2654 1187 comparentur,

413 1214 618 1289 paucis
661 1213 862 1275 verbis
904 1217 1188 1290 repetam.

585 1334 678 1394 Ab
724 1337 922 1394 aetate
966 1333 1194 1393 Tiberii
1245 1351 1438 1410 usque
1491 1334 1565 1393 ad
1613 1332 1790 1392 finem
1837 1332 2064 1393 saeculi
2106 1329 2355 1391 secundi
2401 1330 2504 1390 filii
2551 1349 2657 1391 no-

411 1434 684 1496 biliorum
760 1434 1116 1495 familiarum
1191 1435 1522 1496 litterarum
1601 1436 1850 1496 scientia
1920 1435 2064 1495 satis
2135 1433 2442 1509 instructi,
2515 1432 2657 1509 quia

414 1539 707 1615 angustiis
751 1557 949 1599 rerum
998 1538 1373 1599 familiarium
1418 1538 1909 1616 prohibebantur,
1955 1524 2274 1615 quominus
2313 1535 2653 1595 militiarum

423 1642 793 1717 equestrium
826 1647 1095 1719 sumptus
1126 1641 1371 1722 ferrent,
1401 1643 1637 1720 abjecta
1668 1641 1956 1716 dignitate
1989 1639 2250 1717 equestri
2281 1638 2355 1698 ad
2387 1638 2654 1697 militiam

413 1743 755 1805 inferiorem
788 1762 920 1804 sese
966 1744 1451 1822 accomodarum,
1508 1748 1574 1804 ut
1620 1742 1927 1820 haberent,
1971 1742 2133 1801 unde
2179 1742 2360 1800 vitam
2405 1740 2655 1801 honeste
2741 1753 2750 1759 ·

350 1924 357 1929 ·
416 1847 773 1923 tolerarent3
837 1851 895 1907 et
961 1848 1173 1907 horum
1234 1847 1702 1907 adolescentium
1767 1846 1941 1921 copia
2000 1844 2154 1904 omni
2200 1849 2470 1919 tempore
2515 1844 2659 1903 satis

418 1967 636 2026 magna
694 1949 878 2010 fuisse
925 1949 1195 2027 videtur,
1257 1952 1323 2008 ut
1384 1950 1451 2026 is,
1510 1967 1685 2026 quem
1746 1967 1866 2008 non
1928 1945 2127 2007 fautor
2180 1947 2398 2023 aliquis
2440 1952 2655 2024 potens

420 2053 880 2130 commendaret,
922 2070 1104 2130 saepe
1151 2052 1374 2111 frustra
1418 2054 1669 2128 peteret.

588 2172 1067 2232 Remittebantur
1127 2175 1323 2231 autem
1379 2171 1601 2231 talibus
1646 2169 1981 2230 hominibus
2026 2169 2324 2247 stipendia
2367 2169 2656 2247 gregalia,

415 2274 498 2333 ita
558 2276 625 2332 ut
688 2274 763 2333 ab
828 2272 1035 2333 ordine
1097 2273 1383 2333 ducendo
1430 2274 1800 2351 inciperent3
1875 2274 1932 2332 in
1980 2272 2124 2349 ipsis
2166 2271 2478 2350 stipendiis
2522 2290 2655 2331 cen-

414 2367 723 2435 turionicis
780 2378 981 2435 autem
1042 2376 1218 2435 sicuti
1284 2394 1489 2437 omnes
1536 2394 1645 2454 per
1689 2375 1954 2435 diversos
1996 2374 2223 2453 gradus
2268 2392 2511 2437 currere
2557 2373 2658 2433 de-

415 2477 637 2538 bebant
682 2497 879 2556 neque
924 2480 1100 2555 pauci
1147 2480 1244 2539 vel
1290 2480 1348 2537 in
1396 2478 1784 2538 inferioribus
1829 2478 2115 2555 gradibus
2160 2478 2501 2538 haerebant,

584 2598 811 2659 Tamen
874 2599 975 2676 qui
1034 2604 1343 2658 strenuum
1406 2617 1469 2658 se
1530 2592 1918 2675 praestiterat
1972 2602 2032 2657 et
2090 2597 2168 2657 ad
2230 2597 2655 2676 primipilatum

417 2706 798 2779 pervenerat,
844 2702 1072 2778 optima
1116 2719 1222 2777 spe
1271 2702 1449 2761 altius
1479 2700 1902 2778 progrediendi
1935 2704 1995 2760 et
2024 2699 2334 2778 dignitatis
2364 2700 2660 2776 equestris

419 2803 872 2880 recuperandae
917 2803 1251 2864 tenebatur.

588 2921 759 2993 Quae
789 2921 985 2980 adbuc
1017 2921 1270 2997 exposui
1300 2920 1373 2981 de
1406 2921 1644 2981 duobus
1673 2921 1880 3000 primis
1913 2927 2050 2998 post
2072 2920 2371 2982 Christum
2404 2921 2659 2981 saeculis

416 3021 636 3083 valent.
736 3023 907 3082 Post
966 3022 1184 3083 finem
1231 3022 1533 3083 secundi
1591 3023 1708 3083 vel
1766 3024 2046 3083 initium
2101 3023 2305 3084 tertii
2350 3023 2660 3098 saeculi,

418 3123 580 3201 quod
625 3125 826 3200 sciam,
885 3143 1082 3202 neque
1147 3129 1423 3186 auctores
1483 3143 1681 3203 neque
1741 3124 1899 3185 tituli
1957 3128 2164 3201 aperte
2209 3124 2536 3202 quidquam
2582 3124 2658 3186 de

418 3227 872 3287 centurionibus
918 3227 1225 3299 nuntiant,
1287 3229 1389 3306 qui
1453 3228 1706 3288 honesto
1768 3228 1900 3288 loco
1957 3227 2080 3287 nati
2136 3227 2395 3287 militiam
2444 3247 2480 3287 a
2524 3246 2658 3289 cen·

417 3331 723 3390 turionatu
784 3331 1077 3407 auspicati
1137 3333 1308 3401 sunt;
1383 3334 1578 3390 tamen
1644 3331 1759 3390 boc
1806 3334 2077 3407 tempore
2123 3330 2217 3390 vel
2262 3330 2506 3407 saepius
2551 3348 2654 3391 eos

418 3431 736 3510 exstitisse,
779 3451 956 3509 quam
1003 3437 1196 3505 antea,
1245 3434 1334 3493 his
1378 3432 1750 3510 potissimum
1797 3432 1978 3493 rebus
2022 3431 2318 3493 adducor:
2377 3429 2438 3505 1)
2485 3430 2660 3494 Ordi-

419 3536 628 3595 narius
673 3539 762 3595 est
806 3536 986 3612 hujus
1030 3536 1243 3596 aetatis
1289 3553 1500 3595 cursus
1544 3536 1872 3595 honorum:
1928 3537 2255 3607 „centurio,
2301 3535 2659 3613 primipilus,

418 3637 762 3716 praefectus
805 3636 1092 3715 legionis“
1144 3639 1241 3697 vel
1301 3626 1670 3715 interpositis
1729 3639 1883 3698 inter
1942 3657 1999 3716 p.
2060 3656 2118 3715 p.
2184 3641 2246 3698 et
2288 3637 2654 3715 praefectum

418 3740 674 3818 legionis
719 3739 1079 3817 quibusdam
1127 3740 1347 3801 militiis
1390 3740 1786 3817 equestribus.

588 3857 977 3919 Praefectura
1007 3859 1277 3936 legionis,
1323 3876 1476 3936 quae
1507 3859 1796 3936 paulatim
1843 3877 1876 3918 e
1917 3858 2298 3937 praefectura
2328 3861 2656 3918 castrorum

420 3960 691 4039 profecta
753 3964 843 4021 est
858 3959 938 4038 ⁴),
993 3961 1136 4022 inde
1197 3981 1232 4021 a
1277 3960 1532 4023 Gallieni
1578 3966 1776 4023 aetate
1830 3962 2161 4039 legatorum
2218 3960 2468 4037 legionis
2525 3961 2657 4021 loco

422 4067 552 4124 erat
597 4067 658 4123 et
700 4063 857 4123 haud
904 4063 1081 4124 dubie
1126 4082 1238 4141 pro
1285 4064 1550 4142 equestri
1596 4064 1882 4143 dignitate
1927 4063 2276 4123 habebatur.
2365 4062 2661 4137 Quocirca

593 4296 640 4362 ⁴)
672 4294 758 4349 De
792 4292 1147 4364 praefectura
1179 4295 1415 4364 legionis
1451 4292 1531 4381 cf>
1562 4294 1873 4350 Wilmanns
1908 4292 2033 4362 eph.
2071 4292 2247 4363 epigr.
2282 4293 2326 4349 Ι.
