3166 4871
2499 307 2618 373 183

385 483 759 561 Kallippides
804 486 1069 560 ausser-t,
1126 482 1251 542 also
1296 482 1359 555 (ἔ)
1404 501 1476 543 zu
1525 482 1987 542 unterscheiden
2048 501 2164 542 von
2220 482 2351 542 dem
2398 483 2618 544 Schau-

384 587 602 662 spicler
657 585 761 644 des
822 585 1188 662 Aeschylus,
1252 586 1433 645 sowie
1481 586 1661 662 jener
1719 585 2089 663 Kallippides
2142 603 2261 644 von
2319 585 2453 645 dem
2515 605 2622 645 zur

381 689 509 747 Zeit
565 687 673 759 des
727 681 1102 765 Sophocles&
1213 687 1511 761 Quoniam
1591 707 1768 747 unum
1845 687 2028 746 fuisso
2107 688 2488 763 Mynniscum
2563 694 2623 748 et

385 809 565 850 uuum
613 789 1006 868 Callippidem
1052 789 1494 851 demonstrasse
1542 790 1677 849 mihi
1727 790 1958 867 videor,
2012 789 2311 849 Welckeri
2360 809 2621 851 errorem

383 893 678 952 indicasse
724 893 868 952 satis
913 900 1020 952 est.

559 996 636 1054 Ut
679 999 805 1055 tota
851 995 923 1054 de
969 995 1080 1054 hoc
1128 995 1414 1054 histrione
1459 995 1732 1072 quaestio
1786 994 2167 1072 absolvatur,
2230 995 2619 1074 Callippidem

383 1116 782 1156 commemoro
843 1096 1101 1174 deniqne
1160 1118 1196 1156 a
1240 1097 1529 1157 Cicerone
1585 1102 1647 1156 et
1691 1115 1726 1155 a
1769 1095 2053 1157 Suetonio
2099 1098 2460 1158 nominatum
2508 1100 2622 1177 (ep.

384 1200 460 1258 ad
506 1199 685 1259 Attic.
731 1200 891 1276 XIII,
952 1204 1029 1260 12
1086 1204 1148 1259 et
1202 1201 1301 1259 vit.
1348 1200 1546 1259 Tiber.
1602 1218 1733 1278 cap.
1780 1196 1919 1272 38),
1985 1218 2161 1276 quem
2225 1201 2326 1260 aiii
2385 1199 2619 1273 (Baum-

384 1303 869 1378 garten-Crusius
928 1303 1001 1361 ad
1066 1301 1228 1362 Suet.
1272 1303 1308 1361 1.
1351 1303 1407 1380 l.,
1463 1302 1824 1363 Schoellius:
1884 1301 2085 1362 Leben
2144 1302 2249 1361 des
2294 1301 2622 1381 Sophocles

383 1423 439 1481 p.
485 1408 600 1481 88,
659 1406 923 1466 Ritterus
969 1404 1044 1465 ad
1090 1407 1192 1465 Ar.
1239 1411 1396 1483 poet.
1456 1425 1506 1465 c.
1551 1403 1658 1477 26)
1718 1404 1973 1465 eundem
2038 1408 2219 1482 atque
2276 1406 2621 1467 histrionem

385 1491 570 1568 fuisse
632 1513 905 1587 censent,
962 1510 1060 1567 aiii
1124 1507 1504 1581 (Schuetzius
1548 1515 1611 1568 et
1652 1508 1705 1569 J.
1749 1508 1812 1568 C.
1861 1508 1930 1568 G.
1980 1509 2132 1568 Boot
2184 1508 2261 1568 ad
2326 1509 2446 1569 Cic.
2493 1511 2530 1569 1.
2563 1509 2624 1580 1.)

384 1619 549 1671 recte
594 1611 668 1670 ab
714 1611 1004 1671 histrione
1050 1611 1421 1689 distinguere
1469 1611 1608 1670 mihi
1653 1611 1952 1670 videntur.
2039 1610 2250 1671 Cicero
2295 1611 2332 1670 l.
2361 1612 2397 1670 l.
2442 1613 2622 1688 „Var-

385 1732 588 1773 ronem
644 1714 750 1774 sibi
797 1713 1240 1774 denuntiavisse
1300 1713 1446 1773 dicit
1501 1732 1776 1791 magnam
1833 1731 1978 1771 sane
2024 1718 2084 1771 et
2128 1731 2371 1788 gravem
2415 1726 2622 1792 προσ-

386 1805 713 1895 φώνησινς
776 1817 881 1875 sed
943 1817 1242 1876 biennium
1305 1816 1719 1894 praeteriisse,
1770 1834 1953 1892 quum
2016 1816 2111 1874 ille
2156 1810 2623 1896 Καλλιππίδης

385 1919 640 1978 adsiduo
673 1937 850 1978 cursu
884 1919 1144 1978 cubitum
1178 1920 1404 1978 nulium
1438 1918 1849 1994 processerit.“
1879 1948 1965 1957 —
2000 1917 2271 1977 Eundem
2304 1919 2626 1980 Suetonius

389 2020 683 2094 significat
712 2020 747 2078 1.
783 2021 835 2096 1.,
883 2020 980 2079 ubi
1010 2020 1313 2079 Tiberium
1357 2024 1493 2095 post
1531 2020 1814 2098 adeptum
1860 2021 2171 2097 imperium
2218 2019 2343 2079 fere
2390 2040 2626 2099 semper

389 2123 548 2181 domi
610 2127 896 2181 moratum
961 2140 1093 2182 esse
1138 2121 1283 2181 dicit
1325 2127 1386 2181 et
1429 2122 1702 2199 quamvis
1757 2141 1936 2200 saepe
1980 2123 2410 2199 profectionem
2456 2142 2622 2200 prae-

389 2230 699 2301 parasset,
759 2229 956 2283 tamen
1003 2225 1214 2300 pedem
1264 2231 1438 2299 porta
1483 2244 1602 2284 non
1661 2225 1981 2302 extulisse,
2040 2224 2201 2285 unde
2261 2244 2370 2303 per
2422 2227 2625 2304 jocum

390 2327 751 2406 Callippides
817 2331 1064 2387 vocatus
1131 2329 1208 2386 sit
1271 2346 1480 2404 „quem
1546 2328 1836 2387 cursitare
1904 2346 1975 2386 ac
2035 2347 2110 2386 ne
2157 2328 2336 2388 cubiti
2383 2328 2625 2405 quidem

389 2450 724 2491 mensuram
773 2430 1053 2509 progredi
1102 2431 1421 2509 proverbio
1467 2449 1684 2507 graeco
1731 2435 1998 2490 notatum
2044 2424 2170 2490 sit.“
2269 2430 2446 2505 Quod
2491 2452 2625 2510 pro-

387 2535 659 2594 verbium
705 2541 899 2594 exstat
961 2535 1019 2593 in
1079 2539 1257 2594 mant.
1302 2552 1470 2611 prov.
1513 2534 1557 2611 1,
1596 2536 1676 2595 87
1724 2551 1770 2593 s.
1801 2553 1854 2593 v.
1898 2522 2333 2611 ,,Κάλλιππος
2373 2528 2626 2614 τρέχει·

389 2630 500 2695 ἐπὶ
558 2635 702 2695 τῶν
752 2626 977 2697 πολλὰ
1027 2627 1466 2715 μελετώντων
1518 2633 1814 2715 ποιῆσαι,
1876 2620 2074 2713 ὀλίγα
2138 2630 2208 2695 δὲ
2240 2627 2626 2716 δρώντων.

387 2737 698 2810 τοιοῦτος
742 2726 869 2819 γὰρ
914 2720 998 2819 ἦν
1048 2727 1495 2810 Κάλλιππος.“
1598 2740 1941 2801 Suetonium
1991 2740 2103 2799 hoc
2149 2740 2337 2816 ipsum
2386 2758 2629 2816 prover-

389 2843 568 2916 bium,
596 2861 954 2919 quamquam
988 2843 1099 2901 sub
1129 2863 1185 2902 v.
1219 2832 1615 2911 Κάλλιππος
1656 2860 1772 2901 non
1812 2834 2286 2920 Καλλιππίδης
2327 2846 2627 2903 servat-um

394 2949 515 3014 est,
591 2946 648 3002 in
713 2946 910 3003 animo
969 2944 1224 3019 habere,
1295 2944 1428 3002 luce
1499 2943 1720 3002 clarius
1780 2947 1889 3001 est.
1998 2941 2133 3015 Quo
2193 2944 2253 3001 in
2312 2944 2631 3019 proverbio

393 3046 699 3105 histrionis
760 3064 837 3106 ne
902 3064 1020 3104 una
1079 3045 1319 3121 quidem
1375 3062 1521 3104 voce
1580 3042 1799 3103 mentio
1860 3043 1952 3102 fit:
2030 3050 2090 3103 et
2144 3045 2519 3120 proverbium
2574 3052 2634 3107 et

395 3148 697 3208 Ciceronis
726 3147 1113 3224 Suetoniique
1160 3147 1348 3206 verba
1394 3145 1633 3222 docent,
1679 3147 1913 3205 mimum
1949 3146 2250 3223 quendam
2297 3147 2635 3226 significari,

394 3252 494 3327 qui
543 3250 792 3311 saliendi
826 3249 1124 3326 quoddam
1158 3267 1354 3327 genus
1384 3251 1466 3308 ita
1496 3248 1850 3324 exercuerit,
1894 3253 1960 3307 ut
1988 3250 2278 3309 cursitare
2310 3248 2633 3322 videretur,

395 3354 603 3414 eodem
660 3359 858 3413 antem
923 3353 1177 3430 vestigio
1238 3354 1602 3427 remaneret;
1679 3370 1866 3428 quare
1911 3339 2343 3429 ,fldiicmtog
2383 3345 2633 3432 vpe‘xsffi‘

395 3458 551 3517 idom
598 3456 836 3516 valebat
879 3455 1041 3533 quod
1094 3440 1529 3533 ,,Κὰλλιππος
1571 3441 1932 3533 ἡσυχάζεθ,
1983 3459 2044 3514 et
2100 3460 2239 3532 apte
2286 3475 2394 3534 per
2428 3457 2633 3534 Jocum

397 3561 471 3619 de
528 3561 598 3620 iis
659 3559 994 3637 dicebatur,
1055 3560 1156 3636 qui
1219 3559 1520 3636 quamvis„
1556 3558 1740 3617 multa
1799 3575 1862 3617 se
1922 3557 2187 3633 facturos
2248 3559 2633 3630 minarentur,

394 3671 592 3722 tamen
653 3662 795 3722 nihil
851 3662 1260 3740 proficiebant.
1379 3661 1593 3720 Utrum
1641 3662 1699 3720 in
1745 3661 1983 3720 nomine
2025 3648 2514 3738 ,,Κάλλιππος“
2557 3680 2632 3721 an

396 3758 934 3845 ,,Καλλιππίδης“
994 3763 1271 3824 standum
1332 3763 1437 3839 sit,
1505 3763 1622 3823 hoc
1682 3763 1814 3823 ioco
1873 3782 1990 3823 non
2047 3766 2138 3823 est
2196 3763 2636 3842 quaerendum;

396 3877 558 3929 certe
630 3868 911 3929 abhorret
981 3870 1194 3928 mimus
1260 3865 1818 3945 paroemiographi‚
1879 3865 2218 3942 Ciceronis,
2281 3863 2551 3927 Suetonii
2601 3884 2637 3925 a

397 3971 729 4051 Cal'lippide
793 3973 1110 4049 histrione,
1170 3988 1367 4046 neque
1425 3969 1581 4030 enim
1645 3968 1818 4028 decet
1876 3967 2320 4045 tragoediarum
2373 3973 2636 4029 actorem

397 4076 828 4135 nobilissimum
873 4074 1007 4134 talis
1050 4073 1282 4133 mImica
1326 4089 1440 4132 ars.
1529 4071 1645 4145 Qui
1691 4069 2039 4131 Ciceronem
2088 4074 2147 4130 et
2185 4070 2530 4132 Suetonium
2562 4068 2638 4129 de

401 4178 683 4237 histrione
728 4177 1025 4255 cogitasse
1072 4178 1354 4253 censent,
1409 4172 2121 4250 Baumgarten·CrusiuS,
2164 4171 2476 4243 Schmin&
2519 4172 2638 4232 Rit-

395 4286 582 4357 terus‚
621 4282 678 4341 in
712 4299 976 4340 errorem
1010 4279 1171 4338 ducti
1206 4278 1490 4337 videntur
1520 4294 1669 4335 voce
1713 4268 2078 4353 „xlfflyaeoffl
2124 4292 2245 4351 qua
2274 4273 2638 4353 Callippides

1569 4394 1573 4397 '
2131 4386 2234 4438 12*
