3166 4871
2473 307 2606 371 249

367 478 705 557 significare
762 485 1076 555 poetarum
1120 479 1368 540 fabellas
1429 479 1506 538 ad
1555 481 1867 539 veritatem
1928 480 2118 555 illam,
2177 499 2353 556 quam
2415 480 2604 557 philo-

368 582 540 659 sophi
573 588 952 658 quaererent,
998 582 1219 641 nullius
1251 599 1384 641 esse
1418 582 1728 657 momenti;
1773 582 2206 658 posterioribus
2253 590 2452 641 autem
2482 601 2602 642 non

367 690 548 744 totam
598 685 842 760 poesim,
888 685 992 743 sed
1036 690 1259 744 certam
1305 685 1605 761 quandam
1640 684 1816 743 unius
1863 684 2102 759 generis
2150 687 2439 744 maculam
2486 704 2604 744 non

368 789 494 846 sine
532 786 671 860 jure
728 785 1129 863 reprehendit.
1216 789 1306 846 Ac
1367 806 1439 846 ne
1486 787 1542 845 id
1608 786 1878 863 quidem,
1941 784 2102 863 quod
2148 787 2326 846 Tusc.
2359 793 2413 861 2,
2446 792 2521 848 27
2573 810 2608 846 a

371 890 571 965 poetis
616 889 844 948 animos
905 889 1112 948 molliri
1159 889 1440 964 affirmat,
1500 890 1583 947 ita
1645 887 2032 965 premendum
2080 898 2197 965 est,
2256 893 2604 966 praesertim

370 1011 504 1051 cum
550 992 722 1050 etiam
769 991 1142 1068 philosophis
1197 992 1500 1051 nonnullis
1545 992 1702 1050 idem
1756 991 2078 1068 opprobrio
2125 996 2335 1051 vertat.
2425 995 2607 1069 Aper-

369 1095 591 1154 tissime
639 1100 867 1170 autem,
923 1113 998 1153 ne
1046 1095 1278 1154 nimiam
1328 1096 1441 1152 vim
1502 1093 1580 1152 ad
1641 1093 2119 1172 cognoscendam
2167 1096 2474 1155 Ciceronis
2532 1095 2607 1155 de

369 1204 678 1273 poetarum
723 1195 1015 1271 dignitate
1061 1198 1414 1256 sententiam
1448 1196 1538 1254 his
1582 1203 1645 1255 et
1688 1197 1911 1255 talibus
1951 1197 2097 1255 locis
2140 1196 2492 1272 tribuamus,
2536 1216 2607 1258 eo

372 1316 696 1372 monemur,
742 1297 903 1375 quod
949 1316 1128 1374 saepe
1171 1298 1302 1358 illos
1349 1317 1561 1374 magna
1622 1298 1797 1358 laude
1844 1297 2057 1375 dignos
2116 1318 2248 1358 esse
2292 1298 2608 1376 profitetur

369 1402 631 1477 satisque
691 1401 958 1459 studiose
1010 1401 1068 1459 in
1132 1401 1497 1460 carminibus
1559 1399 1831 1475 legendis
1876 1406 2150 1460 versatus
2208 1408 2313 1460 est.
2408 1403 2608 1478 Atque

373 1508 436 1563 ut
495 1503 758 1563 omittam
816 1521 917 1562 eas
979 1503 1219 1573 laudes,
1283 1522 1429 1564 sane
1491 1502 1736 1563 ininoris
1796 1502 1872 1561 ad
1933 1504 2248 1563 veritatem
2315 1507 2611 1581 momenti,

370 1624 522 1681 quas
568 1607 627 1664 in
674 1606 944 1665 oratione
999 1624 1106 1681 pro
1152 1606 1378 1664 Archia
1423 1606 1624 1666 habita
1643 1603 1719 1677 ⁵⁸)
1771 1607 1831 1664 in
1880 1606 2102 1683 poesim
2165 1607 2445 1683 contulit,
2503 1608 2609 1667 Ca-

371 1716 569 1767 tonem
616 1709 673 1766 in
723 1708 890 1785 libri,
950 1709 1053 1784 qni
1100 1708 1173 1766 ab
1222 1707 1333 1767 hoc
1378 1708 1751 1778 inscribitur,
1812 1705 1847 1777 ξ
1896 1712 1974 1767 24
2039 1708 2194 1766 illam
2257 1714 2609 1785 ceterasque

373 1812 598 1871 litteras
639 1809 840 1869 divina
872 1810 1070 1869 studia
1100 1811 1499 1887 appellantem
1547 1810 1707 1879 facit,
1752 1811 1879 1886 ipse
1925 1815 2121 1869 autem
2169 1810 2393 1882 Quinto
2440 1811 2608 1869 fratri

371 1914 453 1989 (3,
483 1917 543 1990 4,
570 1912 634 1983 4)
679 1913 884 1972 scribit
926 1914 997 1989 ei,
1043 1914 1144 1988 qui
1193 1930 1369 1971 verus
1401 1918 1579 1989 poeta
1625 1914 1881 1972 existere
1915 1912 2075 1987 velit,
2120 1912 2386 1971 (livinum
2419 1912 2607 1989 quod-

372 2015 505 2075 dam
550 2016 851 2090 ingenium
901 2015 1013 2091 vel,
1075 2020 1139 2073 ut
1199 2015 1385 2089 ipsius
1449 2015 1629 2073 verbo
1694 2020 1844 2091 utar,
1902 1999 2399 2090 ἐνθουσιασμὸν
2456 2033 2609 2089 opus

372 2136 503 2176 esse
547 2135 740 2193 neque
772 2116 919 2176 disci
964 2134 1143 2191 posse
1174 2113 1579 2191 poeticam.⁵³')
1672 2115 1863 2186 Adde,
1896 2115 2056 2192 quod
2104 2136 2220 2176 non
2253 2117 2445 2176 solnm
2480 2117 2608 2194 jam

372 2238 530 2279 anno
593 2238 645 2278 a.
692 2218 828 2278 Chr.
875 2238 930 2278 n.
979 2221 1059 2279 59
1121 2219 1320 2278 Attico
1380 2219 1590 2278 scribit
1634 2216 1716 2290 (2,
1748 2222 1803 2288 5,
1837 2216 1900 2287 2)
1961 2218 2071 2277 sibi
2133 2225 2416 2279 statutum
2478 2238 2610 2279 esse

371 2340 504 2382 cum
550 2321 824 2382 omnibus
869 2322 1052 2380 musis
1099 2322 1388 2381 rat-ionem
1434 2320 1660 2381 habere
1706 2324 1767 2379 et
1821 2339 1977 2380 anno
2023 2324 2105 2380 45
2150 2320 2343 2380 eidem
2407 2332 2613 2381 narrat

370 2424 494 2498 (12,
528 2427 625 2496 20,
665 2422 721 2497 1)
766 2444 860 2494 se,
923 2431 989 2484 ut
1034 2423 1299 2484 dolorem
1346 2443 1380 2483 e
1441 2422 1810 2500 reipublicae
1863 2422 2201 2484 conditione
2253 2429 2610 2502 conceptum

373 2528 619 2599 minuat,
675 2533 832 2588 totos
878 2526 1004 2587 dies
1047 2528 1108 2586 in
1156 2526 1367 2587 litteris
1430 2544 1808 2596 consumere,
1872 2526 1978 2585 sed
2025 2527 2203 2587 etiam
2249 2526 2305 2586 d.
2349 2545 2435 2587 or.
2472 2532 2525 2605 1,
2556 2533 2610 2599 2,

371 2649 546 2706 quem
581 2630 792 2690 librum
827 2648 1032 2691 omues
1063 2631 1266 2708 legere
1314 2635 1609 2708 poterant,
1655 2629 1840 2689 libere
1873 2629 2189 2689 confitetur
2234 2647 2300 2688 se
2343 2648 2380 2688 a
2410 2631 2610 2706 pueris

374 2733 581 2791 litteris
612 2732 942 2793 tractandis
974 2751 1216 2808 operam
1250 2732 1503 2791 dedisse.
1593 2732 1792 2808 Atque
1840 2750 2199 2808 quamquam
2226 2732 2329 2791 vix
2362 2732 2610 2792 dubium

370 2840 485 2912 est,
532 2836 673 2911 quin
721 2854 838 2894 uon
885 2839 1002 2894 tam
1064 2836 1329 2912 poetices
1373 2852 1602 2908 amore,
1663 2851 1839 2909 quam
1901 2835 2185 2892 orationis
2244 2833 2612 2893 excolendae

370 2936 566 2996 studio
623 2943 953 2996 commotus
1008 2935 1326 2995 admodum
1377 2936 1629 3012 juvenis
1687 2936 1853 2994 Arati
1913 2936 2289 3010 aliorumque
2350 2936 2613 2994 carmina

370 3041 430 3098 in
475 3039 735 3114 linguam
770 3044 1080 3114 paternam
1126 3037 1522 3107 transtulerit,
1565 3043 1764 3095 tamen
1796 3054 1929 3094 cum
1978 3037 2151 3095 etiam
2184 3036 2613 3111 posterioribus

372 3142 527 3200 vitae
551 3142 723 3200 anuis
748 3138 1043 3200 interdum
1069 3140 1291 3198 talibus
1317 3137 1845 3198 exercitationibus
1877 3156 1941 3196 se
1972 3137 2207 3196 dedisse
2231 3138 2611 3208 videatur-⁰⁰),

372 3244 670 3320 conjicere
718 3243 857 3302 licet
917 3261 1051 3301 enm
1102 3239 1258 3300 haud
1317 3241 1507 3300 levem
1553 3239 1855 3316 quandam
1916 3239 2374 3299 delectationem
2421 3259 2497 3300 ex
2542 3241 2613 3299 iis

372 3347 727 3422 percepisse.
819 3345 1031 3403 Melius
1089 3347 1284 3403 autem
1333 3361 1466 3401 eum
1523 3342 1668 3401 satis
1714 3342 1959 3401 multum
2008 3343 2067 3401 in
2114 3342 2474 3402 carminibus
2535 3344 2613 3402 le-

371 3447 583 3522 gendis
632 3453 928 3506 versatum
973 3464 1102 3505 esse
1136 3465 1205 3505 eo
1253 3443 1557 3521 probatur,
1604 3444 1765 3519 quod
1812 3448 1899 3503 tot
1932 3445 2248 3503 multorum
2296 3451 2609 3521 poetarum

373 3566 583 3607 versus
643 3549 703 3607 in
765 3548 932 3607 libris
991 3548 1113 3606 suis
1172 3547 1439 3622 protulit.
1535 3546 1925 3607 Statuendum
1989 3546 2171 3622 igitur
2234 3555 2325 3606 est
2377 3549 2614 3624 poetica

543 3765 609 3830 δ’)
645 3761 716 3816 cf.
751 3761 817 3832 ξς
860 3766 1081 3831 12—143
1123 3766 1180 3815 18
1218 3769 1275 3815 et
1316 3766 1403 3828 193
1440 3760 1593 3814 alios.

543 3851 612 3915 ⁶⁰)
645 3846 716 3901 cf.
752 3846 916 3901 etiam
936 3863 1013 3902 or.
1058 3850 1183 3900 109:
1241 3846 1383 3908 „Sed
1420 3846 1555 3914 qnid
1594 3852 1790 3913 poetas
1827 3846 2016 3900 divino
2053 3845 2279 3913 ingenio
2315 3843 2537 3914 profero
2552 3845 2610 3898 P-

372 3940 431 3987 et
466 3949 610 4003 quae
647 3933 932 3987 Antonius
983 3930 1195 4001 profert
1231 3932 1282 3986 d.
1320 3948 1397 3985 or.
1437 3937 1484 3993 2.
1531 3936 1647 3984 194:
1709 3931 1917 4000 ..Saepe
1964 3932 2107 3985 euim
2154 3931 2343 3984 andivi
2393 3936 2611 3998 poetam

372 4021 575 4074 bonum
612 4019 884 4073 neminem
923 4057 936 4071 .
965 4060 976 4071 .
1003 4059 1054 4072 ..
1093 4018 1213 4071 sine
1259 4016 1691 4071 inflammatione
1735 4016 2040 4070 animorum
2076 4017 2317 4071 existere
2354 4031 2522 4084 posse
2558 4023 2616 4068 et

372 4105 490 4159 sine
525 4105 765 4174 quodam
801 4102 993 4158 afflatu
1030 4102 1190 4171 quasi
1229 4101 1481 4157 furorisx·

541 4193 611 4257 ⁶⁰)
644 4189 714 4244 cf.
741 4190 794 4244 d.
819 4189 934 4243 div.
961 4194 1008 4256 2,
1035 4193 1123 4241 (531
1167 4195 1260 4248 „ut
1285 4203 1388 4241 nos
1414 4187 1580 4241 otiosi
1607 4188 2046 4256 convertImus“;
2076 4186 2309 4252 Jordan,
2336 4185 2612 4240 Kritische

373 4275 636 4343 Beitriige
673 4292 771 4329 zur
808 4272 1144 4329 Geschichte
1182 4273 1281 4326 der
1316 4273 1407 4327 lat.
1445 4271 1691 4342 Sprache
1727 4288 1894 4342 pagg.
1933 4273 2031 4326 299
2068 4288 2187 4340 sqq.
