3166 4871
2494 270 2622 332 263

385 450 666 525 flagrasse
711 468 916 510 amore
961 451 1299 526 Rheginum
1349 452 1595 528 Ibycum
1635 458 1889 529 apparet
1934 470 2006 509 ex
2051 445 2341 526 scriptis.“
2436 445 2628 522 Signi·

384 549 563 612 ficare
602 552 760 611 enim
794 553 906 612 lioc
952 553 1083 612 loco
1115 553 1325 614 Cicero
1356 553 1599 613 videtur
1628 572 1695 613 se
1732 553 1953 629 Alcaei,
1998 550 2413 626 Anacreontis,
2457 547 2624 624 Ibyci

384 654 649 714 carmina
694 653 950 730 legendo
980 660 1270 716 tractasse
1315 673 1514 733 neque
1560 656 1887 734 quidquam
1935 672 2046 732 per
2090 671 2154 713 se
2200 650 2625 730 impedimento

383 759 499 833 cst,
544 756 864 834 quominus
922 758 1037 818 hoc
1097 757 1426 817 credamus.
1514 758 1598 818 At
1655 762 1795 818 sunt
1839 775 2083 836 qnoque
2143 773 2416 831 caussae,
2469 771 2626 830 quae

384 861 690 936 moneant,
748 878 825 919 ne
883 860 1122 919 nimiam
1169 859 1445 921 Ciceroni
1493 860 1669 921 fidem
1716 860 2055 920 habeamus.
2143 858 2405 918 Primum
2468 855 2623 915 enim

382 961 584 1021 nullus
629 962 870 1022 omnino
934 981 1008 1023 ex
1056 962 1291 1024 illorum
1353 962 1710 1023 carminibus
1754 964 1812 1022 in
1860 962 2167 1026 Ciceronis
2223 960 2389 1020 libris
2432 961 2627 1019 exstat

384 1081 611 1141 versus,
654 1068 775 1124 tum
809 1065 1206 1126 Anacreontis
1249 1070 1310 1126 et
1356 1065 1526 1143 Ibyci
1572 1083 1864 1142 nusquam
1911 1068 2227 1142 praeterea
2265 1062 2621 1122 mentionem

383 1166 550 1238 facit,
610 1167 814 1228 Alcaei
877 1167 1086 1239 semel,
1145 1167 1248 1228 sed
1298 1168 1408 1245 ita,
1469 1172 1537 1227 ut
1580 1167 1786 1228 eadem
1846 1173 2029 1245 atque
2084 1172 2262 1226 antea
2318 1166 2626 1225 remaneat

383 1268 675 1330 dubitatio
698 1267 808 1347 7⁵);
853 1269 1137 1349 denique,
1194 1288 1327 1330 cum
1375 1271 1518 1331 satis
1564 1275 1802 1331 constet
1847 1271 2193 1332 Ciceronem
2241 1265 2483 1345 saepius
2538 1266 2623 1326 ita

382 1371 604 1443 dicere,
677 1391 748 1432 ac
816 1372 862 1431 si
924 1372 1111 1449 ipsius
1168 1372 1495 1434 conditoris
1554 1378 1753 1434 sectae
1810 1374 2068 1452 alicujus
2127 1371 2619 1450 pbilosophorum

383 1475 441 1534 in
489 1474 746 1534 medium
806 1474 1073 1551 proferat
1134 1475 1492 1548 doctrinam,
1554 1495 1621 1537 re
1679 1495 1823 1537 vera
1869 1481 2067 1537 autem
2132 1493 2166 1536 8
2220 1473 2621 1553 posteriorum

381 1577 683 1636 sententia
727 1577 1022 1638 disserere
1043 1576 1137 1656 ⁷⁰),
1180 1578 1325 1639 satis
1369 1578 1657 1640 credibile
1705 1584 1798 1640 est
1841 1580 2017 1640 ctiam
2065 1597 2141 1639 ex
2186 1576 2420 1652 Alcaei,
2463 1575 2622 1635 Ana·

382 1680 661 1756 creontis,
703 1679 868 1757 Ibyci
915 1679 1274 1741 carminibus
1317 1700 1623 1759 perpauca
1669 1700 1803 1743 eum
1842 1682 2082 1743 novisse
2130 1698 2201 1740 ac
2247 1678 2434 1754 magis
2475 1677 2621 1737 alio-

381 1800 530 1855 rum,
587 1801 764 1859 quam
810 1783 899 1842 sui
943 1783 1133 1860 ipsius
1176 1784 1309 1844 loco
1374 1802 1558 1863 supra
1605 1783 1849 1845 laudato
1896 1782 2219 1862 protulisse
2264 1780 2642 1858 opinionem.-

382 1885 551 1957 Quae
596 1903 728 1945 cum
788 1884 873 1945 ita
916 1886 1061 1962 sint,
1120 1887 1178 1945 in
1226 1885 1420 1947 medio
1465 1886 1864 1964 relinquenda
1923 1890 2013 1946 est
2067 1883 2356 1962 quaestio.
2400 1911 2485 1921 —
2530 1882 2622 1941 Ex

378 1986 627 2061 reliquis
686 1990 884 2046 autem
931 1986 1295 2048 Graecorum
1355 1989 1550 2065 poetis
1597 1988 1823 2048 melicis
1883 1992 1945 2048 et
1990 1987 2264 2065 jambicis
2324 1985 2618 2044 neminem

378 2087 592 2164 legisse
637 2087 905 2147 videtur:
963 2089 1016 2148 ei
1074 2091 1226 2148 enim
1275 2089 1419 2167 loci,
1480 2090 1578 2149 nbi
1627 2091 2063 2168 Hipponactem
2115 2087 2616 2167 jambograpbum

376 2188 536 2248 illum
599 2189 1042 2252 acerbissimum
1092 2196 1152 2251 et
1195 2191 1601 2252 Stesichorum
1648 2170 2029 2253 himeraeum
2086 2191 2413 2251 carminum
2461 2189 2619 2249 meli-

379 2309 578 2351 corum
611 2291 961 2370 scriptorem
996 2299 1301 2369 memorat,
1346 2296 1582 2355 minime
1614 2295 1872 2374 probant
1915 2295 1974 2355 in
2008 2295 2221 2355 horum
2258 2290 2618 2353 carminibus

377 2393 648 2472 legendis
694 2413 827 2456 eum
858 2400 1158 2457 versatum
1208 2415 1357 2459 csse.
1444 2398 1644 2476 Atque
1674 2397 1750 2460 de
1797 2398 1897 2460 illo
1943 2396 2182 2476 quidem
2230 2395 2351 2457 duo
2382 2396 2621 2456 exstant

377 2496 521 2576 loci,
574 2516 825 2576 qnorum
874 2501 1127 2561 alterum
1166 2502 1291 2580 jam
1340 2520 1524 2579 supra
1566 2502 1774 2580 attuli,
1834 2502 2027 2562 altero
2074 2501 2399 2560 carminum
2461 2498 2619 2559 illius

374 2601 670 2662 acerbitas
714 2601 832 2663 alio
877 2601 1137 2681 quodam
1186 2604 1362 2665 modo
1416 2604 1804 2682 significatur,
1864 2622 1996 2664 cum
2044 2604 2257 2666 Cicero
2301 2602 2463 2663 dicat
2514 2600 2615 2675 (ad

374 2704 511 2764 fam.
555 2709 610 2779 7,
642 2707 741 2783 24,
774 2704 864 2778 1):
930 2707 1283 2784 „Eumque“
1330 2705 1698 2785 (Tigellium)
1751 2706 2088 2778 „addictum
2125 2706 2253 2783 jam
2299 2709 2423 2765 tum
2468 2708 2616 2781 puto

376 2825 508 2868 esse
559 2808 727 2869 Calvi
761 2807 972 2868 Licinii
1005 2809 1426 2885 Hipponacteo
1455 2807 1833 2887 praeconio.“
1912 2810 2003 2869 De
2035 2806 2378 2868 Stesichoro
2418 2810 2614 2865 autem

378 2910 544 2968 Vcrr.
578 2913 632 2980 2,
666 2912 721 2980 2,
753 2912 852 2981 87,
898 2927 1030 2968 cum
1093 2911 1151 2970 in
1200 2914 1450 2971 statuam
1499 2912 1632 2989 ejus
1693 2910 1883 2970 oratio
1930 2909 2234 2985 inciderit,
2286 2908 2437 2968 haec
2479 2925 2615 2985 pro·

375 3009 518 3070 fertz
568 3009 720 3084 „Qui
769 3010 885 3071 fuit
925 3011 1221 3082 Himerae,
1268 3011 1372 3072 sod
1420 3017 1479 3072 et
1521 3018 1615 3072 est
1657 3015 1718 3073 et
1761 3011 1876 3071 suit
1921 3016 2046 3071 tota
2089 3011 2342 3071 Graecia
2385 3027 2615 3070 summo

373 3117 624 3190 propter
683 3112 986 3190 ingenium
1051 3113 1281 3174 bonore
1340 3118 1399 3174 et
1442 3112 1743 3186 nomine“,
1803 3131 1959 3192 quae
2003 3114 2131 3173 sine
2176 3112 2358 3173 dubio
2418 3110 2616 3172 dicere

371 3215 593 3292 potuit,
657 3213 885 3275 etiamsi
948 3216 1179 3276 nullum
1245 3216 1376 3294 ejus
1435 3234 1678 3276 versum
1743 3216 1987 3293 legerat.
2085 3217 2408 3276 Praeterea
2463 3213 2614 3274 idem

375 3335 496 3376 una
525 3335 655 3378 cum
704 3318 837 3379 aliis
868 3319 995 3380 Cat.
1026 3323 1109 3381 23
1143 3319 1299 3379 hanc
1328 3317 1404 3379 ob
1435 3336 1711 3379 caussam
1747 3321 2126 3394 memoratur,
2169 3317 2312 3395 quia
2340 3322 2618 3378 senectus

542 3481 611 3546 ⁷⁸)
635 3480 903 3550 Legimus
927 3480 1071 3535 enim
1099 3480 1153 3536 d.
1173 3480 1324 3536 deor.
1343 3485 1457 3534 nat.
1483 3486 1525 3549 1,
1551 3485 1617 3535 79
1643 3480 1804 3535 haec:
1832 3479 2088 3544 „Naevus
2111 3480 2167 3534 in
2195 3480 2433 3535 articulo
2456 3479 2617 3548 pueri

372 3563 618 3618 delectat
645 3561 973 3621 Alcaeum·.
1042 3567 1196 3632 Quae
1228 3565 1401 3621 verba
1436 3582 1559 3622 cum
1589 3566 1786 3622 Cicero
1820 3565 2107 3632 scriberet,
2142 3575 2474 3636 quamquam
2511 3563 2619 3619 for-

370 3655 522 3704 tasse
566 3654 775 3705 certum
824 3651 1099 3720 quendam
1147 3650 1311 3721 hujus
1369 3656 1572 3722 poetae
1632 3666 1854 3707 versum
1913 3651 2218 3721 spectavit,
2277 3657 2463 3708 tamen
2511 3649 2618 3706 hoc

370 3750 593 3806 quoque
641 3736 878 3805 cogitari
924 3742 1116 3806 potest
1159 3737 1310 3807 apud
1360 3736 1601 3806 aliquem
1640 3737 1967 3807 scriptorem
2004 3734 2277 3791 Graecum
2314 3749 2439 3791 eum
2478 3736 2614 3791 hacc

367 3820 674 3876 invenisse.

549 3908 617 3976 ⁷⁶)
651 3904 740 3976 cf„
775 3912 840 3961 ut
874 3906 984 3961 alia
1017 3907 1284 3977 omittam,
1320 3907 1627 3979 Deuerling
1662 3909 1697 3962 l.
1722 3908 1757 3962 l.
1782 3924 1836 3978 p.
1863 3913 1953 3962 50:
1993 3907 2220 3972 „Cicero
2256 3907 2468 3962 kannte
2503 3921 2613 3960 von

367 3992 527 4047 Plato
576 3991 692 4047 und
740 3987 1082 4047 Aristoteles
1126 4008 1233 4047 nur
1283 3992 1374 4048 die
1421 3992 1736 4064 popularen
1788 3991 2083 4048 Schriften.
2167 3992 2304 4048 Was
2351 4007 2412 4047 er
2455 3997 2616 4047 soust

367 4077 507 4130 iiber
536 4076 654 4132 ihre
680 4075 895 4133 Lehren
934 4082 1076 4146 sagr.
1113 4076 1372 4133 entlehnt
1395 4093 1456 4133 er
1491 4084 1634 4134 stets
1658 4081 1918 4149 spatereu
1945 4078 2179 4144 Quellen
2215 4077 2331 4133 und
2356 4075 2614 4133 Gleiehes

365 4159 472 4229 gilt
516 4176 682 4232 sogar
726 4177 834 4217 von
871 4162 1108 4233 Epicur,
1152 4163 1264 4218 den
1310 4179 1371 4219 er
1418 4163 1558 4218 nach
1595 4163 1884 4219 Phaedrus
1932 4163 2210 4232 dai-stellt,
2256 4160 2515 4235 obgleieh
2551 4177 2611 4218 er

368 4246 483 4303 sich
522 4247 632 4303 deu
667 4246 868 4304 Scheiu
908 4247 1082 4319 gicht,
1115 4248 1234 4305 sich
1270 4248 1397 4304 aufs
1433 4249 1683 4319 original
1719 4265 1788 4305 zu
1824 4251 2095 4305 stlitzen.“
