3166 4871
1273 483 1600 546 Bononia
1625 486 1665 558 ¹)

343 611 576 671 colonia
635 611 975 688 appellatur
1035 631 1069 669 a
1124 611 1333 670 Tacito
1382 609 1535 667 Ann.
1602 612 1697 668 12.
1745 611 1842 669 58.
1904 638 1986 648 —
2058 607 2209 681 Quis
2276 608 2594 667 deduxerit

346 715 498 772 hanc
545 714 855 780 coloniam,
924 713 1174 788 legimus
1242 711 1401 788 apud
1469 711 1719 768 Dionem
1788 712 1885 770 50.
1953 714 2017 770 6:
2095 699 2396 778 ..πάντας
2465 698 2590 786 γὰρ

344 813 647 893 (Καῖσαρ)
714 805 875 885 τούς
940 798 1071 871 ὑπὸ
1136 809 1259 871 τοῦ
1312 797 1667 872 Ἀντωνίου
1733 797 2261 881 ἀποικισθέντας
2325 801 2407 869 τὰ
2470 805 2593 888 μὲν

342 907 735 995 ἐκφοβήσας,
814 904 923 974 ἅτε
995 901 1260 994 ὀλίγους
1335 903 1571 987 ὄιτας,
1655 904 1739 970 τὰ
1811 906 1880 970 δὲ
1954 908 2064 971 καὶ
2138 898 2589 993 εὐεργετήσας,

344 1012 822 1095 προσετέθειτο
872 1065 883 1075 .
930 1009 1013 1076 τά
1076 1035 1149 1075 τε
1214 1002 1336 1095 γὰρ
1401 1005 1571 1074 ἄλλα
1639 1011 1750 1074 καὶ
1813 1006 1971 1085 τούς
2043 1002 2168 1093 τὴν
2236 1010 2593 1074 Βονωνίαν

345 1114 811 1193 ἐποικοῦντας,
855 1106 1058 1191 αὐτὸς
1102 1100 1319 1192 αὖθις,
1368 1112 1477 1176 ἵνα
1524 1106 1604 1197 δὴ
1635 1114 1742 1177 καὶ
1779 1103 1893 1193 ὑφ’
1925 1109 2170 1177 ἑαυτοῦ
2203 1104 2596 1196 ἀπῳκίσθαι

346 1219 597 1282 δοκῶσι
649 1212 1332 1302 προςκατεστήσατο.“
1460 1221 1622 1281 Idem
1669 1227 1921 1281 testatur
1991 1221 2313 1280 Suetonius
2377 1223 2476 1280 vit.
2539 1220 2595 1280 d.

348 1326 503 1401 Aug.
553 1329 647 1386 17.
758 1325 1139 1403 Itaque'fuit
1202 1327 1492 1384 Bononia⁴
1530 1325 1763 1383 colonia
1811 1324 2090 1400 Antonii,
2149 1342 2324 1400 quam
2386 1327 2598 1401 postea

350 1428 661 1504 Augustus
725 1429 783 1487 in
842 1447 904 1487 se
965 1429 1244 1504 suscepit.
1351 1428 1553 1500 Quare
1619 1429 1771 1486 inter
1835 1427 2093 1502 Augusti
2148 1426 2598 1502 duodetriginta

350 1532 479 1589 iure
525 1531 822 1588 numerari
869 1535 1081 1606 potest.

520 1665 857 1725 Titulorum
888 1666 1351 1724 Bononiensium
1399 1664 1476 1722 ad
1523 1669 1743 1723 statum
1789 1663 2157 1740 reipublicae
2201 1665 2597 1738 spectantium

356 1786 509 1826 unus
571 1768 817 1838 mansit,
883 1767 957 1825 dc
1020 1786 1138 1843 qno
1196 1766 1561 1842 Borghesius
1607 1785 1744 1842 opp.
1789 1769 1827 1826 8
1889 1785 1944 1841 p.
1994 1769 2115 1825 296
2180 1765 2418 1842 egregie
2487 1765 2599 1824 dis·
2677 1822 2685 1829 .

352 1871 601 1946 putavit.
690 1871 795 1928 Est
838 1869 991 1927 enim
1041 1870 1135 1927 hic
1179 1867 1279 1929 Or.
1327 1887 1386 1926 n.
1434 1872 1601 1929 3325

1066 1989 1257 2046 Divus
1304 1989 1613 2063 Augustus
1669 2005 1888 2063 parens

1397 2090 1558 2150 dedit

1417 2238 1425 2246 .
1574 2193 1887 2268 Augustus

1070 2296 1464 2355 Germanicus
1520 2338 1889 2353 ......................

1363 2396 1592 2456 refecit.

1675 2518 1723 2559 e.
1757 2519 1813 2576 q.
1844 2518 1888 2559 s.

527 2622 760 2680 Nomen
834 2621 1088 2680 deletum
1159 2621 1420 2679 Neronis
1492 2621 1567 2678 sit
1625 2624 1901 2696 oportet3
2011 2620 2229 2679 scimus
2305 2621 2459 2690 enim
2530 2638 2604 2679 ex

356 2725 569 2784 Tacito
623 2724 692 2782 A.
742 2728 834 2783 12.
877 2726 957 2783 58
1032 2720 1138 2795 (=
1192 2722 1353 2781 Suet.
1400 2724 1562 2781 Nero
1615 2719 1677 2794 7)
1748 2723 2068 2789 Neronem,
2137 2741 2270 2781 cum
2336 2722 2608 2781 Bononia

358 2827 496 2901 igne
544 2826 739 2884 deleta
771 2831 947 2902 esset,
991 2830 1291 2901 tamquam
1336 2828 1652 2901 patronum
1702 2823 2088 2882 infelicissimi
2136 2824 2340 2900 oppidi
2388 2843 2424 2882 a
2469 2843 2607 2884 con·

356 2926 484 2986 sule
531 2926 909 3003 largitionem
956 2928 1323 3001 impetrasse.
1418 2927 1492 2984 Et
1536 2924 1598 2983 in
1631 2926 1931 2985 Neronem
1981 2926 2256 2985 clientela
2285 2927 2607 2995 Bononiae,

359 3029 434 3088 de
495 3047 616 3105 qua
671 3029 831 3105 apud
895 3029 1240 3088 Suetonium
1304 3047 1498 3087 sermo
1558 3033 1650 3086 est
1709 3029 1864 3103 Aug.
1931 3025 2116 3105 17.²)‚
2191 3028 2264 3087 ab
2333 3028 2608 3088 Antoniis

358 3136 625 3207 venerat,
686 3132 825 3207 quia
871 3132 1133 3189 Antonia
1181 3130 1384 3205 maior,
1454 3131 1635 3188 Marci
1685 3131 1928 3189 Antonii
1995 3136 2054 3189 et
2113 3128 2398 3189 Octaviae
2467 3129 2609 3205 filia,

358 3235 484 3292 eius
516 3232 649 3291 avia
680 3234 805 3291 fuit.
854 3264 934 3272 ——
981 3234 1198 3307 Quare,
1240 3233 1286 3290 si
1321 3233 1620 3290 Neronem
1655 3237 1974 3308 patronum
2008 3231 2275 3291 coloniae
2311 3232 2605 3290 balineum

360 3336 619 3395 deletum
662 3336 942 3394 refecisse
991 3335 1304 3410 concedes,
1364 3334 1622 3392 dubitari
1671 3335 1894 3410 nequit,
1954 3335 2097 3410 quin
2146 3335 2461 3410 Augustus
2507 3352 2608 3411 pa·

360 3458 497 3499 rens
542 3440 830 3516 coloniae,
876 3440 978 3516 qui
1025 3440 1319 3497 balineum
1367 3436 1552 3512 dedit,
1597 3439 1771 3496 etiam
1819 3437 2140 3496 deduxerit
2185 3437 2496 3496 coloniam.
2526 3466 2610 3477 —-

359 3542 493 3614 Qua
536 3543 594 3600 in
642 3560 705 3601 re
749 3543 938 3601 solum
986 3541 1099 3600 hoc
1143 3539 1486 3599 addendum
1518 3539 1760 3598 videtur
1791 3556 1942 3615 esse,
1987 3538 2151 3616 quod
2183 3539 2611 3616 Bononienses‚

360 3645 463 3719 qui
524 3645 683 3702 hunc
738 3645 969 3703 titulum
1030 3644 1206 3702 scribi
1264 3645 1597 3711 iusserunt,
1671 3642 1816 3699 iuris
1876 3641 2147 3701 coloniae
2209 3642 2283 3701 ab
2346 3642 2609 3702 Antonio

359 3746 587 3821 accepti
632 3763 879 3822 prorsus
925 3745 1087 3804 obliti
1133 3753 1303 3804 erant
1345 3751 1451 3802 aut
1494 3743 1708 3802 oblitos
1754 3760 1887 3802 esse
1932 3744 2390 3805 simulaverunt.
2408 3741 2457 3814 ³)
2521 3746 2623 3804 De·

361 3850 597 3907 nomine
644 3848 914 3907 coloniae
961 3848 1106 3907 nihil
1152 3852 1402 3907 constat.

537 4118 578 4183 ¹)
613 4114 682 4169 cf.
720 4114 969 4183 Schiller,
1006 4113 1205 4168 Gesch.
1243 4115 1344 4168 des
1382 4114 1536 4169 Rom.
1576 4115 1821 4167 Kaiscrr.
1861 4120 2024 4168 unter
2062 4114 2207 4167 Nero
2247 4131 2297 4182 p.
2336 4120 2418 4167 79.

531 4204 576 4268 ²)
612 4200 684 4254 cf.
721 4202 965 4255 Momms.
1001 4201 1061 4253 in
1097 4200 1242 4255 Mon.
1280 4199 1491 4269 Ancyr.
1528 4217 1580 4268 p.
1620 4205 1701 4254 69.

531 4290 575 4355 ³)
612 4285 681 4341 cf.
720 4303 786 4341 ea
822 4302 964 4353 quae
1002 4287 1071 4339 de
1109 4286 1342 4339 Pisauro
1377 4286 1532 4339 dieta
1567 4293 1713 4339 sunt.
