3166 4871
575 299 656 361 58
1575 244 1836 349 Ζιοιιιθι·

573 473 817 534 videtur
861 490 992 534 esse
1037 472 1320 533 adhibita.
1406 473 1563 532 Nam
1619 473 1864 551 saepius
1919 476 1982 532 et
2037 473 2136 533 vel
2191 473 2255 533 iu
2313 490 2435 533 uuo
2492 471 2821 550 eodemque

574 577 746 637 titulo
792 577 945 635 idem
994 594 1177 636 sonus
1222 575 1396 635 modo
1441 558 1688 653 antiquo
1733 574 1909 635 modo
1956 575 2202 639 recenti,
2242 594 2406 636 more
2459 575 2823 652 exprimitur.

574 679 825 739 Accedit
892 678 1054 755 quod
1117 678 1275 739 haud
1340 678 1527 737 multo
1590 682 1728 757 post
1786 696 2003 739 novam
2061 678 2457 738 litteraturam
2518 682 2822 756 receptam

572 781 774 841 Attica
838 782 1047 857 lingua
1112 786 1178 840 ut
1235 781 1377 840 alibi
1439 780 1521 840 ita
1576 781 1638 840 in
1697 781 1946 841 Boeotia
2007 782 2208 857 coepit
2267 781 2456 858 magis
2514 780 2821 858 magisque

573 885 872 961 usurpari,
916 890 1305 960 veteremque
1350 888 1409 942 ct
1453 883 1776 959 genuinam
1822 882 2139 943 dialectum
2182 883 2327 943 sede
2366 901 2477 944 sua
2506 882 2823 961 depellere.

574 987 973 1060 Quamobrem
1021 987 1231 1045 mirum
1277 1003 1412 1045 esse
1459 986 1687 1063 nequit,
1732 985 1895 1063 quod
1941 986 2001 1045 in
2047 985 2238 1045 titulis
2277 986 2574 1046 Boeoticis
2617 1002 2823 1045 recen·

572 1089 826 1148 tioribus
870 1105 1162 1165 persaepe
1208 1104 1273 1145 αι
1320 1105 1432 1164 pro
1478 1105 1550 1147 eo
1597 1087 1762 1164 quod
1807 1086 2064 1148 debebat
2105 1105 2147 1167 η
2186 1089 2474 1166 scriptum
2505 1087 2824 1149 iuvenitur.

572 1193 661 1249 Ac
692 1191 1102 1250 Beermanuus
1131 1189 1371 1266 quidem
1402 1208 1460 1267 p.
1495 1192 1601 1249 34:
1650 1191 1892 1268 „Ionica
1921 1190 2278 1269 litteratura,
2321 1190 2534 1268 inquit,
2577 1195 2856 1269 recepta„

572 1294 779 1353 Boeoti
824 1311 864 1372 η
908 1310 1018 1369 pro
1065 1308 1131 1349 αι
1178 1292 1450 1352 scribunt
1493 1297 1676 1369 atque
1723 1298 1863 1353 ante
1922 1310 2218 1354 consonas
2275 1296 2336 1354 et
2398 1294 2458 1352 in
2517 1293 2637 1354 fine
2696 1311 2827 1354 ver·

576 1397 786 1456 borum
833 1393 1075 1472 quidem
1118 1398 1292 1455 tanta
1337 1396 1689 1473 constantia,
1735 1400 1802 1454 ιιι
1846 1395 2080 1455 omissis
2123 1395 2454 1474 vocabulis,
2499 1397 2559 1455 in
2606 1396 2826 1474 quibus

572 1499 730 1557 inter
775 1516 816 1555 α
860 1503 922 1557 ct
967 1515 991 1554 ι
1034 1498 1270 1573 spirans
1315 1498 1519 1573 aliqua
1564 1497 1968 1574 interciderit,
2027 1497 2302 1575 neglecta
2345 1497 2593 1558 mutatio
2637 1499 2827 1559 Boeo-

573 1601 728 1660 tismi
790 1619 910 1661 non
972 1600 1189 1675 integri
1248 1599 1326 1658 sit
1386 1593 1724 1659 indicium.“
1825 1599 2002 1672 Quod
2074 1619 2256 1678 quum
2325 1618 2447 1661 uon
2517 1601 2699 1662 cadat
2761 1601 2826 1661 in

580 1704 1057 1763 terminationem
1104 1719 1225 1781 ηος
1268 1720 1378 1778 pro
1441 1719 1618 1780 αιος,
1677 1706 1743 1762 ιιι
1799 1703 1860 1761 iu
1921 1720 2043 1778 qua
2100 1720 2168 1761 αι
2225 1708 2366 1763 ante
2423 1704 2690 1764 vocalem
2749 1705 2828 1763 sit

576 1808 792 1884 posita,
836 1812 1033 1865 tamen
1066 1807 1477 1866 Beermannus
1522 1823 1679 1882 quae
1724 1806 1995 1883 exempla
2039 1823 2107 1863 αι
2152 1825 2272 1866 non
2318 1796 2582 1867 mutatae
2619 1808 2680 1866 in
2712 1806 2827 1867 hac

574 1909 995 1969 terminatione
1042 1909 1236 1984 affert,
1279 1926 1351 1967 ea
1394 1908 1479 1966 sic
1525 1907 1830 1984 explicare
1875 1908 2090 1985 studet,
2134 1912 2202 1968 ut
2244 1910 2401 1969 inter
2444 1927 2486 1967 α
2530 1912 2593 1969 et
2636 1925 2659 1965 ι
2705 1910 2826 1987 spi·

476 2028 493 2045 ·
575 2016 805 2072 tantem
851 2009 1148 2070 excidisse
1195 2009 1372 2069 dicat.
1464 2009 1785 2069 Videamus
1830 2028 1950 2087 quo
1995 2011 2144 2070 iure.

742 2114 908 2190 Signi
969 2132 1009 2192 η
1072 2113 1252 2190 positi
1313 2114 1373 2171 in
1438 2113 1551 2172 bac
1613 2114 2033 2173 terminatione
2095 2113 2375 2190 exempla
2437 2117 2580 2173 suut
2643 2114 2825 2174 baec:

526 2276 533 2281 ,
576 2205 979 2275 Ποτεὶὸάονι
1041 2205 1365 2294 ἐμπυλήοι
1426 2215 1483 2273 Κ
1522 2213 1684 2286 12.*)
1731 2206 2292 2294 ἐληοχριστεὶριον
2337 2216 2394 2274 Κ
2429 2221 2525 2275 11.
2619 2214 2826 2275 Τανα-

572 2316 775 2396 γρῆος
814 2319 890 2379 CI
926 2321 1105 2378 1571.
1186 2306 1551 2395 Ταναγρήω
1592 2317 1649 2375 Κ
1691 2316 1784 2376 10.
1859 2307 2263 2396 Ταναγρήων
2305 2319 2392 2378 tit.
2425 2317 2685 2394 Tanagr.
2728 2317 2825 2378 ed.

574 2423 799 2482 Robert
858 2422 915 2480 in
964 2421 1184 2480 Her-ne
1229 2421 1311 2479 XI
1344 2417 1421 2477 97
1471 2438 1559 2496 sq.
1603 2439 1656 2479 a.
1687 2421 1743 2480 b.
1774 2439 1824 2480 c.
1855 2420 1910 2480 d.
1976 2410 2236 2501 θειβήω
2264 2420 2324 2481 Κ
2361 2418 2453 2481 10.
2499 2409 2828 2500 “Πλατηάς

575 2527 632 2584 Κ
666 2521 763 2583 32.
852 2512 1280 2601 Λεβαδειήων
1325 2524 1400 2584 CI
1454 2519 1643 2602 1588,
1704 2522 1777 2582 cf.
1830 2523 1966 2583 Keil
2019 2541 2129 2583 zur
2182 2525 2330 2599 Syll.
2382 2543 2441 2600 p.
2480 2520 2636 2602 539,
2681 2520 2829 2601 552,

573 2629 805 2687 Beerm.
842 2644 900 2703 p.
932 2623 1029 2683 30.
1062 2622 1142 2682 36
1175 2629 1297 2685 not.
1328 2622 1426 2684 25.
1499 2615 1819 2703 fexawje
1851 2626 1927 2687 οι
1961 2623 2122 2683 1569
2146 2646 2199 2685 a.
2239 2611 2578 2706 Άθανήως
2607 2622 2696 2686 K²
2725 2622 2829 2686 33.

561 2713 778 2808 Ῑ4χῆος
824 2729 881 2787 in
928 2728 1017 2788 tit.
1060 2729 1320 2804 Tanagr.
1365 2727 1459 2786 ed.
1504 2728 1653 2786 Rob.
1699 2729 1901 2787 Herm.
1932 2721 2128 2805 XI‚'c.
2214 2729 2487 2806 Denique
2540 2732 2827 2805 patrony-

578 2833 730 2891 mica
754 2816 1106 2908 Ἄθανιῆος
1148 2831 1209 2889 Κ
1240 2827 1297 2908 2,
1343 2826 1441 2887 23.
1533 2814 1822 2909 Ὀρνιῆος
1863 2830 1924 2889 Κ
1965 2827 2025 2908 2,
2074 2827 2167 2889 12.
2246 2815 2580 2910 Ἀγασιῆος
2620 2831 2680 2890 Κ
2725 2827 2824 2888 10.

579 2930 879 3012 Δαμεῆος
932 2931 1023 2992 K²
1052 2929 1150 2992 20.
1239 2929 1568 3011 Καλλιῆος
1598 2933 1673 2991 01
1708 2930 1888 2991 1574.
1934 2965 2017 2975 -
2063 2949 2131 2990 αι
2174 2937 2478 2993 servatum
2516 2937 2610 2993 est
2645 2934 2705 2992 iu
2735 2934 2828 2994 tit.

576 3038 861 3112 antiquae
915 3037 1282 3112 scripturae:
1345 3028 1618 3114 Θηβαία)
1671 3035 1747 3095 CI
1778 3031 1878 3094 25.
1979 3031 2398 3094 ΘΕΒΑΙΟΝ
2447 3037 2506 3094 ἰιι
2566 3035 2826 3112 antiqui-

576 3139 781 3200 oribus
835 3140 1105 3198 nummis.
1204 3139 1433 3197 Beerm.
1476 3155 1534 3214 p.
1566 3133 1666 3194 34.
1763 3137 1833 3195 In
1895 3138 2360 3214 recentioribus,
2418 3139 2521 3214 qui
2582 3136 2822 3215 quidem

575 3261 793 3318 purum
824 3241 1226 3301 Boeotismum
1271 3240 1610 3316 exhibeant,
1653 3257 1772 3298 non
1805 3239 1919 3298 nisi
1948 3238 2123 3299 haec:
2176 3229 2527 3316 Τιμολάιος
2569 3236 2658 3299 K²
2688 3234 2827 3316 38⁸,
2909 3254 2917 3268 ·

576 3340 673 3402 39.
749 3338 1093 3401 Νικολαίω
1137 3343 1197 3401 Κ
1234 3339 1333 3419 10,
1362 3340 1420 3400 4.
1482 3328 1770 3418 Ἑρμαίω
1816 3343 1873 3400 Κ
1905 3337 1961 3419 3,
1998 3338 2073 3398 19
2118 3339 2231 3414 (Κῖ
2261 3361 2319 3419 p.
2350 3338 2494 3420 631,
2538 3339 2618 3415 2).
2682 3328 2826 3420 Ἑρ-

571 3439 748 3521 μαίω
779 3446 838 3503 Κ
870 3441 966 3503 12.
1023 3431 1331 3522 Ἑρμαῖος
1360 3445 1419 3501 K
1449 3439 1548 3501 56.
1613 3430 1886 3522 Ἑρμαία
1916 3445 1975 3503 Κ
2005 3439 2104 3504 58.
2176 3445 2343 3504 Haec
2373 3444 2572 3504 omnia
2595 3445 2826 3504 Beerm.

574 3565 631 3622 p.
662 3543 742 3603 35
774 3547 1014 3622 punctis
1043 3545 1383 3605 diaereseos
1413 3546 1637 3623 scribit,
1682 3549 1744 3604 et
1772 3562 1815 3603 α
1845 3545 2089 3622 longum
2120 3563 2254 3606 esse
2283 3545 2558 3607 affirmat.
2643 3545 2822 3618 Quod

579 3649 655 3707 de
688 3636 994 3727 Ἑρμαῖος
1054 3648 1294 3725 quidem
1339 3666 1556 3707 vereor
1601 3652 1670 3707 ut
1712 3665 1921 3707 verum
1979 3649 2074 3707 sit.
2160 3649 2470 3725 Nusquam
2530 3647 2685 3707 enim
2727 3664 2823 3707 re-

574 3753 804 3828 peritur
849 3750 1040 3810 forma
1073 3737 1397 3829 Ἑρμήιος,
1431 3737 1764 3828 Ἐρμήιον,
1809 3767 1964 3826 quae
2009 3751 2290 3810 vocabuli
2335 3749 2531 3810 forma
2572 3741 2631 3809 iu
2681 3749 2823 3809 dial.

572 3855 690 3913 iou.
736 3853 998 3914 debebat
1041 3871 1186 3930 esse,
1230 3853 1280 3913 si
1327 3870 1369 3910 α
1415 3854 1663 3929 longum
1707 3856 1866 3912 esset
1903 3853 1964 3911 iu
1997 3854 2287 3930 boeotica,
2330 3870 2673 3930 quanquam
2704 3852 2825 3913 hoc

572 3975 787 4016 nomen
847 3956 1010 4033 apud
1066 3973 1272 4015 omnes
1331 3956 1594 4016 Graecos
1651 3958 1834 4030 atquc
1893 3955 2047 4014 adeo
2106 3956 2287 4015 Iones
2346 3955 2462 4015 fuit
2522 3955 2825 4015 usitatum.

745 4191 797 4256 ·)
828 4187 1042 4255 Recepi
1079 4187 1237 4254 signa
1271 4201 1304 4239 a
1327 4185 1540 4239 Beerm.
1566 4182 1835 4238 adhibita.
1905 4185 1958 4237 K
1996 4184 2278 4254 significat
2300 4183 2468 4239 Keilii
2494 4182 2629 4254 Syll.
2653 4184 2828 4242 inser.

570 4272 721 4340 Boe„
740 4273 819 4325 Κ2
834 4272 979 4338 Keil,
1002 4287 1103 4324 zur
1122 4270 1354 4341 Sylloge
1372 4268 1536 4323 inser.
1555 4268 1749 4323 Boeot.
1767 4269 1963 4325 Jahrb.
1984 4270 2021 4324 f.
2040 4270 2134 4338 pb.
2153 4286 2207 4324 u.
2226 4271 2404 4339 paed„
2430 4270 2704 4339 Supplbd.
2721 4270 2830 4328 IV.
