3166 4871
1018 348 1104 405 De
1138 349 1343 404 nomin.
1377 349 1438 402 in
1473 364 1638 415 ·oew‹;.
1706 349 1738 420 ἓ
1775 354 1856 405 57.
2490 355 2608 417 153

352 543 570 602 magno
602 525 786 587 titulo
813 526 1030 606 Attice,
1074 547 1196 605 quo
1233 528 1308 589 de
1339 528 1542 606 templi
1577 529 1882 589 Minervae
1912 529 2173 589 Poliadis
2204 527 2611 589 aedificatione

356 628 507 689 ratio
564 628 853 690 redditur
912 617 1186 703 (ὀπαῖον
1230 629 1362 692 CIA
1407 627 1530 689 324
1563 650 1600 690 a
1668 628 1777 710 15,
1825 626 1927 702 19)
1987 629 2287 708 signifieat
2343 631 2613 708 portieus

358 730 685 811 lacunaria,
713 750 877 809 quae
898 736 960 792 et
980 722 1406 811 καλυμμάτια
1426 738 1721 795 vocantur
1744 732 2092 812 (Bottieher,
2113 730 2410 795 teetou.1²
2426 752 2489 845 ρ.
2514 728 2613 793 97.

362 828 529 905 232).
571 864 662 875 -
714 818 1014 894 ὀπαίαν
1053 829 1126 894 δὲ
1156 826 1224 894 οἱ
1266 820 1549 896 Ἀττικοὶ
1577 824 1706 914 τὴν
1744 829 2066 915 κεραμίδα
2096 819 2445 895 ἐκάλουν
2417 820 2459 915 ἡ
2487 825 2615 915 τὴν

363 918 546 1014 ὀπὴν
591 925 768 1017 εἶχεν
809 938 965 999 Poll.
995 938 1078 1016 ΙΙ,
1108 935 1190 996 54
1235 937 1398 1016 quod
1429 942 1630 999 utrum
1657 939 1775 1017 adj.
1803 957 1879 999 an
1912 940 2099 999 subst-
2124 939 2220 1017 sit,
2251 940 2560 1000 incertum.

538 1025 983 1110 ὃποστατος
1025 1046 1209 1117 quoto
1256 1040 1352 1101 die
1397 1041 1566 1101 Arat.

538 1125 989 1221 ὀργυιαῑος·
1035 1137 1200 1223 κέρα
1242 1142 1423 1204 Anth.
1467 1143 1597 1204 Nisi
1642 1145 1841 1221 potius
1898 1143 1959 1203 iu
2021 1144 2451 1205 voeabulorum
2506 1162 2618 1221 per

368 1260 543 1315 ιαιος
590 1244 981 1306 formatorum
1026 1260 1276 1307 numero
1323 1244 1738 1307 collocandum
1787 1249 1894 1306 est.

542 1330 956 1426 ὀρφνατος.
1032 1347 1208 1426 Apud
1260 1349 1434 1408 Hom.
1464 1348 1705 1409 nonnisi
1746 1349 1864 1408 sie:
1906 1337 2127 1407 νύκτα
2169 1335 2254 1408 δι’
2284 1328 2618 1428 ὀρφναίην

368 1445 567 1527 11.K‚
612 1444 713 1508 83.
755 1445 898 1509 276.
944 1446 1084 1510 386.
1128 1449 1238 1512 Od.
1268 1468 1323 1530 ι,
1370 1448 1523 1529 143,
1580 1456 1642 1512 et
1697 1451 1754 1510 h.
1811 1450 1990 1528 Mero.
2038 1447 2151 1510 97:
2209 1436 2499 1531 ὀρφναίη
2560 1436 2619 1508 δ’

369 1543 736 1631 ἐπίκουρος
793 1541 1086 1612 ἐπαύετο
1147 1547 1458 1632 δαιμονίη
1520 1542 1660 1629 νύξ.
1766 1554 1916 1615 Item
1973 1555 2116 1614 Eur.
2170 1552 2271 1615 Or.
2309 1550 2504 1614 1225:
2561 1531 2620 1612 ὦ

371 1647 567 1733 δῶμα
603 1648 815 1713 ναίων
846 1644 1089 1726 νυκτὸς
1120 1639 1447 1735 ὀρφναίας
1478 1644 1691 1734 πάτερ
1725 1660 1785 1717 et
1813 1656 1887 1716 fr.
1929 1656 2139 1717 Piritb.
2170 1652 2292 1713 596
2339 1640 2421 1716 ὃν
2464 1649 2621 1735 πέρι

368 1750 496 1834 μὲν
525 1753 692 1832 φῶς,
736 1751 894 1837 περὶ
926 1741 985 1816 δ’
1017 1741 1308 1837 ὀρφναία
1341 1747 1464 1833 νὺξ
1494 1747 1879 1838 αἱολόχρως.
1970 1759 2064 1819 Ab
2094 1759 2518 1820 AlexandrInis
2563 1762 2623 1819 et

369 1859 807 1937 posterioribus
863 1861 1047 1938 epieis
1093 1845 1440 1940 ὀρφναίη
1492 1860 1842 1921 femininum
1900 1861 2271 1922 substantive
2328 1880 2439 1940 pro
2498 1850 2621 1936 νύξ

371 1966 738 2049 usurpatur..
820 1963 1191 2024 Vocabulum
1250 1963 1523 2035 derivare
1576 1964 1773 2024 solent
1826 1964 1900 2024 ab
1962 1949 2184 2043 ὄρφνη
2244 1982 2399 2042 nox,
2457 1961 2620 2040 quod

373 2064 738 2125 vocabulum
781 2065 920 2127 inde
962 2084 1000 2125 a
1042 2066 1313 2143 Theogn.
1360 2071 1422 2127 et
1460 2066 1633 2126 Piud.
1662 2066 1984 2144 reperitur,
2027 2065 2133 2126 sed
2166 2052 2279 2125 vix*
2299 2064 2622 2125 credideris

374 2167 703 2228 Homerum
750 2168 967 2230 dixisse
1014 2172 1248 2230 noetem
1294 2173 1670 2231 nocturnam.
1757 2167 2259 2246 significationem
2291 2170 2623 2228 nocturnus

375 2252 708 2345 ὀρφναιος
765 2291 884 2332 nou
945 2270 1125 2332 habet
1181 2272 1298 2332 uisi
1357 2272 1543 2332 semel
1601 2291 1698 2349 ap.
1742 2270 1958 2331 Aeseb.
2000 2271 2115 2348 Ag.
2160 2266 2234 2327 21
2287 2253 2624 2349 ὀρφναίου

377 2361 610 2452 πυρός.
702 2375 917 2452 Itaque
961 2374 1037 2434 ab
1083 2360 1304 2456 ὄρφνη
1351 2394 1474 2435 uox
1516 2374 1899 2435 Homericum
1944 2377 2108 2434 certe
2153 2357 2442 2453 ὀρφναίη
2502 2390 2623 2434 nou

375 2479 471 2537 est
514 2476 870 2538 derivatum.
955 2476 1074 2539 Sed
1120 2463 1339 2558 ὄρφνη
1383 2479 1577 2556 ipsum
1621 2495 1740 2538 non
1790 2478 1905 2538 uisi
1956 2477 2245 2538 feminina
2298 2476 2490 2537 forma
2540 2474 2622 2534 vi-

377 2579 558 2640 detur
602 2598 732 2640 esse
776 2580 1058 2659 adjectivi
1106 2564 1359 2659 ὀρφνός
1404 2579 1497 2655 (ut
1538 2584 1601 2641 et
1647 2563 1946 2661 εὐφρόνη
1991 2580 2109 2658 adj.
2140 2577 2272 2657 est),
2315 2580 2626 2656 obscurus,

377 2683 760 2761 tenebrosus,
803 2683 968 2759 quod
997 2684 1372 2762 voeabulum‚
1402 2699 1747 2761 quanquam
1777 2682 1939 2762 apud
1970 2682 2340 2743 Nicandrum
2370 2682 2624 2759 primum

380 2785 722 2864 invenitur,
781 2789 980 2846 tamen
1025 2786 1336 2863 antiquum
1382 2804 1510 2847 esse
1553 2787 1771 2846 docent
1814 2771 2144 2865 ὄρφνινον
2184 2780 2421 2863 χρῶμα
2462 2782 2626 2862 apud

377 2887 535 2947 Plat.
579 2891 640 2948 et
683 2888 855 2967 Xeu„
899 2871 1255 2968 ὀρφνώδης
1299 2908 1392 2967 ap.
1420 2890 1623 2968 Hipp„
1665 2893 1725 2949 et
1766 2892 2023 2967 cognata
2059 2886 2354 2947 voeabula
2382 2877 2627 2964 ἔρεβος,

380 2980 730 3067 ἐρεβεννός
772 2989 963 3064 (Cui-t.
993 2987 1134 3070 Ει.,3
1175 2988 1297 3049 473
1329 2990 1472 3065 flu.).
1561 2993 1655 3052 De
1683 2995 1938 3052 accentu
1984 3010 2039 3051 v.
2068 3007 2253 3067 supra
2295 3006 2355 3066 p.
2390 2983 2509 3044 102
2540 3004 2627 3064 sq.

377 3093 596 3169 Itaque
640 3093 728 3154 sie
773 3093 993 3154 sactum
1038 3096 1218 3173 puto,
1277 3100 1345 3154 ut
1385 3114 1506 3154 nox
1550 3094 1807 3172 primum
1853 3094 2175 3153 vocaretur
2218 3080 2342 3165 νὺξ
2386 3074 2629 3186 ὀρφνή,

381 3195 604 3256 deinde
649 3199 756 3257 aut
800 3198 1015 3259 omisso
1061 3186 1187 3273 νύξ
1230 3198 1677 3274 relinqueretur
1719 3179 1940 3286 ορφνή
1986 3192 2150 3272 quod
2194 3196 2447 3252 accentu
2508 3208 2628 3251 mu-

379 3303 507 3358 tato
553 3297 734 3360 fiebat
776 3300 1216 3360 substantivum
1255 3315 1500 3379 ορφνη,
1544 3303 1651 3360 aut
1691 3318 1765 3358 ex
1795 3281 2079 3375 adjectivi
2116 3294 2308 3355 forma
2346 3293 2632 3354 feminina

382 3384 606 3481 ὀρφνή
649 3420 954 3480 paragoge
997 3404 1195 3463 ionica
1237 3401 1619 3464 derivaretur
1662 3385 1953 3480 ὀρφναίη
2000 3396 2093 3472 (ut
2147 3389 2500 3476 μελαιναίη
2555 3414 2632 3457 ex

382 3498 722 3583 μέλαινα),
767 3504 926 3583 quod
971 3505 1227 3582 primum
1273 3503 1638 3582 adjectivum
1684 3507 1842 3579 erat,
1898 3505 2110 3579 postea
2151 3501 2343 3577 ipsum
2388 3517 2631 3578 quoque

384 3626 498 3686 pro
530 3607 908 3668 substantivo
936 3607 1290 3685 ponebatur,
1319 3610 1381 3667 et
1409 3607 1589 3666 etiam
1619 3606 2005 3666 maseuliuam
2035 3602 2285 3663 formam
2308 3587 2634 3682 ὀρφναῑος

386 3708 498 3768 sibi
541 3708 739 3787 ipsum
782 3712 996 3787 postea
1040 3707 1303 3786 quodam
1347 3707 1524 3768 modo
1569 3691 1860 3785 pariebat.

557 3795 901 3890 ουραῖος
955 3812 1061 3888 qui
1115 3811 1175 3870 iu
1223 3809 1417 3869 eauda
1462 3815 1586 3888 est,
1632 3810 1878 3870 ultimus
1922 3809 2094 3870 Hom.
2141 3808 2285 3868 Eur.
2327 3808 2506 3867 Ther.
2547 3836 2635 3845 —

389 3903 476 3972 τὸ
521 3897 861 3988 οὐραῖον
889 3936 973 3960 ==
1005 3897 1173 3990 οὖρά
1218 3913 1398 3990 Sopb.
1442 3912 1545 3972 Ar.
1575 3942 1660 3952 -
1689 3895 2097 3992 ovpala==
2057 3893 2309 3989 -οιῖρά
2353 3910 2521 3969 Eust.
2549 3937 2633 3947 —

389 4007 831 4095 ἐπουρατος
874 4015 1055 4076 Auth.

556 4111 663 4179 57.
754 4106 1093 4188 παλαιός
1137 4137 1213 4178 ex
1258 4118 1446 4195 stirpe
1502 4115 1691 4175 παλα
1747 4120 1953 4177 uatum
2013 4133 2146 4176 esse
2199 4115 2377 4174 docet
2426 4099 2637 4203 πάξ-αι

369 4199 550 4300 'quod
619 4222 941 4282 locativum
1001 4221 1206 4298 stirpis
1264 4221 1326 4279 iu
1385 4238 1428 4278 α
1485 4219 1814 4280 desinentis
1875 4236 2009 4279 esse
2064 4220 2321 4294 apparet
2377 4213 2470 4287 (ut
2526 4204 2637 4290 ἡρι

389 4317 577 4404 πρωΐ
614 4308 944 4401 αὐτονυχί
999 4322 1238 4384 locativi
1302 4327 1462 4382 suut.
1546 4322 1822 4399 Kissling
1868 4324 1925 4380 in
1972 4321 2077 4380 KZ
2113 4316 2225 4394 17,
2265 4313 2435 4387 211).
2518 4313 2638 4374 Sed

2132 4431 2227 4482 lo·
