3166 4871
569 289 690 351 328

568 464 764 522 omnia
810 482 999 539 usque
1046 463 1120 522 ad
1170 483 1223 539 p.
1270 469 1372 540 73,
1415 468 1454 523 4
1513 465 1571 521 in
1621 463 1967 540 parenthesi
2018 464 2299 522 dicuntur
2345 463 2441 521 vel
2487 463 2715 539 potiuS,
2760 464 2808 521 si

567 567 691 641 vie,
751 565 896 625 ordo
955 567 1380 625 sententiarum
1436 566 1642 643 paucis
1676 546 2025 624 'enuntiatis
2086 565 2436 624 intermissis
2496 566 2810 624 interrum-

568 670 746 745 pitur.
836 687 968 726 nam
1016 668 1213 727 verbis
1259 668 1439 726 huius
1487 666 1939 727 contubernalis
1985 668 2140 727 redit
2180 670 2371 727 oratio
2403 667 2477 726 ad
2515 667 2813 725 Melie-sam

576 768 1007 842 Tarentinam).
1111 776 1215 829 aut
1271 788 1377 845 per
1436 770 1549 828 sed
1594 771 1936 846 parenthesi
1995 771 2330 829 intermissa
2378 769 2529 827 redit
2573 769 2654 846 is,
2693 771 2809 845 qui

567 872 861 948 loquitur,
920 872 994 930 ad
1043 871 1134 947 id,
1193 873 1351 948 quod
1407 878 1588 931 antea
1644 870 1892 931 dixerat.
1983 872 2056 930 cf.
2103 893 2148 931 c.
2198 875 2277 932 62
2324 870 2462 941 (73,
2513 875 2621 931 16:
2679 871 2811 942 sed,

569 973 732 1051 quod
786 989 1105 1047 coeperam
1154 971 1417 1048 dicere),
1472 978 1550 1034 65
1600 973 1738 1047 (78,
1792 980 1903 1034 11;
1949 975 2056 1033 sed
2107 981 2302 1033 tamen
2348 975 2618 1033 suaviter
2659 970 2812 1045 fuit)

572 1081 648 1136 75
681 1075 804 1149 (89,
839 1081 943 1136 21:
989 1075 1117 1147 sed,
1164 1085 1227 1134 nt
1272 1093 1594 1150 coeperam
1643 1078 1894 1145 dicere).
1971 1078 2045 1136 cf.
2089 1078 2396 1137 Kuehner.
2430 1077 2484 1136 lI
2516 1078 2551 1145 ξ
2587 1081 2724 1153 162,
2758 1080 2812 1134 2.

742 1179 1126 1239 Notissimum
1174 1186 1263 1238 est
1310 1186 1373 1236 at
1418 1197 1602 1256 saepe
1648 1181 1704 1237 in
1756 1180 1920 1238 initio
1970 1197 2173 1238 eorum
2214 1180 2371 1256 poni,
2420 1197 2574 1255 quae
2607 1183 2812 1237 contra

569 1300 672 1357 ea,
729 1300 881 1357 quae
945 1280 1345 1358 praecedunt,
1409 1280 1724 1352 dicuntur,
1784 1283 1866 1340 ita
1930 1291 1995 1339 ut
2055 1281 2127 1340 ab
2186 1282 2551 1347 collocutore.
2606 1281 2806 1357 aliquo

569 1384 727 1442 dicta
770 1383 1105 1443 videantur.
1193 1384 1400 1443 eodem
1451 1384 1659 1459 modo,
1712 1402 2053 1460 quanquam
2119 1385 2300 1443 multo
2349 1384 2573 1457 rarius,
2631 1384 2804 1440 etiam

565 1486 674 1544 sed
716 1489 1055 1562 usurpatur.
1144 1484 1219 1543 cf.
1264 1487 1552 1562 Draeger.
1599 1485 1634 1555 ,δ
1667 1488 1806 1555 333,
1842 1491 1895 1545 3.
1998 1487 2305 1545 Kuehuer.
2339 1486 2393 1544 11
2435 1486 2469 1553 ,ξ
2506 1488 2643 1561 162,
2674 1481 2807 1556 3:²⁵)

568 1588 643 1646 cf.
688 1607 735 1645 c.
771 1590 847 1647 75
895 1586 1019 1663 (89,
1057 1585 1176 1663 13),
1231 1591 1345 1647 114
1391 1586 1558 1663 (145,
1597 1586 1670 1659 1).

740 1690 1187 1765 Nonnunquam
1235 1708 1341 1766 per
1386 1690 1499 1748 sed
1542 1690 1636 1760 iis,
1683 1708 1840 1766 quae
1887 1690 2045 1749 dicta
2090 1696 2259 1765 suut,
2304 1689 2545 1748 additur
2592 1689 2822 1748 dictum.

568 1793 872 1868 generale,
918 1792 1075 1867 quod
1128 1791 1251 1850 fere
1299 1794 1353 1850 in
1403 1791 1782 1867 proverbium
1827 1792 1988 1868 abiit,
2034 1799 2100 1850 ut
2145 1810 2399 1861 causam,
2446 1810 2554 1849 cur
2585 1790 2809 1867 aliquid

568 1894 786 1953 factum
834 1894 933 1970 sit,
978 1892 1173 1953 addat„
1264 1895 1338 1953 cf.
1384 1912 1431 1953 c.
1463 1898 1543 1954 45
1594 1897 1723 1963 (51,
1761 1891 1889 1969 10),
1938 1899 2047 1965 45,
2095 1893 2229 1969 (51,
2267 1891 2395 1970 14),
2437 1897 2518 1954 42
2566 1892 2698 1966 (47,
2737 1890 2815 1970 1),

567 2001 647 2057 42
695 1998 819 2074 (47,
851 1994 931 2068 3),
982 2000 1099 2056 108
1148 1993 1316 2073 (132,
1350 1994 1434 2067 9).
1523 2015 1728 2055 omnes
1776 1997 1833 2054 iii
1883 1997 1996 2054 loci
2041 1996 2250 2073 partim
2301 1997 2358 2055 in
2406 1997 2676 2073 partibus
2717 2015 2813 2055 ru-

567 2100 750 2176 sticis,
794 2099 1010 2175 partim
1058 2100 1114 2157 in
1163 2098 1414 2176 poeticis
1460 2103 1803 2157 occurrunt.

739 2199 1117 2261 Manifestum
1165 2207 1255 2260 est
1301 2202 1574 2261 omuibus
1632 2202 1724 2261 his
1770 2201 1915 2261 locis
1962 2202 2078 2259 vim
2127 2202 2462 2277 corrigendi
2508 2203 2705 2261 inesse
2752 2202 2814 2259 in

564 2303 716 2374 sed,
780 2303 910 2362 aliis
972 2307 1167 2362 autem
1233 2305 1381 2363 haec
1438 2302 1794 2379 significatio
1856 2323 1976 2362 uon
2038 2309 2158 2363 tam
2214 2304 2377 2363 clare
2433 2304 2818 2379 intellegitur.

569 2410 891 2483 usurpatur
939 2406 1092 2465 enim
1150 2406 1224 2465 ad
1283 2405 1433 2465 duas
1490 2424 1588 2465 res
1633 2407 1788 2466 inter
1833 2423 1897 2466 se
1944 2405 2371 2484 opponendas,
2425 2425 2579 2484 quae
2637 2408 2816 2484 signi·

565 2509 760 2568 ficatio
821 2509 1254 2585 posterioribus
1323 2510 1694 2585 temporibus
1766 2512 1951 2585 magis
2012 2511 2320 2586 magisque
2387 2511 2445 2568 in
2509 2529 2620 2569 usu
2683 2528 2816 2569 esse

565 2611 778 2687 coepit.
868 2613 949 2669 ita
995 2611 1089 2669 vei
1134 2612 1431 2669 sententia
1476 2612 1823 2687 sententiae,
1871 2613 1967 2670 vel
2013 2631 2154 2688 pars
2199 2614 2371 2688 parti,
2417 2612 2516 2670 vel
2557 2631 2815 2690 persona

561 2731 853 2790 personae
915 2718 1328 2789 opponuntur,
1399 2715 1567 2771 cuius
1640 2732 1781 2772 usus
1857 2715 2133 2791 exempla
2205 2716 2423 2775 afferre
2482 2734 2598 2774 uon
2662 2733 2813 2792 opus

562 2821 669 2875 est.
687 2813 763 2888 26)
852 2817 1076 2874 clarius
1132 2816 1303 2875 etiam
1362 2816 1507 2874 haee
1563 2817 1905 2893 opponendi
1955 2818 2047 2877 vis
2092 2812 2341 2888 elucet‚'
2372 2819 2419 2877 si
2467 2820 2523 2877 in
2573 2836 2806 2896 praece-

561 2936 738 2996 dente
783 2937 1081 2995 sententia
1110 2935 1346 3008 quidem
1394 2936 1788 3012 praemissum
1837 2944 1943 3008 est,
1990 2939 2083 2997 cui
2124 2938 2235 2996 sed
2262 2938 2609 3015 respondet.
2701 2955 2807 2996 nec

728 3153 801 3218 2⁸)
837 3150 951 3204 Cur
985 3150 1064 3203 illi
1104 3156 1285 3204 tamen
1322 3149 1591 3220 Seyfferti
1625 3150 1825 3216 (schol.
1865 3152 1957 3205 lat.
1987 3151 2010 3204 I
2055 3157 2166 3218 138,
2207 3155 2261 3216 2)
2299 3151 2596 3206 artifiosam
2634 3150 2812 3219 expli-

557 3236 832 3289 cationem
871 3235 1050 3289 secuti
1090 3235 1217 3301 sint,
1253 3250 1367 3288 non
1404 3236 1687 3304 intellego·
1760 3235 1907 3289 haud
1961 3252 2082 3288 raro
2127 3236 2298 3304 enim,
2351 3237 2621 3304 imprimis
2658 3235 2812 3304 apud

559 3322 860 3388 scriptores
909 3320 1234 3373 recentioris
1271 3319 1425 3386 aevi,
1479 3318 1581 3374 sed
1640 3328 1698 3374 et
1740 3326 1800 3374 at
1853 3320 2017 3387 plane
2071 3320 2264 3374 eodem
2320 3321 2485 3374 modo
2537 3335 2810 3395 usurpan-

558 3411 665 3468 tur,
703 3405 855 3472 quod
891 3404 1099 3472 optime
1137 3405 1548 3458 demonstratur
1585 3405 1755 3457 certis
1809 3404 2143 3473 quibusdam
2184 3403 2463 3472 formulis,
2511 3406 2564 3459 in
2603 3404 2814 3473 quibus

558 3489 662 3544 sed
697 3496 754 3543 et
788 3495 848 3543 at
883 3504 1061 3558 aeque
1099 3489 1277 3542 locum
1318 3490 1588 3543 obtinent.
1659 3489 1737 3542 ita
1785 3490 1840 3543 in
1878 3489 2201 3560 colloquiis,
2255 3491 2309 3544 in
2360 3490 2564 3560 quibus
2600 3489 2814 3559 aliquid

557 3590 874 3628 concessum
914 3581 1056 3636 erat,
1090 3590 1195 3645 per
1231 3580 1303 3628 at
1338 3574 1589 3628 condicio
1628 3573 1884 3640 adicitur,
1942 3592 2090 3643 quae
2128 3593 2244 3629 rem
2282 3577 2516 3629 maioris
2554 3575 2817 3627 moneeuti

556 3659 794 3723 indicat,
830 3666 927 3714 aut
961 3658 1048 3722 id,
1089 3659 1241 3728 quod
1278 3659 1598 3730 diliqentius
1635 3659 2008 3714 animadverti
2053 3668 2154 3714 aut
2201 3661 2501 3715 instantius
2547 3659 2817 3713 mandari

556 3745 824 3800 volumnae.
895 3742 968 3798 cf.
1006 3745 1182 3798 Hand.
1220 3743 1243 3796 Ι
1283 3748 1400 3806 436,
1439 3751 1485 3797 9.
1540 3745 1750 3805 eodem
1795 3746 1960 3797 modo
2008 3745 2113 3800 sed
2167 3747 2427 3815 usurpari
2465 3745 2815 3809 intellegitur

564 3830 703 3885 locis
740 3831 844 3883 iam
885 3845 1056 3898 supra
1091 3830 1289 3896 allatis,
1328 3845 1372 3883 c.
1416 3832 1534 3881 129:
1596 3829 1702 3893 dic,
1740 3829 1845 3883 sed
1879 3847 2071 3884 verum
2108 3840 2167 3884 et
2199 3848 2245 3884 c.
2289 3836 2409 3884 133:
2471 3847 2668 3894 narra,
2704 3830 2814 3883 sed

556 3923 653 3971 tua
685 3915 820 3985 fide.
893 3917 1132 3984 itemque
1174 3921 1231 3966 et
1267 3916 1697 3968 exclamationes
1735 3923 1792 3969 et
1824 3916 2160 3969 minationes
2196 3933 2228 3968 a
2252 3917 2357 3969 sed
2392 3924 2449 3969 et
2476 3916 2544 3968 ab
2581 3921 2641 3969 at
2676 3915 2811 3967 inci-

556 4001 736 4068 piunt,
775 3998 935 4054 cuius
971 4015 1107 4054 usus
1143 3999 1285 4053 infra
1321 4001 1574 4067 exempla
1611 4000 1882 4054 dabimus.

732 4088 799 4154 ²⁶)
854 4085 970 4139 Sed
1015 4086 1092 4137 ita
1140 4093 1467 4152 usurpatum
1506 4101 1902 4154 nonnunquam
1953 4095 2199 4138 nostruin
2239 4085 2517 4139 trotzdem
2557 4086 2810 4154 proxime

553 4172 800 4236 attingit.
871 4169 942 4222 cf.
980 4186 1027 4222 c.
1054 4175 1116 4222 43
1152 4173 1260 4234 (48,
1296 4175 1368 4230 4),
1405 4174 1470 4223 44
1505 4175 1617 4234 (49,
1657 4173 1728 4234 3).
1801 4170 2210 4238 respiciendum
2265 4180 2448 4223 tamen
2487 4176 2576 4223 est
2612 4185 2810 4225 omnes

553 4253 655 4310 hos
692 4257 843 4308 locos
879 4256 937 4307 in
972 4256 1040 4308 iis
1077 4255 1331 4323 partibus
1369 4254 1623 4320 inveniri,
1663 4256 1719 4308 in
1757 4256 1963 4323 quibus
1999 4256 2248 4309 libertini
2285 4256 2710 4324 colloquuntur.
