3166 4871
2536 240 2660 302 283

421 421 619 477 tamen
667 433 784 476 non
832 414 975 474 satis
1019 415 1344 491 perspexit,
1390 419 1450 474 ct
1492 414 1710 492 quibus
1746 415 2000 475 maxime
2046 413 2227 474 rebus
2268 415 2352 474 illi
2397 414 2555 475 inter
2599 434 2664 475 se

421 518 734 579 differrent
791 521 850 577 et
895 517 1101 593 quanti
1163 517 1438 575 momenti
1499 514 1575 575 ad
1624 517 1779 577 hanc
1838 516 2229 577 differentiam
2290 518 2662 595 singulorum

423 626 591 681 aetas
636 624 808 681 esset.
896 620 1110 695 Neque
1157 638 1300 679 vero
1347 618 1818 679 obliviscendum
1879 628 1969 679 est
2015 619 2360 680 Ciceronem
2409 638 2527 681 non
2573 639 2666 680 ar—

425 725 569 784 tium
607 722 896 802 judicem,
940 722 1045 782 sed
1094 725 1390 783 oratorem
1448 740 1520 782 ac
1564 721 1989 799 philosophum
2046 741 2110 782 se
2156 721 2361 782 haberi
2406 724 2668 784 voluisse

430 844 625 902 neque
656 832 892 886 veteres
937 843 1130 902 acque
1176 843 1246 884 ac
1292 841 1403 885 nos
1443 824 1811 885 intellexisse
1856 841 2007 894 eum,
2053 827 2155 902 qui
2190 832 2354 885 recte
2394 826 2669 903 judicare

429 928 626 998 vellet,
673 945 976 1004 nunqnam
1024 927 1084 987 id
1130 927 1445 1004 neglegere
1501 926 1740 1005 debere,
1784 945 1905 1004 qua
1948 926 2206 1005 quisque
2253 933 2412 989 esset
2458 934 2669 990 aetate.

602 1024 834 1108 Restat,
883 1034 949 1090 ut
977 1029 1186 1109 paucis
1219 1047 1596 1107 quaeramus,
1640 1029 1783 1105 quid
1817 1048 1890 1089 ex
1920 1029 1992 1089 iis
2022 1028 2330 1090 Ciceronis
2359 1032 2522 1110 locis,
2567 1033 2670 1109 qui

430 1133 507 1193 ad
541 1132 789 1193 Latinos
821 1133 1124 1210 pertinent
1151 1133 1430 1210 tragicos,
1476 1130 1550 1192 dc
1583 1150 1648 1191 re
1679 1131 1988 1209 proposita
2018 1133 2209 1212 possit
2238 1132 2455 1212 colligi.
2542 1134 2672 1195 Hoc

435 1240 500 1296 nt
540 1235 983 1312 intellegamus,
1042 1235 1186 1294 satis
1231 1234 1473 1294 videtur
1519 1234 1800 1305 Ennium,
1859 1235 2214 1306 Pacuvium,
2276 1236 2522 1296 Accium
2582 1255 2673 1298 re·

431 1340 681 1415 spicere,
726 1355 879 1415 quos
907 1337 1212 1415 principes
1240 1337 1603 1413 tragicorum
1636 1337 2039 1398 Romanorum
2072 1336 2256 1398 fuisse
2285 1339 2439 1399 inter
2469 1357 2674 1400 omnes

435 1444 686 1501 constat.
790 1442 988 1516 Atque
1047 1458 1121 1499 ex
1166 1440 1344 1499 Ennii
1404 1438 1733 1517 tragoediis
1793 1440 2099 1516 octoginta
2159 1439 2285 1501 fere
2344 1441 2457 1502 loci
2514 1442 2674 1520 apud

436 1544 783 1604 Ciceronem
815 1543 1220 1613 inveniuntur,
1266 1559 1625 1619 quamquam
1673 1541 1769 1601 hic
1798 1542 2053 1620 longius,
2099 1561 2278 1621 quam
2309 1543 2430 1604 duo
2460 1544 2677 1622 reliqui

436 1664 473 1706 a
526 1645 833 1707 Ciceronis
891 1649 1087 1705 aetate
1143 1645 1381 1721 aberat3
1440 1644 1690 1705 Pacuvii
1742 1654 1939 1706 autem
1997 1643 2120 1706 fere
2174 1647 2451 1725 triginta,
2511 1647 2678 1707 Accii

438 1748 677 1809 circiter
738 1748 1139 1825 quadraginta
1190 1750 1456 1807 exstant:
1514 1745 1577 1805 id
1622 1744 1785 1824 quod
1845 1765 1917 1808 eo
1978 1748 2294 1808 notabilius
2339 1754 2458 1826 est,
2515 1748 2677 1826 quod

441 1850 636 1927 Ennii,
688 1851 737 1910 si
784 1847 853 1910 Ο.
898 1849 1164 1910 Ribbeck
1210 1848 1384 1909 fidem
1433 1849 1746 1924 habemus,
1807 1849 2015 1927 viginti
2078 1854 2138 1909 et
2196 1858 2377 1927 unus,
2433 1851 2681 1912 Pacuvii

439 1952 781 2029 duodecim,
839 1952 1005 2011 Accii
1052 1951 1178 2011 fere
1223 1950 1628 2029 quadraginta
1686 1951 1837 2011 tituli
1883 1953 2104 2012 servati
2164 1957 2320 2013 sunt·
2406 1954 2679 2031 Longum

440 2059 637 2115 autem
686 2046 779 2113 est
836 2058 1016 2130 atque
1060 2070 1097 2111 a
1141 2071 1206 2112 re
1250 2051 1556 2129 proposita
1601 2052 1861 2113 alienum
1924 2054 2262 2114 accuratius
2307 2055 2366 2114 in
2412 2055 2684 2132 singulos

439 2158 803 2232 tragicorum
868 2155 1217 2215 Latinorum
1283 2153 1444 2232 apud
1509 2155 1855 2216 Ciceronem
1918 2155 2083 2216 locos
2158 2157 2496 2235 inquirer03
2568 2157 2683 2217 hoc

443 2278 626 2319 unum
673 2262 834 2319 certe
878 2276 952 2319 ex
998 2258 1087 2337 iis,
1131 2276 1288 2335 quae
1331 2258 1572 2337 protuli,
1618 2257 1815 2336 colligi
1859 2276 2037 2336 posse
2068 2258 2311 2320 videtur
2348 2260 2524 2321 Ennii
2567 2265 2685 2321 tra-

444 2360 673 2440 goediis
731 2362 992 2421 omnium
1052 2362 1302 2421 maxime
1363 2369 1527 2421 eum‘
1560 2360 1919 2421 delectatum
1982 2379 2133 2422 esse.
2246 2362 2686 2437 Quaerentibus

444 2472 639 2525 autem
688 2465 878 2543 nobis,
919 2464 1276 2542 quibusnam
1311 2465 1491 2524 rebus
1538 2465 1816 2525 eximium
1863 2464 2012 2525 illud
2057 2469 2272 2544 poetae
2302 2467 2525 2527 vetusti
2567 2469 2687 2526 stu·

449 2568 606 2628 dium
638 2546 960 2629 excitatum
995 2585 1125 2628 esse
1157 2566 1454 2644 videatur,
1482 2567 1735 2645 primum
1768 2567 2267 2628 considerandum
2298 2572 2391 2629 est
2411 2569 2690 2645 Ennium,

448 2689 805 2748 quamquam
838 2688 902 2731 re
934 2689 1082 2731 vera
1111 2669 1540 2730 studiosissime
1571 2669 1936 2732 Graecorum
1969 2689 2103 2730 cum
2151 2671 2226 2731 de
2256 2670 2379 2731 vita
2409 2671 2692 2749 humana,

448 2778 571 2835 tum
622 2771 697 2832 de
743 2772 835 2833 dis
880 2773 1193 2850 opiniones
1238 2773 1486 2832 Romam
1540 2770 1872 2833 transferre
1915 2772 2147 2832 studuit
2167 2770 2284 2846 ¹⁰⁰),
2356 2773 2695 2847 annalibus,

449 2876 608 2952 quod
658 2894 896 2935 carmen
945 2875 1155 2952 quanti
1198 2875 1408 2936 Cicero
1454 2875 1855 2935 aestimaverit
1899 2892 1973 2934 ex
2021 2893 2107 2946 ec,
2155 2874 2317 2952 quod
2360 2874 2692 2952 permultos

451 2977 582 3052 ejus
625 2978 790 3037 locos
835 2978 1023 3048 affert,
1068 2977 1211 3036 satis
1257 2976 1656 3053 cognoscitur,
1703 2975 2134 3053 componendis
2190 2994 2405 3037 nomen
2451 2995 2523 3037 ac
2567 2976 2692 3054 glo-

451 3081 596 3139 riam
643 3086 856 3156 poetae
901 3096 1043 3139 vere
1075 3077 1321 3138 Romani
1369 3078 1480 3138 sibi
1528 3096 1927 3155 comparasse.
2014 3076 2132 3138 Sed
2177 3097 2254 3139 ne
2294 3079 2409 3138 hoc
2453 3079 2692 3156 quidem

453 3181 841 3244 omittendum
890 3185 981 3242 est
1010 3199 1143 3241 enm
1189 3181 1480 3258 omnium,
1525 3181 1628 3258 qui
1660 3182 1881 3240 Romae
1912 3181 2287 3258 exstiterunt,
2330 3183 2692 3258 tragicorum

454 3291 514 3346 et
558 3285 796 3362 ingenio
842 3287 903 3344 et
947 3281 1246 3344 scribendi
1290 3300 1514 3359 genere
1559 3283 1688 3343 sine
1733 3282 1917 3343 dubio
1957 3283 2224 3361 proxime
2271 3283 2347 3343 ad
2394 3282 2697 3361 Euripidis

455 3389 777 3450 accessisse
822 3385 1263 3446 similitudinem
1311 3387 1373 3445 et
1413 3384 1476 3444 in
1520 3384 2098 3463 plerisquexfabulis
2155 3384 2484 3447 condendis
2527 3386 2693 3447 illum

454 3495 727 3553 secutum
772 3508 922 3550 esse.
1010 3488 1201 3563 Quam
1247 3486 1323 3547 ad
1367 3506 1492 3547 rem
1537 3487 1803 3558 accedit,
1862 3487 2022 3564 quod
2085 3505 2290 3549 omnes
2347 3488 2474 3550 fere
2519 3488 2695 3549 Ennii

454 3595 590 3672 loci,
634 3594 735 3670 qui
781 3591 942 3669 apud
976 3592 1322 3653 Ciceronem
1369 3594 1625 3668 exstant,
1668 3609 1743 3650 ex
1786 3590 1860 3649 iis
1903 3589 2120 3650 fabulis
2164 3591 2382 3667 petitos
2419 3609 2551 3652 esse
2592 3595 2700 3651 aut

458 3701 692 3757 constat
733 3700 839 3755 aut
867 3693 1187 3764 verisimile
1216 3696 1326 3769 est,
1369 3709 1520 3770 quas
1564 3692 1640 3752 ab
1687 3691 1974 3770 Euripide
2020 3692 2119 3754 ille
2165 3693 2490 3754 transtulit.
2578 3693 2697 3753 No·

458 3818 595 3859 vum
643 3798 825 3876 igitur
859 3798 987 3874 jam
1032 3796 1321 3857 habemus
1367 3799 1814 3873 argumentum,
1877 3813 1952 3855 ex
1998 3813 2118 3873 quo
2165 3800 2457 3871 qnantum
2519 3794 2700 3873 hujus

459 3901 719 3963 studium
767 3901 824 3959 in
874 3904 1079 3960 nostro
1125 3897 1324 3974 fuerit,
1367 3897 1663 3975 suspicari
1708 3897 2018 3974 possimus.
2084 3897 2432 3974 Praeterea,
2476 3898 2524 3956 si
2555 3915 2701 3973 quo·

634 4134 722 4197 ¹⁰⁰)
758 4130 826 4186 ef.
874 4135 938 4184 ut
981 4130 1091 4184 alia
1140 4131 1416 4197 omittam,
1461 4144 1606 4199 quae
1654 4128 1756 4183 Th.
1796 4129 2122 4194 Mommsen,
2170 4128 2361 4182 Rocm.
2409 4126 2613 4182 Gesclt.
2660 4127 2704 4196 1,

463 4235 515 4287 p.
553 4220 645 4271 921
690 4217 847 4280 (edit.
886 4215 995 4282 111)
1028 4216 1100 4269 de
1137 4214 1238 4269 hac
1274 4230 1333 4268 re
1370 4214 1615 4269 disserit.
