3166 4871
963 293 1047 349 De
1080 293 1286 350 nomin.
1320 294 1379 348 in
1413 312 1576 359 -αιος,
1646 297 1678 360 5
1712 297 1795 349 44.
2380 296 2498 358 133

249 458 446 534 ὕδατι
508 468 720 552 καλῷ.
803 473 1038 550 Nngari
1083 473 1250 551 illos,
1307 473 1411 549 qui
1470 490 1546 532 ex
1606 474 1817 534 horum
1878 474 2144 533 locorum
2204 473 2503 532 sententia

249 575 421 635 vocis
450 560 602 654 ἥιος
646 574 1142 653 significationem
1190 593 1404 635 eruere
1436 578 1751 652 conantur,
1795 578 2064 653 apparet.
2151 577 2335 635 Immo
2366 574 2501 634 luce

252 678 474 738 clarius
519 680 647 756 est,
704 677 819 738 hoc
878 695 1009 738 esse
1068 694 1399 753 cognomen
1454 676 1760 753 Apollinis
1820 680 2174 754 perpetuum
2236 681 2295 736 et
2354 677 2504 737 satis

199 859 208 864 ι
249 781 602 858 antiquum,
660 779 822 858 quod
883 798 1003 840 non
1061 783 1260 856 potest
1319 798 1439 840 non
1497 798 1633 840 cum
1689 768 1861 860 ἰήιος
1917 779 2095 857 plane
2147 779 2306 839 idem
2352 796 2503 840 esse.

255 884 454 959 Atque
512 867 661 961 ἦιος
715 901 752 942 a
807 882 979 943 verbi
1038 870 1168 960 εἶμι
1226 880 1456 958 imperf.
1510 866 1627 960 ἤια
1680 882 1991 960 derivare,
2049 881 2211 959 quod
2272 882 2503 942 faciunt

252 986 512 1046 Duncan
559 988 622 1045 et
662 984 754 1045 La
794 985 1027 1063 Roche,
1079 1003 1279 1045 merae
1324 983 1658 1044 dementiae
1702 989 1824 1062 est,
1869 1003 2055 1062 quum
2099 985 2280 1044 huius
2321 1002 2499 1043 voca-

251 1088 378 1148 buli
421 1088 609 1165 stirps
653 1087 732 1147 sit
776 1103 832 1164 ι,
888 1104 930 1166 η
977 1086 1216 1154 nonnisi
1274 1090 1662 1163 augmentum
1722 1085 2057 1165 imperfecti
2099 1084 2291 1160 (Ourt.
2335 1086 2499 1147 verb.

251 1192 312 1267 l,
362 1184 527 1262 128).
614 1190 829 1266 Neque
884 1178 1056 1267 ἰήιος
1111 1189 1186 1248 ab
1247 1180 1389 1267 ῗημι
1444 1191 1645 1267 potest
1702 1188 2099 1268 descendere,
2157 1208 2311 1265 quae
2353 1189 2547 1276 'Ari-⁶

253 1290 480 1351 starchi
535 1291 650 1352 fuit
703 1291 1029 1369 sententia,
1084 1291 1365 1368 quoniam
1411 1282 1435 1348 ἱ
1480 1290 1658 1351 huius
1712 1291 1879 1352 verbi
1935 1295 2028 1351 est
2084 1290 2499 1369 reduplicatio,

255 1411 457 1471 neque
503 1393 579 1454 ab
624 1382 867 1471 ἷάομαι,
913 1411 1034 1453 non
1079 1393 1155 1454 ob
1201 1410 1302 1453 eas
1343 1395 1577 1453 tantum
1622 1410 1837 1453 causas
1877 1411 2029 1470 quas
2059 1394 2232 1452 affert
2262 1393 2501 1455 Curtius

251 1493 383 1557 Et.3
413 1516 473 1558 n.
508 1493 653 1575 591,
696 1515 753 1573 p.
784 1491 928 1573 362,
969 1495 1077 1556 sed
1121 1496 1298 1557 etiam
1338 1495 1519 1574 quod,
1564 1496 1715 1557 haec
1744 1496 1792 1556 si
1824 1501 1984 1557 esset
2010 1495 2287 1557 vocabuli
2313 1497 2499 1574 origo,

251 1601 382 1661 eius
424 1597 618 1660 forma
662 1616 792 1660 esse
838 1598 1097 1659 debebat
1142 1591 1333 1669 ἰαῑος.
1423 1599 1570 1657 Mihi
1616 1617 1739 1659 una
1781 1601 1949 1659 recta
1992 1579 2234 1659 videtur
2260 1602 2498 1659 senten-

253 1702 355 1780 tia,
399 1720 524 1779 qua
567 1701 642 1762 ab
687 1688 753 1780 ἰή
795 1701 1218 1778 interjectione
1273 1701 1689 1777 antiquissima
1732 1701 1792 1760 in
1837 1700 2174 1761 invocando
2222 1699 2498 1778 Apolline

199 1843 208 1852 ι
251 1806 364 1865 hac
411 1803 606 1865 forma
650 1792 715 1884 ἰὴ
755 1791 1029 1881 παιήων
1073 1803 1294 1864 usitata
1354 1802 1504 1864 deus
1545 1806 1797 1864 vocatus
1840 1803 1917 1864 sit
1959 1792 2131 1882 ἰήιος
2175 1804 2285 1872 (sic
2328 1800 2499 1863 Beuf.

254 1905 409 1967 Wzl.
440 1908 505 1985 1,
559 1901 651 1966 19.
736 1906 967 1966 Preller
1025 1902 1320 1983 Myth.1²‚
1355 1900 1516 1979 188).
1603 1906 1760 1966 Hinc
1821 1909 2017 1966 autem
2078 1890 2224 1984 ἤιος
2283 1909 2498 1982 ortum,

254 2028 276 2066 ι
322 2010 386 2069 ἰιι
419 2009 467 2083 j
507 2012 767 2087 mutato,
823 2009 919 2070 cui
978 2008 1312 2070 sententiae
1366 2008 1695 2086 succurrit,
1754 2008 1917 2085 quod
1960 2008 2019 2068 in
2065 2007 2338 2068 omnibus
2380 2008 2499 2068 illis

255 2112 448 2173 tribus
494 2111 641 2172 locis
688 2096 789 2189 ἤιε
834 2109 1106 2187 sequitur
1157 2110 1465 2187 vocalem,
1523 2113 1591 2170 ut
1648 2109 1828 2170 facile
1885 2109 2231 2186 conjectare
2288 2110 2499 2187 possis,

255 2215 581 2275 Homerum
626 2213 848 2275 dixisse
885 2202 1046 2292 ,φ’ήιε.
1133 2214 1417 2273 Posteros
1462 2231 1581 2273 nou
1630 2231 1785 2290 nego
1830 2212 1890 2272 in
1937 2211 2039 2272 illo
2086 2212 2324 2271 nomine
2362 2211 2497 2272 sub·

251 2317 555 2377 audivisse
600 2305 902 2377 notionem
948 2312 1074 2375 τοῦ
1118 2309 1460 2394 ἰωμένου1.

424 2412 536 2481 44.
624 2419 718 2479 De
749 2420 963 2481 ceteris
992 2419 1303 2481 vocabulis
1332 2438 1488 2497 quae
1517 2418 1695 2480 huius
1724 2417 1933 2480 classis
1963 2421 2136 2495 suut,
2159 2417 2280 2495 jam
2310 2435 2497 2495 supra

252 2524 543 2584 diximus:
588 2511 1004 2600 βουγά-ιος
1033 2541 1092 2601 p.
1123 2519 1222 2582 26.
1254 2519 1353 2601 64,
1395 2511 1941 2602 πολύ-γρα-ος
1972 2541 2029 2599 p.
2065 2517 2162 2593 15,
2208 2517 2494 2578 Ναυσι-

249 2615 437 2684 xci-a
484 2625 594 2702 ib.,
655 2613 1127 2702 Οἰνό-μα-ος
1187 2643 1246 2703 p.
1296 2621 1406 2702 17,
1465 2615 1913 2703 ἔμ-πα-ιος,
1972 2611 2497 2703 πρός-πα-ιος

251 2749 306 2806 p.
338 2722 421 2785 76
468 2726 544 2787 cs.
590 2726 748 2787 infra
790 2726 825 2798 ξ
856 2723 957 2806 67,
1000 2715 1249 2807 πη-ός
1293 2746 1351 2804 p.
1390 2724 1484 2805 17,
1525 2715 1810 2803 φα-ιός
1854 2745 1912 2803 p.
1944 2720 2043 2785 80.

423 2830 583 2890 Huic
639 2828 811 2890 classi
869 2829 1122 2890 sortasse
1168 2831 1344 2890 etiam
1390 2829 1845 2890 adnumeranda
1887 2831 2030 2889 sunt
2073 2846 2230 2905 quae
2288 2845 2325 2886 a
2366 2823 2499 2904 μνᾶ

252 2932 632 2994 descendunt
691 2933 1022 3010 composita
1079 2931 1143 2992 in
1185 2937 1490 3008 μναῑος.
1581 2932 1698 2993 Sed
1752 2931 1902 2993 haec
1955 2930 2228 3007 quaestio
2275 2928 2351 2988 de
2411 2927 2495 2988 di-

251 3035 444 3096 versis
503 3035 805 3095 nomiuum
865 3053 903 3095 a
944 3031 1079 3112 μνᾶ
1123 3033 1526 3094 derivatorum
1587 3033 1792 3095 formis
1843 3033 1946 3092 vix
1989 3032 2185 3091 minus
2238 3028 2497 3090 difficilis

252 3144 341 3198 est
398 3155 582 3215 quam
641 3135 717 3196 de
776 3132 859 3215 γῆ
922 3140 984 3196 et
1046 3136 1175 3197 eius
1231 3136 1597 3214 propagine,
1675 3140 1735 3194 et
1799 3153 1871 3194 eo
1937 3131 2268 3208 difficilior,
2332 3130 2497 3208 quod

248 3234 420 3317 μνέα
463 3257 587 3300 non
630 3256 914 3315 graccum
980 3241 1072 3298 est
1129 3238 1489 3298 vocabulum
1548 3237 1654 3297 sed
1710 3255 1786 3296 ex
1829 3235 2039 3313 lingua
2082 3234 2358 3295 Semitica
2401 3252 2494 3292 ac·

253 3348 527 3420 ceptum,
585 3343 787 3418 itaque
841 3339 918 3401 de
977 3341 1167 3419 stirpe
1211 3359 1331 3401 non
1378 3342 1627 3401 constat.
1716 3341 2026 3415 lugentem
2068 3335 2497 3397 vocabulorum

250 3464 287 3504 a
325 3440 466 3522 μνᾶ
507 3425 916 3503 derivatorum
959 3444 1316 3503 varietatem
1360 3460 1416 3502 v.
1447 3461 1542 3519 ap.
1573 3439 1945 3502 Lobeckium
1989 3438 2067 3498 ad
2100 3440 2238 3498 Phr.
2266 3457 2324 3515 p.
2356 3436 2498 3515 551,

249 3554 508 3622 μναῑος,
550 3551 853 3623 avocatos,
894 3549 1222 3622 μναῑαῑος,
1266 3531 1646 3625 ἡμιμναῖον,
1688 3538 2009 3621 διμναϊος,
2040 3546 2496 3621 τετραμναϊος,

253 3655 382 3726 cet„
424 3642 733 3725 δίμνσυς,
778 3637 1221 3726 τετράμνους,
1267 3641 1546 3725 δίμνως,
1592 3640 1900 3724 δίμνεως,
1945 3637 2350 3720 εἰκοσὶμνος,
2396 3637 2494 3701 δε-

252 3740 576 3829 κάμνοοι,
635 3736 936 3829 ἡμίμνεα.
1041 3748 1226 3810 Cuius
1284 3750 1593 3809 varietatis
1648 3749 1942 3809 rationem
2004 3764 2127 3807 non
2187 3745 2334 3805 satis
2394 3745 2496 3804 ille

253 3854 640 3931 perspexisse
683 3853 941 3913 videtur.
1030 3854 1230 3930 Atque
1275 3851 1418 3912 mihi
1461 3850 1704 3928 quidem
1747 3868 1932 3927 quum
1977 3866 2053 3909 ne
2097 3849 2225 3926 ipse
2256 3846 2495 3925 quidem

129 3970 138 3979 ·
252 3955 451 4015 adhuc
496 3954 644 4014 satis
688 3958 1067 4033 perspectam
1113 3954 1359 4014 habeam
1405 3954 1563 4014 hanc
1609 3953 2023 4031 quaestionem
2080 3951 2322 4027 otioque
2376 3968 2496 4026 quo

250 4057 327 4117 ad
371 4074 507 4117 eam
553 4057 901 4117 solvendam
947 4075 1098 4134 opus
1142 4061 1234 4117 est
1278 4074 1441 4117 nunc
1471 4073 1725 4131 caream,
1769 4054 1884 4115 hoc
1921 4054 2053 4114 loco
2094 4071 2223 4112 eam
2267 4054 2497 4116 mittere

251 4168 311 4220 et
354 4162 414 4219 in
461 4161 662 4236 aptius
703 4164 944 4237 tempus
985 4159 1229 4219 differre
1274 4160 1466 4218 liceat.
