3166 4871
484 249 603 309 132
1246 197 1254 208 ι
1509 243 1767 300 zacher

482 405 839 482 δῖάλεκτον
868 416 1191 494 (καλέσαι)
1218 428 1441 501 μαῖαν.
1501 425 1753 483 Matrem
1782 421 2080 500 signifieat
2107 441 2203 499 ap.
2224 423 2440 483 Aeson
2462 424 2610 485 Cho.
2641 419 2724 481 43

483 514 566 584 lo}
612 530 768 603 γαῖα
807 529 972 603 μαῖα
1017 531 1078 585 et
1119 526 1262 586 Eur.
1305 525 1437 586 Alo.
1483 522 1607 582 394
1650 531 1813 602 μαῖα
1859 514 1938 604 δὴ
1984 514 2170 583 κάτω
2213 518 2516 600 βέβακεν.
2606 525 2727 588 Sed

482 628 835 705 plerumque
893 630 984 688 est
1044 616 1521 708 προςφιόνησις
1580 617 1754 707 πρὸς
1810 625 2181 706 πρεσβῦτιν
2242 617 2590 708 τιμητική,
2662 632 2730 688 ut

486 732 570 791 ait
598 730 877 807 Hesyelt„
914 730 1414 807 quemadmodum
1448 748 1559 791 nos
1590 730 1957 807 alloquimur
1985 731 2222 791 vetulas
2254 729 2731 800 „naliter-cham&

485 835 787 894 Homerus
831 833 1130 894 vocabulo
1175 851 1358 910 saepe
1402 834 1617 910 utitur,
1659 833 1767 893 sed
1812 834 2047 896 nonnisi
2094 832 2171 893 de
2210 834 2511 911 Euryclea
2540 835 2733 895 Ulixis

486 937 739 998 nutrice.
826 934 945 998 Sed
999 953 1121 997 non
1181 935 1478 1012 signifieat
1536 937 1859 1015 nutricem,
1915 940 1981 996 ut
2039 935 2283 1014 quidam
2345 940 2735 1014 putaverunt,

490 1058 674 1118 quum
723 1057 840 1099 uon
889 1037 1063 1098 modo
1108 1038 1236 1116 ipse
1283 1039 1488 1098 Ulixes
1534 1039 1621 1099 sie
1665 1039 2005 1117 alloquatur
2050 1039 2415 1116 Euryelem
2458 1037 2597 1112 (od.
2639 1035 2735 1118 19,

493 1137 635 1219 482,
668 1139 811 1217 500,
841 1137 942 1220 23,
978 1138 1140 1219 171),
1182 1141 1291 1202 sed
1335 1142 1513 1200 etiam
1558 1142 1957 1203 Telemachus
2001 1137 2086 1221 (2,
2117 1137 2260 1202 349.
2305 1137 2446 1201 372.
2502 1138 2594 1217 19,
2641 1137 2735 1201 16.

493 1240 603 1318 20,
657 1239 796 1310 129)
858 1247 919 1303 et
976 1243 1280 1320 Penelope
1333 1240 1468 1321 (17,
1514 1238 1656 1304 499.
1703 1238 1812 1322 23,
1860 1242 1951 1304 11.
1982 1241 2083 1305 35.
2114 1239 2213 1305 59.
2244 1239 2372 1317 81).
2461 1245 2529 1304 In
2573 1243 2631 1303 h.
2674 1243 2736 1330 in

495 1346 627 1408 eor.
665 1344 792 1404 147.
843 1344 1134 1410 cannuca
1193 1346 1353 1407 celei
1406 1344 1524 1406 filia
1580 1347 1858 1408 cererem
1914 1327 2153 1408 vetulae
2212 1347 2412 1425 speeie
2468 1345 2737 1406 indutam

494 1446 699 1511 v.101

802 1544 954 1631 γρηῒ
995 1545 1385 1629 παλαιγενέϊ
1426 1544 1820 1631 ἐναλίγκιος,
1866 1537 1977 1631 ἦτε
2023 1540 2260 1612 τόκοιο

808 1646 1125 1733 εἴργηται,
1172 1642 1417 1732 δώρων
1461 1671 1530 1712 τε
1576 1643 2088 1730 φιλοστεφάνου
2114 1639 2498 1734 Ἀφροδίτης

805 1743 943 1815 οἶαί
986 1771 1060 1814 τε
1106 1750 1353 1834 τροφοί
1397 1749 1520 1815 εἰσι
1569 1746 2090 1834 θεμιστοπόλων
2134 1746 2480 1835 βασιλήων

752 1875 768 1897 ·
807 1851 1096 1932 παίδων,
1138 1853 1254 1918 καὶ
1298 1853 1524 1937 ταμίαι
1566 1849 1740 1920 κατὰ
1785 1849 2058 1938 δώματα
2102 1846 2394 1940 ἠχήεντα

377 2032 388 2043 ·
503 1964 722 2024 affatur
763 1968 961 2041 ματα,
1021 1981 1199 2039 quam
1244 1982 1301 2024 v,
1353 1960 1468 2021 113
1524 1964 1879 2039 apellaverit
1935 1959 2119 2044 γρῆῦ.
2226 1965 2303 2023 Et
2358 1961 2487 2023 ead.
2544 1959 2747 2039 signif.

507 2066 808 2145 Aristoph.
839 2065 1000 2128 Eoel.
1030 2062 1172 2126 915.
1260 2067 1396 2141 Qua
1437 2067 1671 2128 ratione
1716 2084 1899 2144 quum
1945 2069 2411 2127 consentaneum
2456 2065 2535 2125 sit
2575 2080 2746 2140 prse-

505 2169 680 2246 cipue
727 2169 993 2229 nutrices
1036 2187 1164 2230 esse
1210 2170 1550 2246 appellatas
1594 2167 1689 2243 (ut
1726 2188 1824 2246 ap.
1850 2169 1993 2230 Eur.
2024 2168 2211 2247 Hipp.
2237 2163 2379 2227 243.
2422 2163 2593 2241 311),
2634 2181 2747 2226 usu

509 2270 692 2348 veuit,
738 2274 804 2330 ut
848 2271 1106 2348 omniuo,
1151 2289 1349 2349 neque
1393 2271 1589 2332 solum
1632 2272 1692 2332 in
1738 2272 2131 2348 allocutione,
2184 2271 2444 2331 nutrices
2487 2268 2603 2329 hoe
2645 2285 2749 2326 vo-

509 2372 724 2432 cabulo
787 2371 1285 2451 significarentur.
1386 2373 1773 2435 Translatum
1833 2373 1910 2437 ad
1972 2378 2191 2437 terram
2252 2374 2507 2433 alentem
2569 2370 2751 2450 Soph-

510 2474 582 2534 fr.
615 2471 736 2533 782
783 2474 961 2535 Dind.
1053 2472 1317 2549 Νῦσαν,
1375 2461 1461 2555 ἢν
1509 2463 1547 2536 ὁ
1593 2467 1936 2556 βούκερως
1984 2463 2242 2555 Ἴακχος
2300 2462 2488 2554 αὑτῷ
2546 2478 2783 2553 μαῖαν,

510 2564 792 2656 ἡδίστην
838 2571 1035 2654 νέμει.
1125 2580 1403 2657 Denique
1445 2599 1555 2658 pro
1602 2582 1926 2642 obstetrice
1973 2586 2329 2657 usurpatum
2383 2582 2473 2640 est
2512 2576 2615 2652 (ef.
2646 2595 2749 2637 no-

501 2682 700 2743 'strum
749 2680 1241 2761 „melimutter“)‚
1287 2702 1484 2761 neque
1525 2688 1727 2745 tamen
1782 2685 1948 2763 prius
2005 2702 2185 2762 quam
2231 2683 2308 2744 ab
2350 2680 2754 2758 Aristophane

513 2788 575 2841 et
617 2783 889 2862 Platone,
933 2783 1095 2862 apud
1127 2803 1302 2863 quom
1336 2788 1513 2846 etism
1541 2780 1785 2864 μαιεία,
1826 2780 2132 2864 μαίευμα,
2176 2779 2491 2863 μαὶευσις,
2534 2799 2753 2862 μαιευ-

514 2873 720 2958 τικός,
765 2875 1178 2963 μαιεύεσθαι.
1224 2918 1304 2927 --
1349 2890 1440 2948 Ex
1485 2889 1892 2966 appellatione
1935 2889 2275 2951 vetularum
2318 2888 2491 2949 fluxit
2538 2904 2755 2947 nomen

516 2989 755 3065 generis
800 2988 1112 3050 cuiusdam
1159 3010 1537 3071 cancrorum,
1598 2992 1699 3069 qui
1755 2998 1815 3053 et
1865 2978 2058 3070 γρᾶες
2102 2991 2490 3052 vocabantur.
2576 2989 2757 3049 Arist.

520 3092 577 3151 h.
607 3111 659 3152 a.
692 3089 750 3170 4,
779 3087 837 3151 2.
885 3088 939 3169 8,
979 3090 1070 3153 17.
1159 3094 1445 3157 Artemid.
1476 3092 1547 3173 2,
1594 3093 1689 3154 14.
1732 3113 1790 3173 p.
1830 3091 1979 3181 166„
2008 3124 2090 3135 --
2135 3093 2427 3154 Voenhnli
2470 3092 2757 3170 etymolo-

519 3194 675 3271 giam
737 3196 975 3273 qualem
1033 3216 1217 3275 supra
1274 3200 1497 3276 protuli
1552 3198 1777 3260 habent
1820 3196 1970 3258 Fiek
2018 3197 2152 3257 Wb.
2181 3199 2228 3276 1,
2260 3193 2401 3256 705.
2486 3194 2762 3256 Fritsehe

521 3297 598 3356 de
642 3298 877 3376 redupl.
923 3299 1089 3361 stud.
1121 3302 1217 3377 VI,
1249 3298 1391 3362 285.
1478 3303 1616 3362 Non
1663 3301 1885 3363 diserte
1930 3301 2174 3363 Curtius
2218 3319 2275 3359 n.
2304 3295 2450 3359 472.

697 3386 893 3479 [ἢιος
937 3407 1031 3465 ter
1078 3408 1308 3463 tantum
1352 3404 1682 3482 invenitur,
1740 3422 1977 3482 semper
2037 3420 2179 3462 casu
2223 3401 2500 3462 vocativo
2545 3403 2607 3459 et
2650 3399 2764 3457 hae

523 3502 808 3565 formula:
871 3489 964 3583 ἢιε
1035 3502 1255 3579 Φοῖβε.
1356 3506 1423 3566 ΙΙ.
1474 3504 1544 3566 Ο.
1587 3503 1737 3566 365:
1806 3504 2026 3583 Apollo
2094 3504 2461 3564 Achivorum
2530 3518 2764 3560 murum

526 3608 715 3669 diruit
761 3611 882 3667 tam
927 3608 1131 3687 facile,
1185 3611 1356 3687 quasi
1402 3628 1553 3686 puer
1597 3610 1885 3687 pulveris·
1913 3624 2222 3669 acervum:
2276 3590 2370 3675 ὥς
2412 3595 2496 3684 ῥα
2542 3592 2624 3663 σὺ
2666 3587 2765 3681 ἦιε

530 3708 732 3785 Φοῖβε
779 3701 1006 3771 πολύν
1049 3701 1351 3791 κάματον
1396 3706 1511 3779 καὶ
1554 3696 1745 3787 όιζύν
1789 3701 2096 3791 Σῦγχεας
2133 3692 2465 3789 Ἀργείων,
2506 3689 2768 3764 αὐτοῖσι

527 3810 598 3877 δὲ
643 3805 864 3892 φύζαν
909 3804 1223 3895 ἐνῶρσας.
1320 3814 1388 3894 Y,
1424 3811 1573 3874 153:
1636 3832 1898 3891 pugnam
1961 3812 2209 3873 Aehillis
2272 3815 2333 3871 et
2391 3800 2633 3870 Aeu'eae
2692 3802 2769 3866 ab

526 3919 803 3997 Apolline
841 3919 1124 3980 concitati
1169 3923 1447 3996 spectant
1489 3917 1604 3993 dei,
1647 3918 1969 3994 Neptunus
2007 3918 2067 3976 et
2096 3915 2371 3975 Minerva
2399 3912 2459 3972 in
2492 3910 2771 3972 Herculis

527 4041 697 4083 muro
756 4021 1064 4097 sedentes,
1123 4014 1192 4081 οἳ
1247 4006 1306 4080 0³
1365 4011 1649 4099 ἑτέρωσε
1709 4017 1999 4094 καθῖζον
2054 4001 2159 4077 ἐπ’
2219 4000 2467 4095 ὀφρύσι
2526 4009 2770 4073 Καλλι-

526 4114 840 4206 κολώνης
874 4109 1059 4202 ᾍμφὶ
1089 4117 1161 4183 σὲ
1207 4109 1306 4203 ἤιε
1343 4120 1548 4196 Φοῖβε
1593 4116 1707 4181 καὶ
1728 4107 1922 4202 Ἄρηα
1963 4114 2467 4198 πτολίπορθον.
2550 4117 2773 4191 Hymn.

526 4233 640 4309 Ap.
687 4227 807 4293 120
867 4229 943 4290 de
996 4227 1291 4307 Apollinis
1349 4230 1526 4288 natu:
1582 4217 1757 4286 ἔνθα
1808 4219 1884 4286 σὲ
1941 4209 2044 4304 ἤιε
2092 4219 2326 4297 Φοῖβε,
2388 4212 2549 4280 θεαὶ
2604 4206 2774 4277 λόον
