3166 4871
2526 286 2651 347 299

405 465 694 539 fecerunt
721 465 763 536 Ι,
818 484 866 523 c.
897 468 1011 526 44:
1058 480 1233 537 quam
1265 461 1560 536 beniqnus
1590 463 1977 522 resalutare!
2019 463 2134 522 alia
2163 459 2260 536 (cf.
2290 462 2463 521 etiam
2497 478 2653 538 quae

414 564 487 625 de
536 566 650 626 hoo
699 584 809 626 usu
857 567 1094 627 disserit
1139 565 1514 626 Woelfflinus
1557 564 1619 626 in
1666 565 1880 630 Philol.
1909 565 2158 625 XXXIV
2192 568 2353 626 1876
2398 583 2455 642 p.
2490 559 2653 635 139).

588 669 668 728 Ut
725 669 915 728 oratio
972 668 1158 746 magis
1203 667 1463 728 dilucida
1507 667 1642 747 fiat,
1702 686 1881 745 saepe
1925 668 2077 727 idem
2133 667 2382 728 verbum
2430 669 2655 727 mutata

411 769 602 829 for-ma
660 771 717 829 in
779 788 899 830 una
955 770 1251 830 sententia
1319 770 1408 829 bis
1470 770 1728 847 ponitur.
1830 788 1986 848 quae
2050 770 2431 848 neglegentia
2492 771 2650 829 certe

411 873 770 933 alienissima
830 880 924 933 cst
982 892 1019 933 a
1077 874 1353 934 sollemni
1416 872 1704 950 loquendi
1760 890 1869 932 usu
1933 879 1994 932 et
2048 872 2122 932 ab
2179 872 2494 933 artificioso
2549 872 2650 932 illo

409 974 577 1053 ludo,
637 994 757 1052 quo
822 975 1119 1052 Apuleius
1176 975 1237 1035 in
1292 975 1460 1035 libris
1520 976 1645 1034 suis
1706 975 1790 1034 uti
1845 975 2001 1034 solet
2045 972 2143 1047 (cf.
2186 974 2651 1034 Kretschmanni

409 1077 919 1153 diligentissimam
978 1095 1050 1137 ac
1111 1078 1548 1154 sagacissimam
1614 1076 1751 1137 diss.
1813 1076 1885 1136 de
1942 1076 2236 1137 latinitate
2296 1077 2363 1136 L.
2416 1077 2652 1155 Apulei.

411 1179 636 1256 Regim.
686 1183 849 1241 1865
895 1198 951 1256 p.
989 1185 1106 1245 15).
1194 1181 1279 1239 ita
1325 1180 1578 1256 legimus
1626 1199 1676 1238 c.
1719 1182 1831 1240 38:
1876 1180 1939 1238 in
1982 1179 2096 1238 imo
2142 1179 2294 1237 imus
2335 1176 2649 1252 recumbit,

410 1301 461 1339 c.
508 1285 588 1343 39
636 1286 695 1342 et
742 1286 820 1344 57
870 1286 930 1343 et
976 1286 1086 1343 74:
1146 1283 1316 1342 homo
1378 1283 1538 1341 inter
1578 1283 1878 1360 hominm,
1931 1300 1979 1340 c.
2025 1286 2106 1343 43
2152 1287 2213 1343 et
2255 1285 2368 1343 44:
2422 1282 2653 1341 amicus

409 1385 634 1457 amico,
682 1404 731 1445 c.
764 1389 875 1447 37:
918 1401 1290 1445 nummorum
1333 1402 1634 1463 nummos,
1679 1404 1727 1445 c.
1759 1390 1873 1446 45:
1917 1383 2194 1444 mortuus
2233 1403 2352 1460 pro
2397 1390 2651 1458 mortam,

410 1507 460 1546 c.
500 1491 608 1549 37:
654 1505 823 1562 quem
868 1495 1063 1559 amat,
1122 1493 1312 1562 amat,
1371 1504 1537 1562 quem
1590 1504 1710 1547 non
1756 1493 1954 1562 amat,
2009 1504 2129 1547 non
2184 1492 2378 1561 amat,
2440 1508 2490 1547 c.
2537 1491 2651 1548 43:

410 1591 612 1664 itaque
670 1592 894 1664 crevit,
954 1591 1248 1665 quidquid
1305 1591 1496 1651 crevit
1563 1597 1624 1650 et
1682 1592 1860 1665 lonqe
1909 1591 2116 1666 βαρεῖ,
2182 1591 2452 1665 quisquis
2508 1606 2653 1650 suos

402 1693 590 1768 suqit,
637 1711 685 1752 c.
720 1697 830 1755 46:
878 1699 965 1766 tu,
1014 1694 1120 1766 qui
1160 1697 1334 1767 potes
1365 1694 1543 1770 loqui,
1589 1708 1706 1751 non
1751 1693 2001 1767 loquere
2029 1698 2087 1753 et
2116 1693 2413 1767 quidquid
2439 1692 2649 1765 disciS,

411 1796 523 1855 cibe·
567 1796 779 1870 dis-cia,
831 1815 877 1855 c.
915 1801 1021 1858 77:
1068 1812 1255 1856 assem
1301 1795 1545 1868 habeas,
1593 1812 1788 1855 assem
1833 1799 2053 1867 valeas,
2098 1796 2284 1855 habes
2313 1793 2651 1855 habeberiS.

579 1898 795 1959 Similis
839 1898 1221 1975 pleonasmus
1265 1898 1438 1957 etiam
1485 1898 1544 1956 in
1602 1898 1734 1957 aliis
1775 1897 2063 1974 loquendi
2107 1896 2437 1957 rationibus
2482 1916 2649 1973 repe·

411 1998 578 2058 ritur.
664 2001 920 2076 primum
978 2001 1132 2060 enim
1186 2000 1395 2076 plures
1456 1999 1808 2076 negationes
1867 2000 2023 2059 inter
2075 2018 2139 2059 se
2185 2000 2651 2079 coniunguntur,

407 2101 491 2161 ita
534 2105 752 2179 tamen,
799 2107 864 2161 ut
910 2102 999 2161 vis
1047 2102 1329 2178 negativa
1361 2119 1480 2162 non
1513 2101 1773 2177 tollatur,
1820 2120 2024 2162 verum
2072 2119 2104 2162 e
2152 2121 2312 2162 more
2359 2103 2649 2163 sermonis

409 2202 623 2263 Graeci
666 2209 978 2279 augeatur.
1064 2204 1148 2263 ita
1193 2203 1483 2264 habemus
1530 2223 1578 2262 c.
1612 2208 1723 2264 42:
1770 2205 2055 2264 neminem
2083 2204 2240 2263 nihil
2269 2203 2408 2263 boni
2429 2204 2650 2277 facere

408 2311 667 2383 oportet,
713 2323 761 2365 c.
795 2309 907 2367 58:
956 2322 1071 2366 nec
1114 2323 1350 2365 sursum
1393 2323 1505 2365 nec
1550 2307 1823 2366 deorsum
1869 2323 1989 2365 non
2036 2322 2262 2380 cresce,
2308 2326 2356 2367 c.
2388 2304 2502 2369 76:
2549 2323 2653 2367 ne-

403 2407 549 2467 mim·
591 2409 763 2470 nihil.
788 2410 949 2469 satis
996 2406 1176 2483 est.'¹)
1263 2409 1362 2469 hic
1409 2426 1581 2488 usus,
1626 2428 1746 2488 quo
1798 2410 2136 2487 complures
2184 2410 2529 2487 negationes
2575 2409 2652 2470 ad

405 2510 741 2587 augendam
789 2513 906 2570 vim
956 2512 1348 2590 copulantur,
1394 2511 1665 2572 familiari
1714 2513 1973 2573 sermoni
2017 2513 2298 2590 proprius
2344 2511 2473 2590 fuit,
2516 2532 2653 2573 nam

406 2614 581 2673 etiam
627 2614 787 2692 apud
836 2616 1152 2692 Plautum,
1197 2616 1577 2690 Terentium,
1622 2614 1938 2691 Apuleium
1988 2615 2134 2675 alios
2179 2613 2340 2675 haud
2387 2633 2522 2675 raro
2568 2615 2654 2675 in-

406 2718 643 2777 venitur
698 2715 796 2791 (cf.
859 2737 1014 2795 quae
1088 2718 1466 2795 collegerunt
1527 2717 1834 2778 Handius:
1899 2717 2152 2778 Turseli,
2195 2717 2279 2776 IV
2330 2721 2451 2779 110
2487 2736 2654 2795 seqq.

404 2820 797 2880 Kuehnerus:
857 2821 1207 2880 Ausfuehrl.
1272 2821 1529 2881 Gramm.
1598 2819 1655 2880 d.
1714 2820 1816 2879 lat.
1874 2819 2006 2896 Spr.
2049 2822 2106 2879 11
2160 2819 2195 2890 ἓ
2230 2823 2380 2892 149,
2424 2823 2463 2881 8
2509 2840 2566 2879 n.
2597 2824 2654 2881 8.

406 2923 781 2997 Draegerus:
828 2922 1046 2981 Histor.
1102 2922 1270 2998 Synt.
1326 2920 1361 2990 ξ
1411 2925 1552 2998 318,
1595 2927 1651 2983 3.
1739 2920 2133 2981 Bitschelius:
2180 2939 2383 2999 opusc.
2422 2922 2653 2983 11335.

404 3023 644 3083 Brixius
687 3022 763 3082 ad
811 3024 1003 3082 Plaut.
1050 3024 1206 3084 Men.
1253 3041 1308 3083 v.
1350 3027 1492 3084 371.
1582 3023 1839 3083 Beckins
1883 3042 1940 3100 p.
1976 3026 2113 3083 117.
2159 3024 2228 3082 A.
2273 3041 2309 3082 a
2354 3021 2653 3096 Guericke

402 3144 460 3201 p.
505 3121 631 3196 59).

577 3229 731 3289 Tum
792 3228 968 3288 etiam
1033 3227 1188 3287 duae
1243 3226 1580 3304 particulae
1628 3228 2105 3304 coniunguntur,
2150 3245 2305 3305 quae
2353 3227 2507 3288 idem
2555 3229 2651 3289 vel

404 3330 533 3391 fere
577 3330 732 3390 idem
789 3330 1160 3407 significant,
1225 3335 1291 3390 ut
1349 3350 1400 3389 c.
1431 3333 1543 3390 51:
1589 3330 1734 3404 quia
1780 3330 1967 3402 enim,
2015 3347 2064 3388 c.
2111 3333 2193 3392 50
2237 3335 2297 3390 et
2342 3335 2447 3392 63:
2506 3333 2651 3404 quia

403 3434 671 3507 scilicet,
732 3454 781 3494 c.
825 3437 901 3495 15
959 3452 990 3492 e
1054 3435 1400 3493 coniectura
1461 3432 1848 3493 Buecheleri:
1908 3432 2070 3505 quod
2127 3477 2139 3490 .
2187 3476 2199 3490 .
2255 3433 2526 3504 Scilicet,·
2585 3439 2646 3492 et

405 3537 620 3606 etiam,
683 3541 741 3595 et
787 3552 1025 3610 quoque
1071 3537 1270 3596 multis
1317 3536 1498 3614 locis,
1543 3535 1618 3596 de
1665 3554 1783 3612 quo
1830 3534 1987 3594 infra
2032 3554 2294 3612 agemus.
2383 3536 2487 3595 sed
2536 3536 2649 3596 hoc

404 3637 580 3697 etiam
639 3639 696 3697 in
744 3638 874 3697 aliis
920 3637 1096 3698 huius
1143 3638 1275 3698 libri
1319 3639 1596 3715 partibus
1644 3640 1703 3698 et
1746 3635 1912 3713 apud
1959 3636 2105 3697 alios
2161 3638 2500 3714 scriptores,
2543 3637 2646 3697 im-

405 3739 612 3816 primis
656 3740 815 3818 apud
863 3741 1121 3802 comicos
1167 3741 1328 3801 haud
1374 3760 1509 3801 raro
1554 3740 1874 3800 invenitur.
1943 3739 2015 3799 cf.
2045 3740 2424 3799 nihilominus
2456 3748 2649 3800 tamen

406 3861 456 3901 c.
502 3845 621 3903 108
668 3841 771 3915 (cf.
816 3844 996 3902 etiam
1045 3843 1319 3919 Ludwig.
1366 3862 1421 3920 p.
1469 3846 1567 3905 39.
1614 3843 1685 3902 A.
1728 3861 1765 3901 a
1809 3840 2107 3902 Guericke
2163 3862 2218 3920 p.
2252 3845 2349 3902 59.
2396 3842 2649 3903 Lorenz.

405 3945 480 4004 ad
529 3946 723 4005 Plauti
770 3945 940 4005 Most.
1005 3964 1057 4005 V.
1103 3949 1283 4007 1023.
1340 3945 1610 4005 Hildebr.
1663 3945 1737 4004 ad
1793 3944 1975 4021 Apul.
2021 3948 2155 4005 met.
2196 3947 2222 4003 1
2267 3948 2304 4006 5
2360 3965 2414 4022 p.
2463 3948 2545 4007 30
2588 3948 2649 4005 et

576 4177 619 4238 ⁷)
657 4174 721 4227 In
746 4175 868 4229 cod.
894 4174 1060 4230 etiam
1085 4193 1133 4229 c.
1159 4179 1225 4229 58
1253 4174 1479 4243 legitur:
1517 4175 1629 4230 nisi
1651 4175 1931 4230 dominum
1970 4181 2119 4230 [uum
2154 4174 2211 4227 in
2246 4178 2411 4230 rutae
2441 4174 2648 4245 folium

405 4276 518 4315 nou
554 4259 864 4315 coniecere.
940 4260 1042 4315 sed
1078 4259 1180 4316 hoc
1216 4259 1340 4315 loco
1375 4261 1484 4314 iam
1518 4260 1897 4316 Buechelerus
1934 4267 2085 4315 recte
2123 4276 2237 4314 uon
2270 4258 2454 4315 eiecit.
