3166 4871
514 310 630 372 136

595 485 889 544 Praesens
934 482 1119 560 igitur
1164 483 1384 544 aoristo
1426 483 1710 563 praetulit
1752 485 1971 544 chorus
2016 485 2269 562 agminis
2313 484 2745 559 proficiscentis

592 588 907 664 imaginem
941 587 1136 645 animo
1169 594 1647 664 repraesentans.
1720 588 1870 646 Tum
1919 587 2033 647 alia
2078 587 2336 647 celerius
2383 605 2747 665 percurrens

593 691 815 750 aoristo
863 706 1007 749 usus
1052 690 1283 766 pergit:
1330 678 1583 759 ἄλλους
1632 683 1702 748 δὲ
1749 720 1831 729 -
1876 687 2118 760 Νεῖλος
2164 680 2477 768 ἔπεμψεν,
2534 689 2640 750 sed
2686 689 2744 748 in

595 793 907 870 pristinum
963 792 1141 852 animi
1188 797 1407 853 statum
1453 798 1769 853 revertens
1816 798 2092 853 versatur
2135 792 2285 854 adeo
2331 794 2389 853 in
2435 793 2744 869 Lydorum

594 896 849 973 agminis
892 895 1239 956 recensione
1286 900 1353 954 ut
1396 895 1608 955 redeat
1648 895 1725 954 ad
1770 912 2059 972 praesens
2103 895 2477 956 historicum:

509 1017 561 1056 v.
609 1004 708 1059 41.
1018 985 1468 1075 ἁβροδιαίτων
1514 984 1572 1057 δ’
1604 987 1872 1057 ἕπεται
1919 991 2166 1057 Λυδῶν
2208 984 2406 1076 ὄχλος

596 1103 655 1160 ct
698 1097 1155 1161 Sardianorum:

1017 1197 1132 1261 καὶ
1175 1193 1593 1282 πολύχρυσοι
1637 1193 1921 1282 Σάρδεις
1964 1192 2249 1280 ἐπόχους

510 1327 565 1366 v.
612 1311 711 1367 46.
1017 1304 1298 1378 πολλοῖς
1342 1294 1623 1384 ἅρμασιν
1668 1299 2110 1384 ἐξορμῶσιν

598 1414 659 1469 et
701 1408 1120 1468 Tmolitarum:

512 1532 567 1572 v.
613 1516 712 1573 49.
1020 1507 1347 1570 στεῦται
1393 1496 1451 1571 δ’
1475 1503 1660 1590 ἱεροῦ
1713 1498 1991 1591 Τμώλου
2034 1497 2320 1571 πελάται
2367 1542 2446 1552 -

597 1620 657 1675 et
702 1615 1195 1692 Babyloniorum:

1124 1714 1451 1789 Βαβυλῶν
1497 1703 1556 1777 δ’

1023 1808 1063 1899 ἡ
1109 1809 1542 1898 πολύχρυσος
1586 1810 1971 1899 πάμμικτον
2017 1807 2226 1897 ὄχλον

514 1944 570 1984 ν.
616 1927 714 1985 54.
1019 1917 1308 2001 πέμπει
1353 1912 1605 2004 σύρδην

599 2031 1073 2103 ceterorumque,
1119 2027 1221 2103 qui
1267 2044 1341 2085 ex
1388 2026 1530 2086 Asia
1574 2025 1828 2103 profecti
1873 2030 2042 2087 sunt:

513 2148 566 2187 v.
616 2133 712 2190 57.
1024 2113 1103 2187 τὸ
1145 2114 1654 2208 μαχαιροφόρον
1695 2113 1753 2188 τ’
1800 2119 2005 2199 ἔθνος
2048 2120 2121 2187 ἐκ
2165 2118 2379 2208 πάσης

1024 2214 1232 2302 Ἄσίας
1275 2220 1545 2290 ἕπεται
1589 2262 1676 2273 -
1719 2262 1803 2272 -
1845 2263 1932 2273 -

686 2334 805 2393 Iam
884 2333 1158 2411 sequitur
1220 2336 1472 2394 Atossae
1549 2354 1682 2394 cum
1759 2335 1942 2394 choro
2022 2335 2402 2410 colloquium.
2519 2335 2756 2395 Somnia

513 2442 721 2498 narrat
763 2438 1002 2515 regina,
1062 2455 1317 2514 qnorum
1378 2439 1551 2498 malis
1606 2438 1901 2498 ominibus
1945 2437 2378 2498 exhorrescens
2423 2437 2500 2497 acl
2545 2455 2754 2498 senum

515 2540 775 2600 fidelium
824 2539 1134 2599 consilium
1185 2539 1475 2616 confugit.
1562 2541 1790 2617 Insigni
1835 2540 2011 2600 modo
2059 2541 2301 2600 anxium
2334 2542 2464 2602 eius
2495 2541 2755 2600 animum

516 2642 784 2702 indicant
827 2642 1197 2720 praesent-ia,
1244 2641 1462 2719 quibus
1508 2661 1579 2703 ea
1625 2642 1923 2720 describit,
1967 2662 2122 2721 quae
2170 2644 2555 2719 gravissimas
2600 2643 2756 2703 exci-

517 2749 721 2805 tarunt
765 2745 945 2805 animi
992 2745 1433 2805 sollicitudines.
1523 2744 1651 2804 Sic:

516 2849 677 2908 Pers.
725 2866 778 2908 v.
828 2851 966 2909 191.
1022 2831 1306 2927 ἅρμασιν
1353 2834 1411 2906 δ’
1444 2832 1577 2907 ῧπο

1028 2940 1454 3029 ζεύγνυσιν
1500 2935 1690 3009 αὐτῶ
1731 2945 1843 3009 καὶ
1888 2934 2163 3010 λέπαδν’
2208 2936 2311 3009 ἐπ’
2359 2935 2664 3028 αὐχένων

1024 3048 1301 3133 τίθησι
1347 3099 1359 3111 .
1412 3100 1422 3111 .
1474 3099 1486 3111 .
1535 3099 1548 3111 .
1598 3057 1659 3114 et

1028 3150 1140 3215 καὶ
1180 3160 1410 3234 χεροῖν
1452 3147 1611 3236 ἔντη
1657 3150 1904 3236 δίφρου

518 3278 572 3319 v.
623 3263 758 3321 195.
1027 3247 1598 3338 διασπαράσσει
1642 3253 1752 3317 καὶ
1799 3248 2282 3336 ξυναρπάζει
2330 3252 2444 3340 βίᾳ

1029 3349 1192 3421 ἄνευ
1232 3357 1533 3440 χαλινῶν
1577 3355 1692 3420 καὶ
1737 3346 1944 3441 ζυγὸν
1988 3349 2281 3439 θραύει
2324 3354 2548 3438 μέσον.

1027 3460 1305 3524 πίπτει
1352 3449 1410 3524 δ’
1440 3450 1597 3542 ἐμὸς
1640 3469 1819 3537 παῖς,
1864 3459 1973 3522 καὶ
2012 3448 2234 3542 πατὴρ
2280 3457 2764 3542 παρίσταται

1033 3564 1307 3645 Δαρεῖος
1353 3558 1677 3646 οἰκτίρων
1721 3560 1848 3642 σφέ
1893 3613 1903 3624 .
1958 3612 1970 3624 .
2021 3613 2033 3624 .
2085 3612 2096 3624 .

522 3689 574 3730 v.
626 3672 760 3731 198.
1028 3659 1152 3728 τὸν
1197 3653 1256 3729 δ’
1287 3655 1475 3739 ὅπως
1521 3657 1668 3750 ὁρᾷ

1030 3766 1276 3852 Ξέρξης
1318 3764 1619 3842 πέπλους
1665 3760 2042 3852 ῥήγνυσιν
2085 3755 2251 3849 ἀμφὶ
2297 3761 2565 3848 σώματι.
2613 3799 2694 3810 -·

607 3875 889 3953 Sequitur
932 3875 1119 3936 altera
1163 3874 1372 3935 somnii
1414 3875 1644 3952 imago:

522 3998 576 4039 v,
623 3982 763 4040 205.
1031 3964 1190 4058 ὁρῶ
1237 3970 1308 4036 δὲ
1351 3962 1664 4055 φεύγοντ’
1711 3961 1911 4036 άετόν
1959 4023 1970 4034 .
2020 4022 2032 4034 .
2083 4022 2096 4035 .

1226 4067 1479 4158 ,φόβῳ
1524 4064 1582 4138 δ’
1616 4065 1964 4158 ἄφθογγος
2005 4021 2321 4158 εστάθην,
2365 4072 2580 4153 φίλοι·

521 4207 575 4246 v.
623 4190 763 4246 207.
1028 4124 1447 4262 μεθύστερον
1493 4175 1564 4241 δὲ
1609 4176 1848 4260 κίρκον
1892 4175 2137 4261 εἰσορῶ
2181 4166 2409 4260 δρόμῳ

1029 4291 1301 4365 πτεροῖς
1345 4277 1843 4364 ἐφορμαίνοντα
1890 4331 1902 4342 .
1951 4330 1963 4343 .
2016 4330 2028 4342 .
