3166 4871
559 286 685 348 296

551 459 774 521 docere
829 479 949 521 non
995 479 1149 537 opus
1192 464 1299 521 est.
1384 461 1596 538 Itaque
1641 479 1769 522 eam
1830 462 2040 540 affert,
2098 480 2217 538 qua
2272 462 2631 540 plerumque
2675 466 2802 524 ute·

547 562 768 622 bantur
811 565 1046 641 poetae,
1088 566 1271 640 atque
1317 565 1495 624 etiam
1540 564 1898 641 exemplum,
1944 564 2004 623 in
2051 582 2171 641 quo
2216 563 2588 626 demonstrat
2617 557 2798 625 δέσιν

546 668 608 724 et
651 653 856 737 λύσιν,
901 666 1131 742 Lyncei
1173 664 1394 744 fabula,
1436 665 1724 726 eiusmodi
1772 671 1886 745 est,
1929 668 1978 727 si
2026 668 2203 727 unius
2249 668 2554 746 principis·
2587 686 2793 745 perso-

547 785 660 827 nae
705 769 859 828 ratio
905 768 1193 847 habetur3
1254 768 1303 828 si
1349 769 1546 829 Danai
1592 787 1863 848 quoque,
1916 769 2217 847 duplicem
2262 769 2508 831 exbibet
2550 790 2795 832 conver-

546 871 802 949 sionem,
858 889 1036 947 quam
1093 870 1253 931 haud
1318 872 1506 932 multo
1566 872 1760 948 pluris
1806 871 2159 933 Aristoteles
2204 874 2495 933 aestimat.
2582 875 2795 950 Itaque

545 977 651 1033 aut
691 967 1071 1051 μεταβαίνει
1122 973 1502 1034 scribendum
1559 979 1666 1034 aut
1717 967 2062 1052 συμβαίνει
2105 980 2242 1053 post
2285 959 2597 1053 εὐτυχίαν
2638 977 2794 1037 inse·

546 1075 797 1153 rendum
845 1094 1041 1153 neque
1088 1076 1247 1135 aliud
1293 1075 1626 1154 quidquam
1672 1076 2021 1138 mutandum
2066 1095 2196 1138 esse
2241 1096 2477 1139 censeo.
2827 1071 2838 1079 ⁰

716 1178 827 1237 His
883 1195 1029 1238 vero
1086 1179 1228 1238 satis
1289 1177 1759 1239 demonstratum
1824 1197 1956 1240 esse
2017 1178 2252 1241 confido
2313 1180 2659 1258 Euripidem
2716 1181 2792 1242 ab

546 1280 869 1340 Aristotele
915 1281 1175 1341 omnium
1219 1285 1529 1357 poetarum
1576 1282 1833 1341 maxime
1877 1283 2170 1359 tragicum
2211 1287 2534 1360 propterea
2562 1284 2792 1360 praedi·

546 1387 743 1443 catum
790 1400 951 1459 esse,
1009 1383 1172 1458 quod
1216 1384 1421 1460 plures
1467 1384 1599 1444 eius
1644 1383 1980 1445 fabularum
2027 1386 2088 1444 in
2132 1385 2443 1445 adversam
2490 1386 2793 1446 fortunam

545 1486 814 1558 exibant,
876 1503 1055 1560 quam
1118 1486 1379 1545 cuiusvis
1441 1486 1595 1547 alius
1656 1490 1890 1562 poetae.
1979 1487 2387 1565 Quaecunque
2442 1491 2597 1548 enim
2644 1490 2793 1549 alias

546 1605 792 1648 caussas
836 1589 1336 1664 excogitaverunt
1379 1588 1491 1647 viri
1536 1588 1698 1649 docti
1756 1594 1861 1648 aut
1907 1588 2214 1650 Aristoteli
2277 1608 2397 1649 non
2459 1591 2790 1651 laudandas

544 1689 729 1750 fuisse
774 1693 880 1748 aut
921 1690 982 1748 in
1030 1690 1315 1768 Euripide
1378 1708 1496 1751 non
1553 1692 1742 1767 magis
1784 1691 2040 1751 inveniri
2087 1710 2268 1768 quam
2314 1692 2374 1752 in
2420 1693 2555 1753 aliis
2597 1678 2790 1771 poetis

546 1811 744 1869 neque
789 1793 1220 1881 sententiarum
1263 1792 1607 1853 Aristotelis
1652 1792 1847 1853 ordini
1884 1793 2208 1854 convenire
2238 1793 2525 1855 vidimus:
2571 1796 2790 1873 quibus

545 1895 825 1957 omnibus
865 1896 1056 1955 verba
1098 1895 1237 1955 illa:
1285 1901 1559 1975 σημεῖον
1606 1888 1677 1955 δὲ
1719 1889 2032 1974 μέγιστον
2062 1902 2124 1957 et
2158 1887 2228 1955 αἱ
2270 1892 2572 1957 τοιαῦται
2618 1899 2790 1977 quasi

544 1996 779 2057 firmum
823 2001 885 2059 ,et
930 1997 1394 2076 inexpugnabile
1438 1998 1802 2075 praesidium
1848 2000 2106 2060 obstant.

715 2101 924 2160 Restat
966 2101 1172 2178 igitur,
1232 2104 1299 2161 ut
1341 2101 1729 2162 Aristotelem
1792 2102 1975 2161 talem
2037 2102 2374 2163 fabularum
2434 2090 2678 2164 exitum'
2714 2122 2788 2163 ex

546 2202 631 2262 eis
693 2219 846 2279 quas
910 2202 1218 2262 constituit
1274 2204 1422 2263 artis
1480 2205 1754 2281 poeticae
1815 2204 2051 2281 legibus
2116 2204 2317 2265 sedem
2383 2209 2670 2282 tanquam
2731 2210 2791 2266 et

544 2303 841 2365 officinam
886 2321 1151 2364 summae
1196 2305 1643 2383 tragoediarum
1690 2305 2041 2367 efficientiae
2100 2312 2343 2384 putasse
2389 2308 2788 2369 ostendamus.

544 2405 720 2482 Quod
766 2407 815 2466 si
860 2422 1150 2484 prospere
1180 2407 1352 2468 nobis
1382 2409 1648 2486 cesserit,
1692 2426 1937 2487 sperare
1968 2409 2124 2488 licet,
2170 2427 2531 2488 quamquam
2561 2411 2787 2471 Aristo-

542 2510 678 2569 telis
719 2509 1050 2570 doctrinam
1097 2529 1218 2570 non
1263 2516 1382 2570 tam
1427 2512 1689 2588 probare
1746 2529 1925 2588 quam
1981 2514 2328 2590 perspicere
2371 2519 2637 2572 nostrum
2683 2518 2789 2590 est,

543 2628 648 2672 eos
690 2613 879 2686 etiam,
924 2614 1025 2688 qui
1074 2612 1403 2673 abhorrent
1445 2612 1647 2673 adbuc
1691 2631 1727 2671 a
1771 2618 1893 2673 tam
1926 2614 2079 2691 rudi,
2122 2618 2191 2673 ut
2220 2615 2562 2691 opinantur,
2604 2620 2786 2691 atque

541 2714 659 2773 levi
726 2714 1051 2792 sententia,
1124 2714 1336 2774 melius
1404 2713 1819 2775 intellecturos
1885 2733 2042 2793 esse,
2109 2717 2318 2792 quanti
2382 2717 2461 2776 sit
2523 2715 2627 2774 illa
2689 2732 2785 2775 res

542 2817 819 2876 momenti
864 2821 926 2875 et
971 2821 1264 2894 quantum
1309 2817 1387 2877 ob
1431 2834 1559 2876 eam
1606 2813 1800 2877 laudis
1846 2818 2164 2895 Euripides
2210 2818 2511 2878 meruerit.

708 2918 799 2978 Ac
841 2920 1111 2995 primum.
1143 2918 1403 2997 quidem,
1448 2918 1594 2996 quid
1642 2919 1840 2996 operis
1884 2919 2230 2996 tragoediae
2259 2919 2536 2980 tribuerit
2564 2919 2787 2979 Aristo·

539 3020 709 3099 teles,
753 3021 1222 3082 reminiscamur.
1309 3022 1421 3082 Est
1463 3025 1663 3081 autem
1725 3022 1869 3100 hoc,
1927 3027 1995 3082 ut
2052 3041 2162 3100 per
2219 3021 2684 3083 misericordiam
2729 3026 2790 3082 et

542 3128 764 3183 metum
809 3124 1014 3183 talium
1060 3123 1441 3184 affectionum
1501 3124 1915 3202 purgationem
1970 3123 2216 3184 efficiat:
2282 3108 2367 3183 δι’
2426 3116 2620 3183 ἐλέου
2676 3119 2788 3183 καὶ

540 3215 762 3301 φόβου
806 3220 1219 3303 περαίνουσα
1261 3215 1391 3304 τήν
1429 3223 1573 3285 τῶν
1602 3216 1940 3286 τοιούτων
1971 3215 2402 3306 παθημάτων
2431 3212 2789 3304 κάθαρσιν.

538 3329 632 3388 Ex
663 3328 754 3388 bis
787 3346 930 3388 vero
962 3329 1150 3389 verba
1180 3314 1264 3387 δι’
1295 3319 1490 3387 ἐλέου
1519 3322 1630 3387 καὶ
1679 3318 1898 3404 φόβου
1942 3329 2113 3389 nobis
2156 3329 2425 3407 inprimis
2470 3330 2789 3389 tractanda

539 3436 712 3508 sunt3
766 3436 967 3492 cetera
1010 3432 1280 3492 breviter
1321 3431 1680 3492 adumbrare
1725 3432 1872 3492 satis
1904 3432 2033 3491 erit.
2071 3430 2598 3509 ‚Qualemcunque
2630 3433 2788 3492 enim

541 3535 958 3610 purgationem
988 3534 1149 3594 illam
1180 3534 1290 3594 sibi
1322 3532 1497 3594 finxit
1525 3533 1903 3612 Aristoteles,
1946 3552 2021 3593 ex
2052 3533 2462 3595 misericordia
2506 3540 2790 3612 metuque

537 3653 669 3695 eam
716 3635 977 3696 evadere
1021 3653 1267 3696 necesse
1320 3639 1442 3696 est:
1509 3654 1666 3711 quae
1726 3637 1828 3713 qui
1888 3640 2055 3697 recte
2115 3640 2340 3714 movet,
2405 3655 2477 3696 ea
2536 3639 2666 3714 ipsa
2722 3655 2789 3696 re

537 3738 953 3816 purgationem
1003 3737 1199 3798 efficit.
1286 3738 1463 3798 Falso
1528 3737 1711 3815 igitur
1754 3757 1792 3798 a
1837 3738 2143 3799 nonnullis
2161 3735 2240 3811 ⁸⁰)
2299 3739 2529 3816 tragica
2585 3741 2676 3799 vis
2729 3742 2789 3798 et

708 3919 776 3984 ³⁰)
813 3917 885 3971 cf.
922 3916 1113 3985 Stabr,
1149 3911 1494 3972 Aristoteles
1529 3917 1648 3971 und
1684 3917 1775 3972 die
1813 3916 2093 3986 Wirkung
2128 3917 2227 3972 der
2262 3917 2579 3986 Tragoedie
2615 3917 2669 3972 S.
2706 3924 2787 3974 65.

538 4003 685 4067 „Das
708 4002 1012 4072 Tragische
1038 4002 1193 4057 eines
1220 4002 1478 4057 Dichters
1514 4000 1743 4057 besteht
1776 4002 1916 4057 nach
1943 4002 2304 4071 Aristoteles,
2340 4003 2457 4057 und
2490 4003 2646 4058 nicht
2681 4020 2789 4058 nur

535 4088 678 4142 nach
714 4088 849 4156 ihm,
897 4088 1145 4142 sondern
1180 4087 1323 4142 nach
1359 4087 1462 4142 der
1496 4087 1672 4142 Natur
1708 4088 1810 4142 der
1845 4087 2020 4142 Sache
2059 4087 2239 4142 selbst
2272 4089 2328 4141 in
2367 4088 2505 4142 zwei
2543 4088 2786 4159 Dingen.

536 4174 831 4228 Erstens
877 4173 936 4228 in
988 4173 1089 4227 der
1133 4171 1293 4229 Tiefe
1337 4172 1456 4227 und
1492 4172 1711 4228 Gewalt
1757 4173 1860 4228 der
1904 4172 2203 4242 Conflicte‚
2251 4172 2343 4227 die
2391 4173 2514 4228 dem
2565 4173 2786 4228 Helden

535 4258 643 4312 den
672 4258 997 4330 Untergang
1033 4259 1301 4328 bereiten‚
1338 4257 1453 4312 und
1490 4256 1668 4313 durch
1704 4258 1916 4314 welche
1939 4258 2156 4315 Mitleid
2181 4258 2298 4312 und
2326 4257 2538 4313 Furcht
2568 4258 2626 4313 in
2661 4259 2785 4314 dem
