3166 4871
1031 318 1119 373 De
1153 317 1360 373 nomin.
1391 318 1455 373 in
1488 336 1656 384 -αιος.
1711 322 1745 384 s
1781 325 1863 374 74.
2436 324 2566 385 213

314 485 514 554 ἕνεκα
576 495 675 556 die
735 485 882 575 ἱερὰ
942 490 1231 574 μειλίχια
1289 496 1410 559 und
1474 486 1874 575 παραμύθια
1934 497 2261 573 darbringt.
2355 499 2436 558 Es
2493 499 2569 557 ist

313 597 470 657 nach
517 597 724 658 diesen
770 597 1154 659 ansdrflekeu
1200 599 1343 659 sehr
1386 598 1485 660 die
1531 598 1729 675 stage,
1775 599 1850 660 ob
1897 599 1992 661 die
2040 599 2569 678 unterscheiduug‚

315 699 409 759 die
454 701 562 759 wir
605 700 886 777 gemacht
929 700 1160 778 haben,
1218 701 1384 761 nicht
1435 702 1664 779 mussig
1723 702 1827 780 ist,
1885 701 2007 762 und
2070 702 2236 763 nicht
2280 702 2568 763 vielmehr

303 800 454 878 jene
513 801 665 862 oben
724 806 1070 879 genannten
1124 797 1458 879 Μειλίχιοι
1514 804 1585 891 in
1632 802 1854 864 Lokris
1881 800 2034 864 ‘und
2094 788 2567 883 Ἀποτρόπαιοι

293 903 378 964 „in
422 903 685 964 Korinth
745 904 908 965 diese
970 922 1184 965 namen
1248 905 1718 981 euphemistisch
1780 905 1993 967 fabren
2058 906 2182 967 und
2242 906 2567 982 cigentlich

312 1006 619 1083 bosartige
663 1024 866 1067 wesen
918 1005 1083 1083 sind,
1141 1007 1264 1067 und
1323 1026 1415 1066 am
1479 1007 1634 1068 ende
1693 1009 1879 1069 selbst
1921 1009 2074 1069 Zeus
2136 1008 2259 1069 und
2303 1008 2566 1086 Apollon

312 1110 681 1186 venigstens
709 1109 861 1169 nach
895 1107 1063 1169 einer
1091 1108 1356 1169 hinsicht
1376 1109 1435 1167 in
1471 1108 1587 1170 den
1614 1108 1776 1170 kreis
1800 1110 1908 1170 der
1929 1110 2343 1188 gembl-lichen
2370 1115 2567 1188 gotter

311 1229 586 1288 gesogen
630 1210 877 1271 werden
922 1204 1240 1289 mussen“;
1301 1211 1574 1272 similiter
1620 1213 1834 1272 Mulier
1876 1214 2048 1273 Eum.
2092 1232 2150 1290 p.
2187 1209 2334 1273 138:
2378 1214 2567 1292 „dass

312 1314 425 1373 der
468 1312 668 1374 dienst
711 1312 821 1374 der
864 1317 1029 1374 toten
1063 1355 1077 1373 .
1108 1356 1122 1374 .
1153 1356 1169 1373 .
1200 1357 1215 1374 .
1259 1314 1431 1375 einen
1477 1313 1801 1374 charakter
1846 1314 1956 1376 der
2008 1315 2200 1376 suhne
2255 1315 2383 1393 hat,
2443 1316 2567 1376 und

313 1415 414 1475 die
477 1401 749 1475 dnnklen
802 1417 1038 1477 machte
1089 1415 1197 1476 der
1251 1416 1590 1492 unterwelt,
1663 1417 1759 1478 die
1816 1417 1949 1478 dem
2009 1419 2182 1479 leben
2243 1419 2319 1477 im
2381 1419 2566 1496 allge-

315 1519 554 1579 meineu
599 1517 886 1579 feindlich
917 1518 1502 1596 gegenilberstehen‚
1546 1518 1868 1597 begutigen
1898 1512 2063 1581 soll“.
2134 1521 2331 1581 Etiam
2377 1504 2565 1579 ἀπο-

312 1610 736 1699 τρόπαιος,
780 1625 847 1681 ut
886 1628 1068 1707 saepe
1113 1621 1353 1697 passiva
1398 1619 1832 1698 significatione
1877 1624 2067 1683 utitur
2125 1621 2317 1696 (velut
2360 1624 2420 1683 in
2465 1622 2565 1683 illo
2612 1702 2619 1711 ι

313 1724 448 1784 loeo
495 1723 880 1800 Hippocratis
922 1741 1118 1807 qnem-
1146 1741 1333 1800 supra
1378 1722 1734 1802 citavimus),
1778 1728 1839 1785 et
1883 1725 2043 1801 apud
2088 1733 2366 1803 posteros
2408 1724 2565 1785 idem

313 1825 445 1885 fere
491 1824 789 1902 significat
833 1825 997 1904 qnod
1051 1814 1369 1905 θεομισής
1413 1825 1515 1900 (cf.
1563 1828 1718 1888 Plut.
1763 1827 1838 1888 de
1884 1826 1997 1888 deo
2043 1827 2207 1888 Socr.
2251 1846 2309 1904 p.
2354 1823 2474 1883 587
2501 1827 2567 1886 Β.

310 1928 527 2005 Synes.
567 1946 664 2005 ep.
711 1922 811 1988 58.
858 1925 980 1998 57..
1037 1946 1218 2005 saepe
1277 1927 1441 2005 apud
1495 1929 1645 1989 Luc.
1646 1926 1688 2007 ),
1753 1928 1828 1990 de
1896 1928 2284 1991 daemonibus
2335 1928 2569 1990 infestis

312 2031 630 2108 usurpavit
684 2030 963 2091 Julianus
1026 2028 1255 2107 (Cyrill.
1310 2034 1499 2092 contr.
1554 2032 1829 2110 Ju1.1X,
1874 2027 1996 2090 298
2030 2032 2080 2091 Ε
2128 2037 2392 2111 μιαροῖς
2451 2024 2566 2090 καὶ

308 2117 807 2212 ἀποτροπαίοις
852 2126 1162 2211 δαίμοσι).

487 2237 824 2312 Utrumque
878 2235 1063 2313 igitur
1115 2236 1473 2299 vocabulum
1530 2237 1678 2298 deos
1738 2238 1835 2298 vel
1895 2237 2216 2299 daemones
2273 2173 2568 2314 siguificat

310 2342 376 2398 et
417 2337 696 2417 infestos,
757 2338 1168 2417 depellendos,
1228 2339 1582 2416 placandos,
1642 2344 1703 2401 et
1745 2340 2064 2419 benignos,
2111 2324 2568 2420 ἀλεξικάκους,

309 2459 706 2503 averruncos.
814 2442 1016 2519 Atque
1092 2445 1349 2520 utraque
1422 2443 1747 2504 eorundem
1822 2443 2069 2505 deorum
2139 2446 2353 2504 natura
2419 2448 2564 2504 erat.

310 2544 551 2606 Etenim
624 2544 961 2607 cerimoniis
1031 2545 1154 2604 illis
1218 2564 1291 2606 ac
1354 2545 1800 2623 placationibus
1874 2548 2099 2608 moveri
2176 2548 2566 2625 putabantur,

309 2651 381 2707 nt
439 2648 602 2708 mala
659 2646 878 2725 quibus
934 2651 1288 2725 praeessent
1331 2665 1406 2708 ne
1454 2648 1779 2727 mitterent,
1841 2652 1908 2709 ut
1949 2651 2324 2728 averterent,
2382 2653 2450 2711 ut
2488 2650 2563 2710 iis

307 2749 657 2812 liberarent.

483 2851 603 2913 Sed
647 2836 1172 2930 ἀποπέμπεσθαι
1217 2870 1336 2913 non
1384 2853 1461 2913 de
1504 2854 1770 2914 externis
1814 2857 2047 2914 tantum
2079 2854 2247 2915 malis
2277 2872 2564 2915 averrun-

306 2954 522 3018 candis
552 2952 865 3016 dicebatur
896 2974 1105 3015 verum
1138 2955 1316 3016 etiam
1349 2954 1425 3015 de
1454 2957 1634 3016 animi
1681 2957 1931 3017 maculis
1973 2956 2421 3033 sceleribusque
2466 2955 2564 3016 ab·

301 3058 569 3136 luendis,
597 3057 760 3136 quod
789 3059 1026 3134 saepius
1047 3058 1376 3119 vocabatur
1408 3042 2307 3136 ἄποδιοπομπεῑσθαι.*)’
2338 3058 2486 3117 Poll.
2514 3057 2566 3136 1,

306 3157 420 3220 33·
465 3145 672 3240 ἄλλης
701 3153 772 3219 δὲ
815 3154 1041 3238 χρείας
1085 3149 1553 3239 καθήρασθαι,
1597 3154 1847 3237 μίασμα
1888 3139 2329 3234 ἒκνίψασθαι,
2375 3145 2566 3237 ἄγος

306 3248 986 3340 ἀποπέμψασθαι,
1028 3251 1238 3341 μύσος
1271 3251 1631 3336 λύσασθαι,
1663 3246 2159 3334 απολύσασθαι,
2190 3245 2566 3338 ἀποτρίψα-

306 3361 495 3444 σθαι,
538 3349 1293 3443 ἀποδιοπομπήσασθαι.
1385 3365 1517 3425 ΕΜ.
1554 3361 1693 3445 125,
1737 3360 1853 3424 33:
1899 3347 2563 3441 Αποδιοπομπεῑ-

307 3466 540 3528 σθαι·
600 3455 878 3546 πρώτης
933 3461 1250 3545 συζυγίας
1305 3462 1669 3545 διοπομπῶ
1715 3455 2198 3544 διοπομπήσω·
2258 3450 2393 3526 απὸ
2438 3464 2564 3526 τοῦ

308 3560 466 3641 Διὸς
513 3562 628 3628 καὶ
673 3564 798 3628 τοῦ
842 3558 1129 3646 πομπάς.
1179 3564 1479 3648 σημαίνει
1524 3564 1598 3629 δὲ
1642 3559 1721 3628 τό
1782 3554 2393 3648 ἀποτρέπεσθαι
2439 3559 2564 3629 διὰ

306 3670 455 3732 τοῦ
503 3655 1068 3749 ἀποτροπαίου
1113 3661 1328 3743 Διός·
1374 3657 1974 3752 (Αποτρόπαιος
2018 3666 2160 3749 μὲν
2197 3662 2387 3743 Ζευς
2432 3666 2565 3732 καὶ

308 3769 652 3855 δαίμων,
696 3758 1188 3853 ἀποτρέπων
1229 3764 1326 3835 τὰ
1369 3760 1553 3854 ἄγη).
1619 3774 1694 3835 ib.
1730 3768 1868 3852 128,
1912 3770 1993 3831 20
2040 3760 2562 3853 Αποδιοπομ-

308 3953 649 4010 redenden“.
719 3955 804 4009 Ea
840 3953 989 4009 enim
1023 3970 1083 4009 re
1117 3960 1335 4009 tantum
1371 3953 1709 4010 Plutarchus
1745 3970 1779 4009 a
1813 3955 2085 4010 communi
2122 3954 2383 4024 opinione
2418 3969 2563 4009 rece-

307 4041 497 4107 debat,
536 4039 692 4109 qnod
728 4056 840 4095 non
879 4039 1016 4095 deos
1054 4040 1180 4097 illos
1216 4039 1454 4109 putabat
1489 4040 1590 4095 sed
1625 4040 1943 4095 daemones.

481 4128 530 4193 ‘)
565 4125 654 4180 De
700 4123 807 4181 hoc
852 4125 1027 4181 verbo
1075 4125 1148 4180 cf.
1181 4124 1409 4180 Ruhnk.
1445 4125 1517 4179 ad
1552 4125 1696 4180 Tim.
1746 4143 1802 4196 p.
1829 4129 1910 4180 40.
1983 4124 2272 4196 Wyttenb.
2308 4123 2380 4178 ad
2416 4122 2562 4177 Plut.

311 4212 444 4266 Hor.
469 4228 526 4281 p.
555 4215 637 4266 ⁶13.
695 4211 783 4266 De
806 4210 1103 4266 cerimonia
1126 4207 1490 4266 Herm.'Gott.
1513 4209 1634 4266 Alt.
1654 4214 1736 4280 23,
1766 4215 1843 4266 18.
1869 4214 1951 4264 21.
1978 4214 2059 4265 23.
2086 4212 2167 4263 25.
2205 4207 2421 4264 Βοὴὸιιι.
2442 4206 2562 4260 Ait.

309 4297 382 4366 ΙΙ,
418 4301 538 4360 348.
589 4296 728 4354 Lob.
763 4296 900 4366 Agl.
937 4297 982 4367 1,
1024 4300 1136 4352 183.
1184 4296 1336 4354 Mun.
1373 4298 1531 4352 Eum.
1574 4301 1685 4353 146.
1732 4295 1943 4353 Preller
1978 4295 2219 4352 Polemo.
2261 4297 2355 4348 140
2392 4307 2475 4360 sq.
