3166 4871
527 259 667 327 ,222
1533 255 1790 310 Zacher

538 450 727 492 παιοι
773 434 875 493 Ar.
907 433 992 492 PL
1023 434 1170 492 Xeu.
1210 435 1384 493 Paus.
1428 434 1582 494 Plut.
1628 433 1723 493 dei
1773 434 1992 494 malum
2041 438 2407 512 avertentes,
2450 434 2797 494 averrunci.

540 536 629 597 Cf.
658 535 732 595 de
777 535 871 594 his
915 536 1101 613 supra
1148 554 1203 611 p.
1234 532 1374 592 211.
1421 532 1561 595 213.
1608 525 1690 594 τὰ
1738 519 2253 614 ἀποτρόπαια
2298 554 2467 598 sacra
2516 541 2796 596 averten-

541 637 749 698 dorum
798 637 1087 697 malorum
1134 655 1320 698 causa
1364 637 1528 698 facta
1573 638 1727 698 Plut.

710 729 1187 817 ἐπιτρόπαιο
1203 759 1263 811 ς,
1307 740 1400 800 bis
1422 759 1514 817 ap.
1538 740 1909 801 Herodotum
1944 740 2020 800 de
2046 759 2251 817 regn0,
2297 726 2464 820 ἀρχή
2485 741 2582 800 vel
2607 738 2799 812 βασι·

543 837 691 920 ληιή
751 834 1171 922 ἑπιτροπαίη.
1263 841 1437 915 Quod
1499 862 1616 903 non
1677 848 1838 903 recte
1896 844 1956 902 in
2017 844 2130 902 lex.
2178 844 2343 903 Pass.
2403 849 2463 904 et
2516 843 2670 902 thes.
2717 843 2797 903 ad

483 968 490 971 ¹
542 937 907 1021 ἐπίτροπος
969 948 1132 1005 tutor
1203 950 1526 1005 revocatur
1585 950 1646 1005 et
1699 946 2038 1022 explicatur
2095 944 2799 1019 „vormundschaftliche

541 1039 929 1125 regierung“:
991 1064 1148 1123 quae
1206 1047 1559 1125 significatio
1615 1066 1960 1124 quanquam
2019 1049 2213 1107 inesse
2258 1052 2458 1123 potest
2499 1048 2561 1108 in
2607 1049 2644 1108 l.
2690 1049 2801 1127 IV,

548 1146 663 1206 147
713 1139 973 1208 ἐόντων
1019 1141 1116 1207 ἔτι
1161 1147 1302 1208 τῶν
1332 1144 1600 1209 παίδων
1632 1139 1904 1209 τούτων
1940 1145 2209 1230 νηπίων
2254 1142 2799 1231 ἐπιτροπαίην

545 1240 698 1328 εἶχε
757 1239 794 1310 ὃ
861 1241 1085 1330 Θήρας
1143 1242 1284 1332 τὴν
1340 1246 1424 1311 ἐν
1479 1242 1812 1331 Σπάρτῃ
1867 1245 2322 1332 βασιληῒην,
2386 1271 2508 1312 non
2554 1258 2646 1312 est
2686 1254 2801 1331 111,

549 1351 668 1410 142
723 1352 847 1433 Τῆς
892 1347 960 1413 δὲ
1009 1344 1247 1433 Σάμου
1292 1345 1707 1433 Μαιάνδριος
1753 1342 1790 1414 ὁ
1839 1349 2263 1433 Μαιανδρίου
2316 1343 2445 1432 εἶχε
2501 1345 2579 1413 τὰ
2635 1346 2799 1433 κρά-

545 1473 687 1530 τος,
765 1450 1312 1537 ἐπιτροπαίην
1383 1448 1595 1536 παρὰ
1668 1448 2233 1537 Πολυκράτεος
2313 1448 2579 1529 λαβὼν
2652 1448 2797 1537 τὴν

547 1543 822 1638 ἇρχην,
868 1560 1030 1636 quod
1078 1560 1220 1638 quid
1269 1560 1562 1637 significet
1600 1579 1673 1621 ex
1703 1563 1848 1637 ipsis
1880 1561 2205 1620 Maeandrii
2240 1559 2440 1620 verbis
2471 1560 2798 1636 intelligas.

547 1655 694 1739 ἐμοὶ
754 1660 1103 1750 σκῆπτρον
1163 1658 1276 1721 καὶ
1334 1652 1612 1741 δύναμις
1662 1676 1847 1722 παοα
1898 1650 1939 1741 ἡ
1995 1651 2471 1740 Πολυκράτεος
2533 1654 2797 1721 ἐπιτέ-

546 1782 908 1843 τραπται.
1013 1769 1194 1825 Recte
1253 1766 1437 1843 igitur
1495 1766 2066 1842 Schweighauserus
2126 1754 2559 1841 ἐπιτρόπαιος
2618 1766 2800 1824 inter-

549 1874 895 1947 pretatur„
904 1867 1040 1928 fidei
1074 1870 1329 1928 alicuius
1376 1864 1759 1929 commissus“
1762 1886 2020 1946 ,neque
2067 1866 2141 1926 ab
2184 1859 2554 1945 ἐπίτροπος
2597 1886 2800 1944 neque

547 1971 622 2031 ab
698 1961 1028 2050 ἐπιτροπὴ
1100 1972 1205 2031 sed
1281 1973 1356 2031 ab
1430 1964 1910 2050 ἐπιτρέπεσθαι
1980 1970 2378 2047 committere,
2450 1970 2801 2046 permittere

548 2060 902 2133 vocabulum
948 2073 1097 2134 illud
1145 2074 1480 2135 derivatum
1526 2079 1638 2133 est.

718 2166 1324 2254 προςτρόπαιος
1370 2177 1614 2254 proprie
1646 2176 1943 2254 significat
1972 2193 2126 2253 eum,
2172 2176 2274 2252 qui
2307 2168 2802 2252 προςτρέπεταὶ

548 2297 720 2353 τινα,
766 2278 1104 2356 specialiter
1147 2281 1252 2356 qui
1294 2280 1523 2339 scelere
1570 2279 1791 2357 aliquo,
1838 2279 2090 2338 maxime
2136 2277 2320 2338 caede
2359 2279 2674 2338 commissa
2702 2278 2803 2338 vel

553 2383 818 2442 homines
872 2382 968 2443 vel
1024 2382 1167 2456 deos
1226 2383 1457 2460 aliquos
1509 2382 1813 2460 implorat,
1874 2387 1940 2442 ut
1994 2400 2058 2443 se
2113 2381 2356 2459 expient
2407 2386 2467 2441 et
2517 2388 2805 2458 purgent.

551 2485 660 2544 Est
713 2486 898 2561 igitur
955 2485 1112 2545 idem
1174 2487 1336 2563 quod
1394 2477 1633 2564 ἱκέτης.
1722 2486 1797 2543 Et
1854 2488 1920 2544 ut
1961 2484 2077 2544 hoc
2122 2485 2206 2543 sic
2252 2483 2427 2543 etiam
2471 2473 2803 2561 προςτρό-

549 2604 749 2657 παιος
779 2589 1038 2666 saepius,
1081 2609 1117 2648 a
1145 2590 1386 2665 tragicis
1415 2589 1787 2666 praesertim,
1840 2589 2079 2647 omnino
2126 2587 2203 2646 de
2246 2586 2484 2646 homine
2527 2585 2807 2663 sceleste,

551 2690 838 2768 piaculari
913 2696 1252 2768 usurpatur.
1352 2693 1481 2751 Hae
1539 2691 2002 2766 significationes
2063 2691 2164 2767 qui
2220 2693 2396 2748 natae
2452 2689 2572 2747 sint
2628 2688 2807 2748 facile

550 2792 806 2870 intelligi
851 2798 1065 2870 potest.
1154 2794 1477 2854 Difficilius
1524 2799 1720 2853 autem
1769 2798 1860 2853 est
1904 2793 2267 2870 perspicere,
2309 2792 2412 2868 qui
2454 2791 2676 2850 factum
2708 2792 2809 2867 sit,

554 2899 620 2955 ut
651 2896 826 2955 etiam
872 2896 968 2955 dii
1015 2896 1110 2956 vel
1156 2896 1548 2956 daemones
1594 2896 1832 2973 quidam
1880 2897 2232 2955 scelerum
2281 2895 2559 2954 ultores
2602 2910 2809 2972 προς-

551 2987 866 3076 τρόπαιοι
910 3002 1291 3059 vocarentur.
1381 3001 1470 3058 Ea
1514 3000 1589 3059 de
1635 3017 1699 3059 re
1745 2999 2087 3058 accuratius
2130 2997 2552 3074 inquirendum
2599 3001 2707 3056 est.

723 3104 814 3161 De
889 3101 1000 3161 diis
1071 3095 1601 3180 προςτροπαίοις
1672 3103 1917 3179 saepius
2001 3101 2330 3176 loquuntur
2409 3099 2809 3176 grammatici·

553 3203 700 3264 Poll.
752 3202 801 3280 1,
848 3200 959 3262 24:
1017 3198 1247 3277 (θεοὶ)
1302 3195 1613 3283 τρόπαιοι
1674 3189 2125 3282 ἄποτρόπαιοι
2174 3192 2392 3260 λύσιοι
2438 3190 2805 3280 καθάρσιοι

554 3293 836 3385 ἁγνῑται,
880 3297 1110 3382 (regem
1146 3304 1441 3387 σωτῆρες
1472 3292 1839 3383 ἅσφάλιιοι,
1887 3305 2372 3382 παλαμνατοι
2420 3293 2810 3383 προςτρό-

554 3426 813 3482 παιοι,
874 3404 1215 3487 γενέθλιοι
1263 3400 1572 3488 γαμήλιοι
1624 3408 1766 3468 κτλ
1859 3404 2080 3485 5,131
2132 3402 2505 3484 δαίμονες
2558 3423 2620 3464 οι
2677 3399 2808 3482 μὲν

554 3499 835 3580 λύοντες
893 3528 1010 3580 τας
1069 3495 1233 3588 αρὰς
1291 3497 1667 3588 ἀλεξίκακοι
1718 3505 1897 3589 λεγοι
1904 3528 2055 3582 ται
2116 3494 2589 3588 αποπομπαῑοι
2636 3493 2809 3568 ἄπο-

555 3601 868 3691 τρόπαιοι
901 3603 1117 3671 λυσιοι
1152 3604 1401 3691 φύξιοι,
1447 3607 1512 3672 οἱ
1555 3608 1624 3673 δὲ
1673 3611 2042 3692 πυροῦντες
2086 3597 2487 3689 αλιτήριοι
2536 3595 2809 3691 αλιτη-

427 3711 438 3720 ’
555 3705 897 3790 ριώδεις
970 3707 1601 3796 προςτρόπαιοι
1670 3715 2227 3793 παλαμνατοι.
2341 3712 2529 3774 Bekk.
2592 3713 2810 3774 anecd.

555 3841 614 3899 p.
655 3814 809 3898 296,
862 3818 916 3878 4.
1005 3820 1178 3879 Phot.
1222 3839 1278 3897 p.
1319 3816 1469 3895 462,
1524 3816 1624 3877 22.
1712 3821 1841 3879 ΕΜ.
1888 3816 2195 3896 700,10:
2269 3805 2809 3929 προςτροπαιος·

557 3915 870 4002 δαίμων
929 3940 1046 3992 τις
1109 3915 1220 3981 ἐπὶ
1281 3920 1421 3980 τῶι
1479 3915 1756 3999 ἐναγώι.
1814 3952 1901 3962 —-
1955 3911 2143 3990 Ζευς
2205 3908 2811 3999 προςτρόπαιος

553 4029 805 4087 uictore
865 4025 1038 4085 Phot.
1097 4021 1341 4101 p.371‚
1393 4021 1499 4082 16.
1566 4011 1605 4082 ὁ
1664 4018 2190 4104 προςτρέπων
2248 4013 2340 4082 τὸ
2400 4038 2582 4099 αγος
2636 4027 2810 4091 τοῖς

557 4122 1117 4207 παλαμναίοις,
1149 4128 1260 4186 lex.
1276 4127 1425 4186 rhet.
1456 4147 1552 4205 ap.
1586 4128 1752 4187 Eust.
1780 4147 1837 4205 p.
1872 4123 2047 4205 1807,
2070 4125 2134 4183 11
2184 4119 2243 4182 a)
2275 4141 2369 4183 αν
2410 4141 2532 4194 τις
2573 4139 2809 4201 προς-

559 4225 938 4309 τρέποιτο
1000 4222 1319 4300 ικέσιος.
1409 4231 1768 4307 Plerumque
1828 4230 1956 4290 solo
2016 4230 2265 4289 nomine
2312 4216 2811 4306 προςτρόπαιοι
