3166 4871
2450 298 2569 361 167

327 467 569 545 saepius
600 486 637 526 a
667 468 910 528 comicis
943 468 1295 545 perstrictus
1326 471 1416 528 est
1445 468 1610 528 aliud
1643 469 1971 547 quidquam
2005 473 2268 541 constet3
2314 471 2569 532 intuenti

328 570 466 629 mihi
500 587 598 630 res
628 569 703 630 de
736 569 1224 647 Cephisophoute
1265 589 1303 630 a
1332 571 1491 631 vitae
1521 571 1886 649 Euripideae
1929 573 2321 649 scriptoribus
2352 574 2571 633 relatas

327 672 388 748 ii,
431 673 536 748 qui
565 672 638 731 de
670 673 784 732 hoc
831 673 960 733 viro
993 673 1247 750 ejusque
1277 692 1413 733 cum
1444 673 1735 751 Euripide
1765 674 2207 737 necessitudine
2254 677 2572 736 memoriae

328 774 555 852 aliquid
603 774 926 853 tradidere,
970 776 1082 853 ipsi
1129 776 1276 836 nihil
1321 776 1469 837 certi
1499 780 1869 854 compertum
1915 777 2194 839 habuisse
2239 778 2346 839 sed
2393 780 2571 840 comi-

329 896 530 938 corum
564 878 836 938 convicia
880 879 1229 956 conjectura
1272 879 1555 939 videntur
1599 880 1957 958 illustrasse;
2003 899 2310 958 quumque
2353 882 2571 959 reliqui

327 981 485 1041 vitae
516 981 878 1058 Euripideae
907 981 1253 1058 scriptores,
1298 984 1657 1059 Anonymus
1687 987 1747 1042 et
1782 984 2095 1044 Mauuelus
2124 985 2574 1062 Moschopulus,

328 1082 875 1159 Cephisophontem
941 1083 1290 1144 histrionem
1373 1083 1559 1144 fuisse
1628 1084 1933 1162 Euripidis
2006 1104 2124 1146 non
2198 1085 2573 1162 tradiderint,

327 1186 464 1245 item
512 1192 579 1246 ut
622 1204 914 1263 quaenam
973 1205 1105 1246 cum
1153 1185 1442 1263 Euripide
1503 1187 1556 1246 ei
1612 1188 1763 1247 ratio
1825 1188 2232 1248 intercesserit
2275 1189 2573 1249 nescimus

326 1288 384 1346 in
431 1287 613 1347 dubio
659 1288 1007 1365 remanebit,
1052 1307 1311 1366 quamne
1355 1288 1666 1366 professus
1708 1290 1787 1350 sit
1828 1294 2036 1352 artem.

498 1461 716 1520 Poetas
791 1462 1052 1538 tragicos
1109 1464 1309 1522 aetate
1373 1462 1740 1539 posteriores
1797 1462 1921 1522 suis
1980 1462 2370 1523 histrionibus
2429 1481 2571 1524 usos

327 1581 457 1624 esse
530 1564 804 1640 exemplo
880 1562 1219 1624 confirmari
1293 1565 1531 1642 nequit3
1620 1565 1969 1643 priusquam
2046 1565 2121 1625 ad
2198 1565 2571 1627 OomIcorum

327 1666 661 1727 fabularum
755 1669 991 1726 actores
1073 1666 1382 1745 accedam,
1479 1667 1898 1745 exponendum
1988 1671 2163 1746 put0‚
2246 1669 2411 1745 quod
2498 1669 2571 1730 de

329 1768 668 1845 Heqeloclzo
735 1769 962 1846 tragico
1029 1769 1318 1831 histrione
1371 1771 1687 1830 memoriae
1739 1773 1831 1830 est
1882 1770 2202 1848 proditum,
2266 1771 2572 1849 Euripidis

329 1872 594 1949 aequali,
652 1890 829 1950 quem
891 1871 1152 1931 fabulam
1213 1872 1596 1950 Euripideum
1672 1873 1863 1950 egisse
1929 1872 2219 1933 audimus.
2335 1874 2568 1934 Nomen

328 1975 461 2050 ejus
518 1973 815 2051 proditum
880 1980 973 2034 est
1016 1974 1301 2051 imprimis
1360 1979 1608 2053 propter
1652 1974 1831 2034 unius
1875 1976 1936 2034 iu
1982 1972 2196 2035 Oreste
2240 1973 2572 2052 Euripidea

329 2076 492 2135 vocis
535 2076 1082 2154 pronuntiationem
1129 2076 1437 2155 vitiosam3
1482 2077 1609 2153 egit
1637 2076 1792 2137 enim
1824 2077 2205 2154 Hegelochus
2252 2078 2311 2137 in
2343 2075 2573 2153 Oreste,

328 2198 483 2255 quae
541 2177 750 2238 fabula
803 2178 964 2238 arch.
1026 2179 1237 2238 Diocle
1292 2197 1347 2238 a.
1399 2181 1524 2240 409
1587 2176 1765 2239 docta
1809 2183 1927 2258 est,
1986 2181 2298 2257 primarias
2355 2184 2573 2259 partes,

328 2282 518 2359 ipsius
564 2279 796 2341 Orestis
839 2299 1172 2357 personam,
1218 2285 1278 2341 et
1321 2282 1380 2340 in
1425 2299 1605 2340 versu
1654 2284 1776 2342 279

631 2391 748 2472 »ἐκ
791 2390 1114 2480 κυμάτων
1157 2390 1281 2480 γὰρ
1327 2378 1530 2471 αὖθις
1576 2379 1664 2460 αὖ
1710 2385 1940 2481 γαλήν’
1963 2387 2136 2480 ὃρῶ“

327 2521 850 2599 (tranquillitatem
918 2519 1149 2598 video),
1221 2520 1322 2581 ubi
1398 2520 1595 2581 medio
1678 2520 1737 2581 in
1818 2522 2136 2599 monologo
2220 2524 2572 2599 gravissimo

327 2626 575 2687 Orestes
617 2624 857 2684 taudem
889 2623 1120 2683 insania
1159 2624 1472 2684 liberatum
1519 2641 1586 2683 se
1632 2641 1765 2684 esse
1808 2624 2140 2703 profitetur,
2184 2625 2570 2687 declamando

328 2728 412 2787 ita
470 2728 777 2807 peccavit,
832 2733 899 2787 ut
959 2726 1164 2787 ultima
1221 2728 1409 2787 verba
1466 2708 1746 2806 ηγαλήιῖ
1778 2712 1959 2804 hoff
2002 2727 2316 2789 deficiente
2361 2729 2572 2806 spiritu

329 2830 606 2905 neglecta
636 2830 884 2890 elisione
913 2828 1330 2906 pronuntiaret
1360 2829 1532 2905 quasi
1577 2823 1831 2907 ,,γαλῆν
1864 2810 2045 2906 ὃρῶ“
2089 2834 2248 2889 esset
2283 2831 2574 2907 scriptum

329 2931 526 2998 (felem
572 2928 805 3003 video):
861 2930 1049 2990 schol.
1078 2932 1221 2990 Eur.
1253 2928 1354 2990 Or.
1386 2934 1541 2991 279:
1586 2915 2072 3009 κεκωμῴδηται
2116 2917 2154 2989 ὁ
2202 2925 2421 3008 στίχος
2466 2922 2576 2990 διὰ

318 3020 674 3111 Ἡγέλοχον
742 3021 867 3091 τὸν
941 3019 1315 3111 ὑποκριτήν
1350 3044 1362 3057 ·
1397 3015 1479 3089 οὗ
1536 3019 1661 3109 γὰρ
1730 3020 2094 3106 φθάσαντα
2153 3026 2393 3091 διελεῖν
2450 3020 2574 3114 τὴν

330 3123 749 3213 συναλοιφὴν
807 3125 1281 3211 ἐπιλείψαντος
1330 3130 1456 3191 τοῦ
1510 3122 1894 3210 πνεύματος
1934 3140 2080 3205 τοῖς
2124 3119 2576 3213 ἀκροωμένοις

331 3228 457 3317 τὴν
513 3234 727 3316 γαλῆν
780 3226 971 3312 δόξαι
1030 3230 1246 3313 λέγειν
1317 3224 1398 3295 τὸ
1475 3233 1673 3311 ζῶον,
1741 3220 1890 3295 ἀλλ’
1914 3220 2066 3314 οὖχὶ
2120 3226 2204 3295 τὰ
2264 3224 2525 3318 γαληυὶι
2556 3252 2570 3266 ·

331 3342 406 3401 cf.
451 3340 632 3401 schol.
677 3341 824 3400 Rav.
870 3340 972 3399 Ar.
1016 3357 1141 3398 ran.
1188 3342 1331 3418 308,
1377 3337 1539 3400 Suid.
1570 3356 1617 3400 s.
1648 3358 1704 3398 v.
1723 3322 2107 3417 Ἡγέλοχος,
2168 3340 2355 3400 schol.
2397 3342 2574 3401 Dion.

331 3443 550 3504 Thrac.
610 3444 672 3502 in
725 3441 919 3503 Bekk.
971 3441 1178 3502 anecd.
1235 3443 1311 3518 11,
1361 3444 1516 3503 728:
1590 3435 1746 3514 „xcii
1801 3430 1926 3520 γὰρ
1968 3429 2317 3521 Ἡγέλοχος
2376 3429 2413 3501 ὁ
2457 3441 2574 3523 τῆς

329 3538 701 3623 τραγῳδίας
739 3531 1108 3622 ὑποκριτὴς
1135 3527 1267 3603 οὐκ
1297 3530 1381 3603 ἂν
1419 3540 1752 3605 τοσοῦτον
1782 3528 2088 3624 ὠφλήκει
2116 3529 2574 3626 πάρ’ᾍθηναὶ·

333 3666 433 3719 οις
477 3637 602 3706 τὸν
644 3641 921 3726 γέλωτα,
969 3638 1026 3705 εἰ
1062 3635 1189 3726 τὴν
1228 3638 1302 3706 ἐν
1341 3642 1438 3726 τῷ
1480 3633 1739 3725 ἄμβωνι
1769 3631 2214 3727 ἀπόστροφον
2244 3637 2574 3726 ἐγνώκει.“

331 3751 781 3830 Hegelochum,
856 3768 1040 3828 quum
1100 3751 1580 3827 gravissimorum
1650 3750 1877 3812 Orestis
1949 3751 2271 3812 verborum
2333 3769 2572 3813 sensum

329 3854 760 3932 ineptissimum
815 3852 1206 3932 reddidisset,
1276 3854 1460 3914 totius
1531 3853 1748 3913 theatri
1820 3854 2005 3914 risum
2076 3854 2329 3914 movisse
2398 3872 2573 3915 nemo

331 3958 640 4019 mirabitur
699 3954 795 4035 (ηε
853 3956 1071 4032 quibus
1141 3956 1295 4016 enim
1374 3955 1520 4016 nihil
1591 3959 1834 4032 praeter
1910 3956 2276 4032 voluptatem
2339 3958 2573 4017 aurium

332 4061 657 4136 quaeritur,
714 4060 775 4119 in
834 4058 907 4118 iis
965 4057 1316 4135 offenditur,
1375 4059 1551 4119 simul
1597 4064 1779 4136 atque
1821 4058 2185 4119 imminuitur
2228 4057 2454 4135 aliquid
2499 4058 2574 4119 de

334 4160 706 4240 voluptate“:
755 4161 873 4221 Cic.
907 4161 981 4221 de
1013 4178 1100 4221 or.
1131 4161 1177 4238 1,
1219 4159 1256 4231 ξ
1291 4159 1456 4235 259).
1545 4162 1679 4222 Hoc
1716 4179 1861 4222 casu
1905 4160 2161 4221 adverso
2192 4161 2575 4237 Hegelochus

334 4265 488 4324 sales
531 4264 883 4341 provocavit
910 4262 1347 4342 Aristophanis,
1390 4283 1427 4322 a
1471 4281 1590 4339 quo
1631 4265 1688 4322 in
1723 4283 1846 4324 ran.
1882 4283 1934 4323 v.
1965 4267 2088 4325 303
2120 4263 2575 4341 perstringitur:

2063 4375 2167 4428 11*
