3166 4871
497 271 622 334 300

493 446 675 506 nullis
703 444 850 504 artis
878 445 1150 521 poeticae
1179 434 1330 505 locis
1374 448 1597 503 metum
1643 443 1717 503 ad
1765 448 2138 520 spectatores
2184 461 2319 504 esse
2362 443 2744 505 referendum

496 546 832 623 confitetur,
879 547 962 606 ita
991 555 1057 606 ut
1089 546 1316 625 duplici
1346 551 1505 607 metu
1550 545 1934 607 afficeremur
1977 551 2038 607 et
2080 546 2251 607 nobis
2296 550 2357 607 et
2399 546 2747 623 tragoediae

490 650 767 727 personis
810 654 1177 710 metuentes:
1232 650 1470 727 qualem
1515 651 2024 727 perturbationem
2069 650 2133 709 in
2176 650 2562 711 Aristotelem
2606 669 2745 711 con·

494 751 659 813 ferre
703 752 945 813 minime
991 752 1150 813 licet.

661 855 819 915 Tota
877 860 1074 915 autem
1139 855 1288 915 haec
1351 856 1791 934 argumentatio
1851 873 1970 915 non
2028 874 2105 915 ex
2157 856 2346 932 ipsius
2389 855 2745 932 Aristotelis,

491 958 596 1018 sed
661 959 1016 1018 nostratium
1076 958 1568 1036 philosophorum
1632 958 1904 1018 doctriua
1967 958 2279 1036 profluxit,
2346 975 2526 1034 quam
2582 957 2742 1035 apud

496 1060 667 1121 illum
712 1062 984 1121 invenire
1029 1061 1355 1122 studebant
1370 1058 1468 1133 ³⁹).
1551 1061 1636 1121 At
1678 1060 1819 1137 quid
1868 1064 1959 1120 est
1986 1061 2298 1120 Aristoteli
2331 1079 2467 1120 cum
2512 1065 2743 1122 nostra·

489 1164 697 1225 tibus?
782 1163 929 1224 Cum
988 1168 1301 1240 praeterea
1356 1164 1574 1241 quibus
1633 1164 1745 1223 nisi
1792 1169 1934 1224 sunt
1975 1164 2166 1223 nostri
2208 1163 2550 1240 philosophi
2593 1163 2742 1224 locis

490 1266 645 1326 male
707 1267 1137 1344 interpretatos
1206 1267 1343 1327 illos
1408 1269 1775 1344 noverimus,
1848 1271 2030 1343 atque
2106 1267 2323 1326 ceteris
2396 1283 2742 1345 repugnare

486 1369 752 1445 ipsorum
797 1370 1179 1445 sententiam,
1238 1369 1434 1429 altera
1489 1370 1679 1447 ratio,
1740 1387 1896 1446 quae
1950 1369 2117 1429 nullo
2172 1368 2464 1429 eiusmodi
2508 1368 2742 1429 laborat

487 1471 655 1549 vitio,
694 1471 865 1532 nobis
902 1470 1215 1549 sequenda
1245 1475 1352 1549 est,
1399 1477 1467 1532 ut
1494 1472 1555 1531 in
1585 1471 1901 1549 tragoedia
1929 1466 2300 1549 spectatores
2331 1472 2441 1531 sibi
2475 1477 2741 1533 metuere

492 1591 843 1634 censeamus
887 1573 1272 1635 Aristotelem
1318 1574 1555 1635 docere.

660 1677 783 1735 Iam
829 1694 976 1737 vero
1022 1677 1234 1753 quales
1277 1676 1399 1736 sint
1451 1675 1858 1738 misericordia
1911 1681 2258 1755 metusque,
2316 1694 2471 1754 quae
2513 1676 2739 1736 Aristo·

488 1779 641 1859 teies
683 1778 999 1857 tragoedia
1043 1780 1292 1840 excitari
1339 1780 1487 1858 vult,
1532 1780 1862 1840 videamus.
1950 1781 2102 1840 Nam
2136 1797 2267 1840 cum
2299 1780 2530 1857 priores
2557 1778 2738 1837 inter·

487 1885 724 1960 pretes,
790 1899 945 1960 quae
1010 1883 1368 1943 Aristoteles
1432 1882 1508 1943 de
1572 1884 1695 1943 illis
1760 1882 2071 1944 affectibus
2128 1883 2189 1943 in
2250 1887 2378 1942 arte
2440 1881 2738 1941 rhetorica

484 1984 713 2063 docuit,
766 1985 843 2044 ad
894 1989 1088 2044 artem
1132 1986 1421 2062 poeticam
1470 1985 1749 2046 conferre
1794 1987 2036 2046 minime
2079 1985 2516 2060 dubitaverint,
2559 1981 2736 2042 hodie

486 2089 607 2146 tam
653 2087 923 2148 diversos
968 2088 1309 2148 rhetoricae
1354 2092 1417 2148 et
1458 2089 1730 2166 poeticae
1775 2089 1922 2148 artis
1975 2089 2227 2148 affectus
2284 2106 2414 2149 esse
2457 2085 2737 2146 nonnulli

488 2192 758 2267 censent,
801 2193 870 2249 ut
896 2190 1109 2266 quales
1141 2189 1250 2250 hos
1278 2191 1636 2268 cogitaverit
1664 2191 2037 2268 Aristoteles,
2081 2191 2263 2267 plane
2293 2189 2629 2250 nesciamus
2642 2185 2738 2260 ⁴⁰).

484 2291 764 2351 Attamen
811 2292 1038 2369 specie,
1101 2311 1221 2352 non
1280 2296 1407 2352 toto
1452 2311 1673 2370 genere
1721 2292 1939 2353 diversi
1987 2311 2118 2353 esse
2165 2298 2437 2369 possunt.
2525 2293 2738 2367 Itaque

486 2390 614 2456 fleri
659 2410 838 2473 posse
884 2393 1142 2474 videtur,
1200 2399 1266 2456 ut
1311 2394 1542 2456 collatis
1589 2386 1900 2474 utriusque
1946 2397 2093 2456 artis
2141 2394 2213 2456 de
2260 2394 2379 2455 illis
2424 2393 2738 2455 affectibus

485 2497 826 2575 praeceptis
872 2516 946 2557 ex
993 2498 1123 2575 ipso
1170 2498 1537 2575 discrimine,
1582 2498 1725 2576 quid
1772 2499 1851 2559 sit
1894 2499 2296 2574 statuendum,
2341 2515 2637 2559 eruamus.

653 2600 732 2660 Et
790 2600 1041 2676 primum
1105 2599 1341 2676 quidem
1390 2600 1746 2661 Aristoteles
1792 2605 2018 2677 monet,
2091 2620 2167 2662 ne
2224 2601 2320 2660 vir
2383 2601 2611 2678 probus
2678 2604 2738 2659 et

483 2701 771 2762 honestus
818 2719 893 2762 ex
938 2719 1232 2779 prospera
1275 2703 1336 2763 in
1382 2702 1694 2763 adversam
1743 2701 2043 2763 fortunam
2105 2703 2420 2780 perveniat
2440 2701 2537 2780 ³⁷),
2596 2703 2738 2780 quia

483 2803 599 2864 hoo
643 2821 839 2881 neque
884 2809 1101 2865 metum
1150 2821 1348 2882 neque
1392 2804 1856 2866 misericordiam
1903 2809 2159 2884 moveat,
2202 2805 2310 2864 sed
2342 2805 2421 2867 sit
2449 2804 2735 2865 horribile

481 2895 789 2987 (μιαρόν).
877 2907 1046 2983 Quae
1089 2907 1276 2967 verba
1319 2908 1464 2967 satis
1508 2907 1764 2969 obscura
1794 2925 1925 2968 esse
1957 2908 2257 2968 videntur.
2331 2907 2544 2969 Paullo
2574 2907 2735 2968 infra

484 3155 742 3226 stichtige
777 3155 986 3211 Furcht
1032 3155 1179 3210 denn
1231 3153 1322 3211 die
1367 3153 1467 3210 des
1516 3155 1804 3225 gemeinen
1850 3155 2071 3210 Lebens
2117 3156 2201 3210 als
2247 3156 2337 3210 ein
2388 3156 2731 3226 Erzeugniss

480 3240 583 3296 der
633 3239 945 3310 Tragoedie
1005 3242 1077 3295 im
1133 3237 1453 3296 Anscblusz
1507 3257 1577 3295 an
1633 3241 1723 3296 die
1777 3241 2282 3310 Entwickelungen
2339 3242 2564 3296 Mullers
2616 3241 2731 3294 und

484 3325 735 3397 Dorings
770 3327 855 3382 als
890 3342 999 3381 von
1040 3324 1381 3382 Aristoteles
1417 3327 1666 3397 gemeint
1703 3344 1773 3381 zu
1807 3326 2183 3382 betrachteu.“

650 3414 719 3478 ³⁸)
755 3412 1090 3481 Ueberweg,
1138 3409 1379 3467 Aristot.
1416 3412 1558 3467 tiber
1594 3413 1686 3466 die
1721 3410 2081 3478 Dichtkunst,
2117 3417 2201 3476 67,
2237 3409 2310 3466 A.
2347 3417 2429 3465 50.
2468 3410 2580 3474 „sie
2616 3410 2729 3478 (die

478 3496 691 3551 Furcht
723 3494 816 3551 fur
850 3500 983 3564 uns)
1018 3496 1096 3552 ist
1129 3495 1287 3552 nicht
1321 3497 1447 3552 eine
1494 3497 1979 3553 aesthetische
2015 3497 2429 3568 Empfindung,
2474 3496 2592 3564 die,
2636 3511 2728 3550 um

475 3581 578 3636 mit
604 3582 755 3635 Kant
783 3597 851 3635 zu
876 3582 1068 3649 reden,
1105 3581 1504 3636 uuinteressirt
1536 3581 1657 3637 sein
1682 3598 1854 3650 musz,
1890 3583 2008 3637 und
2033 3582 2134 3637 das
2162 3583 2372 3644 ..Oder“
2400 3597 2470 3636 an
2498 3596 2731 3635 unserer

476 3666 645 3723 Stelle
691 3667 778 3735 (C.
814 3667 913 3721 XI.
950 3665 1022 3722 cf.
1058 3683 1185 3721 ann.
1224 3671 1304 3722 36.
1343 3684 1385 3722 s.
1424 3666 1491 3737 f.)
1534 3668 1796 3735 beweist,
1850 3668 1985 3721 dasz
2041 3667 2384 3722 Aristoteles
2440 3667 2521 3721 sie
2573 3663 2729 3719 nicht

477 3752 700 3807 meint.“
751 3784 813 3792 —
862 3752 980 3808 Hoc
1029 3768 1141 3807 nou
1192 3751 1311 3807 fieri
1369 3752 1623 3823 Doering
1658 3753 1935 3821 ostendit,
1972 3754 2005 3807 l.
2046 3755 2079 3807 1.
2117 3757 2245 3820 317,
2291 3754 2378 3808 cui
2426 3749 2729 3806 assentitur

474 3837 772 3905 Susemihl‚
808 3837 878 3893 cf.
915 3854 1041 3892 ann.
1077 3844 1159 3893 38.

646 3926 716 3991 ⁴⁰)
749 3923 1045 3993 Susemihl,
1071 3927 1152 3977 57.
1193 3923 1668 3994 „Folgerichtiger
1703 3926 1785 3978 als
1821 3923 2074 3993 Doering
2109 3923 2253 3979 sieht
2277 3923 2411 3977 aber
2433 3919 2725 3976 Reinkens

474 4009 593 4076 ein,
641 4010 776 4063 dasz
824 4008 925 4063 mit
973 4008 1179 4064 diesem
1225 4009 1411 4064 Masze
1458 4009 1585 4077 (der
1632 4008 1929 4076 Rhetorik)
1974 4024 2268 4079 gemessen
2312 4006 2454 4062 auch
2501 4006 2593 4061 die
2631 4006 2725 4058 Er-

474 4092 756 4163 klaerung
792 4095 891 4149 der
927 4093 1244 4163 tragischen
1280 4093 1508 4162 Furcht,
1547 4094 1756 4149 welche
1793 4102 2036 4151 ersterer
2071 4095 2161 4149 fiir
2197 4094 2285 4148 die
2321 4090 2725 4147 aristotelische

472 4180 707 4248 erklart,
754 4180 912 4235 nicht
955 4188 1145 4249 paszt‚
1195 4180 1309 4234 und
1358 4179 1568 4252 kommt
1617 4197 1680 4236 so
1727 4197 1797 4234 zu
1845 4181 1970 4235 dem
2020 4179 2389 4248 Ergebnisse‚
2444 4178 2578 4232 dass
2625 4177 2726 4231 wir

472 4265 636 4321 nicht
674 4267 876 4322 wissen
916 4265 1160 4335 konnen,
1198 4281 1309 4322 was
1346 4264 1693 4322 Aristoteles
1731 4272 1897 4321 unter
1932 4266 2015 4320 ihr
2051 4265 2387 4320 verstauden
2424 4262 2617 4318 habe·
