3166 4871
2502 308 2626 370 235

384 490 656 564 putaret,
716 486 907 563 magis
969 485 1277 559 magisque
1343 484 1431 543 his
1492 482 1706 543 studiis
1762 501 1828 543 se
1889 482 2145 542 dedisse.
2232 482 2407 542 Adde
2452 483 2629 560 quod,

387 591 497 649 etsi
563 588 656 648 his
730 587 1012 648 extremis
1081 586 1332 645 maxime
1392 588 1551 645 vitae
1619 586 1791 645 annis
1850 604 1970 646 non
2026 585 2322 646 dubitavit
2388 586 2630 645 summis

386 691 668 752 laudibus
728 690 1078 766 dignitatem
1135 706 1207 748 ac
1252 689 1530 748 virtutem
1578 689 1987 766 philosophiae
2033 689 2247 749 efferre
2265 684 2374 766 20),
2431 693 2630 748 tamen

387 795 560 854 etiam
616 811 688 852 ea
740 810 805 852 re
864 791 1158 851 hominem
1218 792 1551 851 Romanum
1613 809 1679 851 se
1722 790 2031 869 praebuit,
2091 791 2250 867 quod
2307 791 2430 850 fere
2474 789 2632 850 solas

388 913 490 955 eas
550 895 833 955 tractavit
889 894 1298 970 philosophiae
1346 899 1577 969 partes,
1636 911 1791 970 quae
1843 893 2284 970 quodammodo
2329 893 2406 951 ad
2452 895 2631 952 vitam

395 1015 712 1075 moresque
761 998 1062 1057 hominum
1110 1001 1387 1073 spectare
1433 1002 1551 1071 aut,
1600 1005 1667 1057 ut
1695 996 2025 1068 dialectica,
2069 997 2295 1056 oratori
2324 1014 2476 1071 opus
2507 1014 2635 1056 esse
2746 979 2751 984 ⁵

389 1099 747 1159 videbantur
765 1096 860 1172 ²¹).
962 1099 1252 1174 Reliquae
1298 1108 1590 1176 quantum
1638 1117 1757 1158 non
1805 1099 1858 1158 ei
1904 1098 2070 1158 cordi
2116 1097 2369 1175 fuerint,
2429 1116 2503 1158 ex
2548 1116 2632 1158 or.

394 1204 513 1263 118
574 1202 717 1262 satis
779 1203 1172 1279 perspicitur:
1233 1219 1593 1278 quamquam
1653 1202 1809 1261 enim
1872 1201 1985 1261 hoc
2047 1201 2179 1260 loco
2226 1218 2345 1260 non
2390 1207 2634 1260 veretur

388 1305 727 1381 postulare,
786 1310 853 1362 ut
895 1303 1183 1379 eloquens
1239 1303 1376 1381 ille,
1438 1322 1617 1380 quem
1681 1303 1792 1363 sibi
1851 1302 2052 1381 fingit,
2118 1303 2373 1375 „habeat
2429 1320 2635 1362 omnes

389 1406 803 1484 philosophiae
848 1413 1021 1465 notos
1065 1423 1138 1465 ac
1180 1408 1467 1464 tractatos
1499 1405 1724 1476 locos“,
1770 1412 1969 1464 tamen
2001 1406 2061 1465 in
2094 1404 2187 1464 his
2218 1405 2637 1465 enumerandis

390 1509 588 1569 nullos
614 1511 862 1586 profert,
896 1508 1007 1567 nisi
1029 1508 1133 1584 qui
1156 1507 1234 1566 ad
1256 1513 1457 1585 partes
1485 1509 1622 1568 illas
1646 1508 1821 1568 modo
1847 1507 2207 1584 significatas
2229 1507 2530 1583 pertinent
2542 1504 2637 1582 ²²).

389 1611 545 1671 Illud
590 1629 736 1671 vero
781 1610 956 1670 facile
1002 1609 1267 1670 concedo
1316 1609 1685 1686 Ciceronem,
1730 1628 1852 1688 qua
1895 1615 2026 1670 erat
2052 1609 2275 1687 ingenii
2307 1610 2638 1688 alacritate,

390 1713 822 1791 posterioribus
883 1713 1044 1772 vitae
1088 1713 1262 1772 annis
1324 1712 1523 1773 studio
1570 1712 1980 1790 philosophiae
2041 1729 2274 1782 01111188,
2337 1712 2442 1788 qui
2497 1719 2635 1773 ante

391 1833 524 1875 eum
573 1814 836 1885 fuerunt,
881 1816 1183 1875 Romanos
1235 1813 1553 1891 superasse
1599 1821 1660 1873 et
1702 1814 1762 1874 id
1808 1819 1970 1874 certe
2016 1813 2319 1890 effecisse,
2378 1819 2444 1873 ut
2485 1813 2636 1874 haec

392 1916 621 1994 studia,
672 1935 830 1994 quae
889 1935 1080 1992 usque
1137 1915 1215 1976 ad
1280 1917 1392 1976 hoc
1457 1922 1694 1992 tempus
1766 1917 1988 1976 Romae
2058 1915 2233 1976 valde
2299 1915 2639 1992 jacuerant,

393 2019 579 2078 multo
624 2018 750 2096 jam
809 2017 1055 2095 majoris
1109 2018 1601 2077 aestimarentur:
1688 2019 1917 2093 primus
1975 2018 2164 2088 enim,
2239 2018 2288 2076 si
2345 2017 2399 2078 ei
2460 2017 2636 2077 fidem

392 2120 705 2196 habemus,
778 2137 875 2179 res
947 2119 1023 2179 ad
1102 2120 1541 2197 philosophiam
1620 2124 1964 2196 spectantes
2020 2120 2318 2196 elegantia
2377 2120 2635 2197 quadam

393 2222 610 2284 Latino
654 2240 930 2282 sermone
974 2222 1272 2282 tractavit.

562 2341 680 2402 Sed
714 2342 842 2419 jam
882 2341 1089 2418 paucis
1120 2341 1528 2417 quaerendum
1560 2346 1668 2419 881,
1712 2340 1857 2418 quid
1891 2340 1965 2401 de
1997 2341 2229 2401 Graeca
2258 2342 2640 2419 philosophia

394 2463 722 2523 eorumque
777 2444 1149 2522 principibus
1208 2445 1479 2504 senserit.
1583 2443 1718 2517 Qua
1780 2444 1855 2502 de
1909 2462 1975 2504 re
2031 2445 2080 2504 si
2125 2446 2257 2521 quis
2302 2447 2640 2506 accuratius

281 2624 288 2633 ἐ
395 2567 576 2626 agere
606 2548 717 2608 sibi
747 2548 1146 2625 proposuerit,
1178 2545 1377 2606 facere
1409 2565 1530 2606 non
1567 2547 1777 2624 possit,
1806 2548 1952 2623 quin
1986 2552 2164 2606 antea
2192 2547 2640 2624 diligentissime

394 2651 732 2729 perpendat
774 2681 860 2690 --
904 2668 1027 2727 qua
1073 2651 1134 2709 in
1179 2666 1244 2708 re
1289 2648 1404 2708 viri
1450 2648 1610 2709 docti
1658 2649 1899 2709 multam
1935 2650 2061 2727 jam
2103 2668 2344 2728 operam
2386 2651 2641 2709 colloca-

396 2760 615 2813 verunt
684 2783 770 2793 —
846 2769 997 2829 quos
1075 2751 1261 2812 libros
1328 2751 1731 2828 antiquiorum
1800 2750 2087 2811 Graeciae
2150 2750 2641 2830 philosophorum

397 2855 604 2915 Cicero
651 2856 782 2930 ipse
825 2854 1042 2930 legisse
1090 2860 1150 2911 et
1195 2869 1346 2929 quas
1390 2854 1721 2912 sententias
1754 2870 1829 2911 ex
1859 2854 2254 2928 posteriorum
2285 2854 2642 2914 auctoritate

396 2961 619 3015 temere
665 2955 965 3032 prioribus
1009 2954 1125 3013 illis
1168 2953 1447 3013 tribuisse
1490 2953 1782 3012 videatur.
1870 2952 1988 3014 Sed
2028 2971 2160 3012 cum
2191 2953 2340 3014 haec
2371 2954 2641 3031 quaestio

398 3075 519 3117 non
550 3057 742 3116 solum
773 3057 910 3132 plus
949 3055 1128 3132 spatii
1170 3054 1450 3131 postulet,
1497 3073 1679 3131 quam
1726 3054 1863 3113 mihi
1907 3054 2114 3115 datum
2160 3060 2269 3133 est,
2311 3055 2418 3116 sed
2464 3057 2641 3117 etiam

396 3166 488 3220 tot
544 3163 833 3235 tantaque
887 3157 1119 3233 studia,
1180 3162 1405 3233 quanta
1466 3174 1559 3215 me
1605 3174 1767 3215 nunc
1825 3155 2069 3233 quidem
2114 3164 2425 3233 praestare
2467 3175 2643 3235 posse

401 3280 587 3339 nego,
647 3263 793 3320 satis
852 3260 967 3320 erit
1017 3259 1269 3336 primum
1330 3276 1405 3317 ex
1465 3255 1939 3317 doctissimorum
1984 3258 2287 3319 hominum
2331 3259 2644 3319 sententiis

397 3365 696 3424 monuisse
743 3363 1090 3424 Ciceronem
1137 3380 1211 3421 ex
1256 3361 1539 3437 operibus
1587 3358 1842 3420 duorum
1886 3361 2157 3440 illorum,
2214 3379 2367 3439 quos
2421 3362 2642 3438 saepis-

399 3468 544 3529 sime
587 3466 810 3543 laudat,
851 3465 1369 3543 philosophorum,
1409 3463 1679 3524 Platonis
1724 3470 1785 3523 et
1823 3463 2180 3543 Aristotelis,
2222 3483 2295 3524 ea
2339 3465 2465 3524 fere
2510 3466 2645 3524 sola

399 3570 738 3631 accuratius
783 3569 1038 3639 novisse,
1083 3586 1240 3645 quae
1285 3585 1406 3627 non
1452 3567 1538 3626 ita
1583 3572 1815 3626 remota
1858 3572 1999 3627 sunt
2041 3585 2079 3626 a
2123 3567 2420 3628 communi
2461 3584 2642 3628 sensu

398 3690 471 3733 ac
505 3672 737 3750 judicio
781 3671 910 3747 vel,
969 3675 1037 3731 ut
1076 3671 1414 3730 accuratius
1459 3669 1681 3745 dicam,
1739 3686 1844 3745 ea,
1897 3688 2054 3745 qnae
2097 3670 2174 3729 ad
2220 3669 2644 3746 rempublicam

398 3775 702 3852 vitamque
746 3773 1066 3833 humanam
1112 3771 1205 3832 vel
1251 3770 1329 3831 ad
1360 3771 1649 3830 rationem
1680 3769 2014 3831 disserendi
2042 3776 2106 3833 et
2132 3771 2211 3831 ad
2241 3772 2643 3849 eloquentiam

402 3942 546 3950 ’.ά-..-

569 4025 638 4088 m)
675 4021 765 4090 ct„
801 4027 867 4077 ut
899 4021 1039 4076 alios
1077 4021 1228 4076 locos
1264 4021 1527 4087 omittam,
1563 4019 1734 4074 Tusc.
1762 4024 1809 4085 5,
1836 4025 1865 4073 5
1903 4024 1962 4074 et
1984 4023 2032 4074 6.

570 4109 640 4173 ²¹)
673 4104 774 4161 Ad
809 4104 1182 4173 theoreticam,
1238 4120 1403 4175 quam
1449 4104 1659 4170 dieunt,
1693 4102 2100 4173 philosophiam
2149 4104 2271 4158 sola
2305 4101 2647 4159 Academica

403 4199 678 4261 spectant,
700 4192 919 4261 quibus
954 4192 1025 4245 de
1062 4190 1395 4260 cognitionis
1431 4190 1747 4243 rationibus
1782 4189 1985 4256 agitur.

573 4279 642 4345 2²)
676 4273 748 4331 cf.
783 4282 1074 4346 praeterea
1095 4275 1290 4331 Parati.
1326 4276 1359 4344 ς·
1383 4277 1415 4327 2
1451 4279 1512 4329 et
1545 4273 1714 4329 Tusc.
1742 4278 1789 4341 4,
1814 4276 1895 4327 82.
