3166 4871
634 275 752 336 172
1654 268 1918 325 Zacher

624 437 1000 527 πρόςπαιος
1055 446 1338 528 fingeret,
1396 449 1614 510 radicis
1666 450 1816 508 aas
1850 450 1925 533 in¹
1957 448 2140 510 verbo
2184 443 2367 508 ,παίω
2409 446 2547 527 (pro
2591 445 2869 525 nas-jc»)

537 572 546 582 ·
629 553 865 612 latentis
909 552 1017 611 sibi
1063 553 1396 626 conscium,
1453 552 1532 612 ad
1587 552 1743 612 hanc
1796 551 2058 612 radicem
2113 551 2373 612 affixisse
2425 551 2714 612 suffixum
2758 552 2870 611 co?

627 654 810 714 Immo
871 654 972 714 ille
1026 670 1150 712 παι
1211 673 1321 732 pro
1375 654 1579 715 radice
1624 654 1906 731 habebat,
1962 672 2143 731 quam
2187 655 2481 731 integram
2527 654 2607 714 ad
2652 672 2867 715 nomen

629 755 1006 816 formandum
1054 755 1340 817 adhibuit.
1426 756 1629 834 Atque
1672 756 1877 817 eadem
1923 775 2055 817 sors
2086 775 2290 816 earum
2322 775 2564 835 quoque
2593 757 2868 833 stirpium

627 858 954 918 verbalium
1019 858 1157 933 fuit,
1222 877 1379 935 quae
1446 858 1653 919 addito
1710 876 1754 917 α
1812 856 1910 931 (ex
1969 859 2301 920 vetustiore
2357 857 2490 933 ιυά)
2549 878 2625 920 ex
2669 859 2871 919 radice

627 961 930 1021 derivatae
973 964 1133 1039 sunt,
1175 962 1323 1036 sive,
1369 966 1435 1021 ut
1476 961 1701 1021 rectius
1745 961 1964 1039 dicam,
2009 979 2165 1038 qnae
2208 980 2329 1022 non
2372 962 2450 1021 ab
2492 962 2625 1039 ipsa
2668 961 2872 1021 radice

628 1062 1022 1139 descendunt,
1065 1063 1172 1122 sed
1217 1082 1254 1122 a
1299 1065 1533 1123 nomine
1578 1081 1654 1124 ex
1698 1063 1810 1124 hac
1841 1067 1971 1124 orto
2017 1068 2078 1124 et
2119 1065 2180 1124 in
2227 1080 2269 1121 α
2314 1064 2627 1124 desinente
2671 1062 2765 1135 (ut
2796 1083 2869 1123 ex

628 1165 749 1224 rad.
813 1165 936 1242 foo
1001 1165 1183 1241 stirps
1246 1166 1562 1226 nominalis
1624 1153 1779 1244 ὅρα,
1847 1167 1986 1226 hinc
2048 1167 2297 1227 verbum
2363 1165 2867 1226 denominativum

627 1254 912 1345 boa-jn),
973 1286 1047 1326 ex
1100 1285 1166 1326 τι
1221 1287 1435 1328 nomen
1482 1256 1658 1347 τιμή,
1704 1267 1844 1328 hinc
1888 1266 2214 1346 τιμα-Ῐω).
2300 1269 2519 1345 Itaque
2561 1287 2747 1345 quum
2794 1267 2867 1326 ad

627 1370 786 1428 illam
819 1369 1066 1447 stirpem
1099 1371 1284 1430 nomi
1304 1372 1533 1430 nalem
1574 1371 1634 1431 in
1664 1388 1707 1428 α
1735 1370 2004 1431 additum
2036 1376 2195 1432 esset
2222 1370 2503 1432 suffixum
2536 1388 2620 1443 ιο,
2668 1374 2871 1430 natum

632 1475 724 1531 est
767 1490 1003 1551 nomen,
1047 1473 1208 1551 quod
1254 1472 1703 1534 formatione
1749 1473 1991 1550 quidem
2037 1479 2169 1534 erat
2220 1473 2873 1549 denominativum,

630 1574 1193 1649 significatione
1243 1576 1524 1635 utebatur
1569 1575 1881 1653 verbali,
1935 1580 2001 1636 ιιι
2045 1580 2106 1636 et
2149 1576 2235 1635 illi
2280 1576 2393 1653 ipsi
2438 1577 2545 1652 qui
2587 1576 2742 1635 haec
2770 1594 2870 1635 no-

633 1677 792 1736 mina
835 1676 1170 1754 fingebant,
1229 1696 1347 1747 uon
1403 1678 1647 1738 nomina
1688 1678 1818 1756 illa,
1874 1677 2038 1739 nude
2083 1683 2144 1738 et
2186 1677 2373 1738 verba
2415 1696 2569 1755 pura
2612 1684 2675 1736 et
2716 1696 2875 1739 nova

633 1780 777 1837 haec
820 1780 1061 1839 nomina
1105 1779 1569 1858 descendebant,
1613 1779 1720 1840 sed
1764 1781 1896 1856 ipsa
1939 1780 2127 1840 verba
2169 1798 2323 1856 pura
2366 1799 2475 1857 pro
2518 1779 2874 1856 parentibus

633 1886 699 1940 ut
757 1882 840 1940 ita
898 1881 1093 1941 dicam
1154 1900 1444 1942 novorum
1506 1883 1934 1942 vocabulorum
1995 1882 2312 1960 haberent,
2378 1885 2440 1941 et
2497 1900 2608 1942 nos
2666 1888 2873 1942 nostro

622 1984 763 2061 jure
807 1985 1104 2061 possimus
1149 1984 1299 2044 baec
1344 1986 1587 2045 nomina
1614 1986 1677 2044 in
1706 1985 2038 2045 verbalium
2069 2003 2319 2045 numero
2350 1984 2592 2046 habere.
2665 1984 2876 2045 Certos

632 2091 830 2147 autem
889 2087 1040 2147 fines
1097 2088 1254 2146 iuter
1314 2087 1759 2147 denominativa
1811 2090 1872 2147 et
1917 2086 2184 2147 verbalia
2235 2087 2295 2146 in
2354 2103 2497 2157 αιος
2542 2086 2879 2146 desinentia

634 2190 916 2249 constitui
961 2209 1082 2250 non
1126 2207 1329 2266 posse,
1390 2208 1510 2249 non
1556 2194 1650 2249 est
1702 2189 1866 2266 quod
1918 2189 2173 2267 mireris,
2235 2207 2417 2265 quum
2478 2189 2670 2249 omnis
2728 2189 2880 2249 haec

634 2292 933 2351 distinctio
990 2293 1047 2351 in
1106 2293 1366 2351 obscuro
1426 2291 1687 2367 quodam
1733 2290 2083 2367 fingentium
2128 2309 2312 2351 sensu
2359 2291 2458 2351 vel
2503 2291 2879 2351 conscientia

636 2394 830 2471 posita
872 2394 975 2472 sit,
1035 2393 1416 2471 quamobrem
1475 2411 1654 2473 saepe
1700 2393 1942 2456 dubium
1988 2394 2105 2456 erit
2146 2393 2587 2455 vocabulumne
2629 2392 2878 2470 aliquod

636 2497 712 2556 ad
758 2515 972 2556 nomen
1016 2498 1077 2568 in
1122 2512 1165 2555 α
1211 2514 1253 2575 η
1297 2516 1375 2556 an
1419 2498 1497 2556 ad
1525 2497 1777 2558 verbum
1808 2515 2027 2574 purum
2056 2498 2134 2556 sit
2162 2496 2587 2557 revocandum.
2659 2496 2880 2572 Neque

639 2608 834 2658 tamen
897 2599 1140 2676 desunt,
1202 2617 1356 2676 quae
1415 2618 1452 2658 a
1510 2600 1692 2660 verbo
1753 2597 2123 2659 descendere
2181 2599 2573 2663 certissimum
2616 2598 2711 2658 s'it.
2800 2599 2882 2659 Ut

635 2685 945 2781 ἀκέραιος
1006 2722 1123 2763 ιιοιι
1187 2707 1388 2779 potest
1445 2720 1563 2761 non
1625 2720 1661 2761 a
1721 2690 1943 2780 κεράω
2000 2695 2277 2781 κεραίω,
2343 2718 2541 2778 neque
2602 2694 2882 2778 δαμαῑος

635 2804 750 2863 nisi
795 2824 831 2863 a
875 2793 1108 2882 δαμάω
1154 2792 1425 2881 δαμάζω
1471 2802 1809 2863 derivatum
1854 2821 2002 2864 esse.

806 2908 1022 2983 Neque
1089 2908 1245 2965 enim
1317 2925 1353 2964 a
1417 2906 1619 2966 verbis
1681 2906 1742 2967 in
1804 2922 1905 2963 αω
1964 2905 2155 2966 solum
2225 2904 2565 2965 huiusmodi
2641 2904 2882 2964 nomina

636 3009 1008 3086 derivantur,
1084 3008 1191 3068 sed
1263 3008 1338 3067 ab
1411 3009 1684 3069 omuibus
1757 3026 1913 3085 quae
1974 3008 2219 3085 stirpem
2279 3008 2339 3067 in
2400 3024 2444 3064 α
2506 3005 2879 3067 desinentem

637 3111 886 3190 habent,
947 3111 1202 3172 diversis
1257 3112 1365 3171 illa
1421 3111 1613 3171 modis
1672 3130 1745 3171 ex
1804 3112 1916 3171 bac
1960 3110 2150 3188 stirpe
2192 3109 2486 3188 derivata,
2545 3109 2620 3169 de
2663 3108 2883 3185 quibus

636 3220 754 3273 tam
821 3214 1127 3275 luculente
1187 3215 1308 3291 egit
1367 3215 1435 3275 G.
1480 3214 1722 3274 Curtius
1778 3213 1839 3273 in
1899 3231 1971 3273 eo
2015 3213 2208 3299 libro,b
2251 3214 2347 3282 cui
2390 3212 2741 3290 inscriptum
2788 3216 2882 3271 est

639 3318 801 3388 „Das
846 3316 1222 3393 griechische
1267 3317 1593 3392 Verbum“,
1636 3319 1703 3375 ut
1744 3314 1893 3375 nihil
1936 3314 2183 3375 habeam
2230 3314 2391 3391 quod
2424 3318 2635 3374 contra
2665 3314 2880 3391 dicam,

635 3419 781 3478 nibil
826 3417 989 3495 quod
1036 3418 1268 3478 addam.
1354 3419 1587 3495 Nempe
1632 3436 1818 3494 quum
1863 3419 2063 3477 omnia
2106 3418 2255 3477 haee
2301 3417 2486 3477 verba
2524 3435 2562 3476 a
2588 3415 2880 3493 stirpibus

637 3520 1036 3582 nominalibus
1095 3521 1156 3580 iu
1203 3538 1245 3578 α
1289 3521 1373 3579 ita
1415 3520 1687 3581 derivata
1729 3520 1876 3598 sint,
1935 3523 2000 3580 ut
2053 3520 2349 3595 syllabam
2391 3519 2474 3592 ja
2516 3518 2744 3580 addant
2786 3518 2882 3590 (ut

637 3624 696 3683 in
746 3625 887 3699 ling.
932 3641 1047 3683 scr.
1104 3623 1295 3683 verba
1351 3622 1616 3683 decimae
1671 3624 1881 3683 classis
1930 3623 1993 3683 in
2036 3618 2299 3700 -aydmi,
2366 3625 2433 3682 ut
2485 3616 2885 3695 cora-ydmi),

637 3726 756 3784 alia
786 3725 831 3800 j
868 3728 1051 3803 plane
1097 3726 1453 3803 omiserunt,
1514 3730 1579 3786 ιιι
1622 3710 1935 3803 ἇγαπάω,
1991 3714 2225 3803 χαλάω
2277 3743 2390 3801 pro
2436 3707 2878 3802 drawa-janni,

525 3887 530 3892 .
632 3823 1005 3904 zaza-jam,
1051 3829 1167 3888 alia
1208 3830 1270 3888 in
1309 3846 1332 3886 ι
1362 3829 1631 3889 vocalem
1676 3831 2078 3906 mutaverunt,
2121 3833 2188 3887 ut
2227 3820 2532 3904 χαλα-ίω,
2574 3818 2880 3897 raia-lo),

637 3930 753 3988 alia
794 3930 852 3990 in
901 3930 1068 4007 §nt
1110 3914 1502 4009 ἀγαστά-ζα),
1558 3917 1883 4007 zaid-§co
1927 3930 2004 3989 al.
2047 3928 2235 4003 (Curt-
2280 3929 2387 3989 1.1.
2429 3947 2487 4005 p.
2519 3923 2686 4000 334).
2770 3927 2882 3986 His

638 4030 916 4091 addenda
958 4036 1117 4108 sunt,
1162 4050 1319 4108 quae
1364 4033 1697 4107 praesentis
1740 4035 1973 4092 tantum
2018 4032 2200 4109 stirpe
2231 4031 2534 4108 differunt,
2573 4030 2636 4088 in
2669 4029 2881 4089 ceteris

639 4133 1003 4211 temporibus
1063 4133 1245 4212 plane
1306 4133 1751 4195 eonsentientes
1809 4153 1942 4194 cum
2002 4133 2424 4211 conjugatione
2484 4149 2770 4209 purorum
2815 4130 2877 4190 in

636 4253 759 4314 αω,
803 4254 875 4296 ea
905 4236 1057 4312 dico,
1100 4236 1350 4312 quaein
1377 4237 1682 4312 praesenti
1727 4236 2018 4312 syllabam
2063 4247 2205 4295 σκω
2248 4234 2478 4296 addunt
2518 4233 2688 4312 stirpi
2731 4235 2793 4292 in
2836 4251 2881 4292 α
