3166 4871
84 734 89 825 l

1006 280 1094 336 De
1126 279 1332 336 nomin.
1365 281 1427 335 iu
1460 299 1626 347 -αιος,
1696 281 1730 352 g
1765 287 1847 337 20.
2205 278 2228 289 “
2459 288 2548 351 69

327 475 411 534 ap.
440 457 546 518 m!
577 454 722 533 603,
752 454 831 516 23
864 447 1101 538 γρήιον
1132 446 1307 530 εἶδος
1339 420 1602 537 ἔχρυσα,
1632 459 1888 521 Nicand.
1917 460 1988 521 fr.
2018 457 2145 540 62),
2173 462 2549 537 vocabulum,

327 562 387 619 ut
423 559 684 639 videtur,
738 562 1056 622 novitium:
1115 567 1307 641 γραῑ
1317 578 1401 632 ος
1455 561 1607 622 salso
1660 563 1910 624 affertur
1960 581 1998 622 a
2040 563 2441 640 grammaticis
2485 568 2550 624 ct

323 661 776 743 lexicographis,
835 682 969 723 nam
1027 665 1089 724 in
1149 664 1296 724 locis
1339 664 1739 744 Theocritcis,
1799 684 1957 743 quae
2016 667 2190 725 affert
2247 665 2424 724 Dind.
2482 667 2545 725 in

319 763 455 824 thes.
510 761 596 841 (3,
627 762 727 825 31.
786 762 850 841 6,
881 763 980 825 40.
1038 762 1100 844 7,
1148 763 1293 839 126)
1346 761 1546 846 γραῖα
1605 769 2043 828 substantivum
2102 772 2193 828 est
2250 768 2549 844 producta

316 867 730 928 vocali-finali:
784 866 857 928 cf.
902 886 1057 945 quac
1100 886 1285 944 supra
1343 868 1635 948 diximus,
1694 888 1893 947 neque
1950 870 2110 930 aliud
2165 870 2546 930 statuendum
2669 926 2674 933 .

315 968 382 1029 dc
424 969 676 1048 Philippi
733 971 922 1048 epigr.
979 971 1040 1030 in
1101 972 1282 1032 Anth.
1340 972 1466 1030 Pal.
1496 968 1565 1051 6,
1607 968 1723 1030 231
1790 965 1905 1031 καὶ
1957 962 2267 1050 σταφυλὴ
2326 967 2546 1053 γραὶη.

320 1071 401 1131 Ac
444 1071 698 1133 debebat
740 1072 855 1134 hoc
898 1072 1259 1152 adjectivum
1300 1092 1518 1134 sonare
1545 1058 1775 1154 γρᾶϊος
1803 1078 1907 1134 aut
1937 1070 2157 1156 γρᾷος,
2201 1079 2270 1134 ut
2309 1072 2546 1157 πρᾷος,

312 1162 485 1246 νάϊος
529 1176 603 1235 al.
689 1177 901 1253 Itaque
956 1176 1213 1237 fortasse
1271 1177 1389 1237 huc
1443 1179 1678 1255 spectat
1720 1177 2009 1254 Hesychii
2059 1178 2259 1254 glossa
2303 1168 2542 1257 γραός·

310 1274 534 1355 γραῦς,
595 1282 667 1338 ut
709 1268 912 1357 γρᾶός
972 1280 1049 1340 sit
1090 1298 1202 1358 pro
1250 1269 1481 1359 γράϊος
1523 1283 1593 1340 nt
1634 1276 1851 1359 πρᾶος
1896 1298 1970 1341 ex
2012 1268 2272 1359 πράϊος.
2364 1280 2540 1355 Quod

306 1379 360 1437 in
403 1385 601 1459 γραῖα
645 1388 688 1438 ct
733 1386 873 1441 ante
916 1382 966 1441 f
1002 1401 1122 1443 non
1169 1387 1259 1443 est
1301 1383 1679 1462 productum,
1724 1381 1924 1443 suffixi
1969 1378 2037 1441 ιᾶ
2074 1388 2285 1443 natura
2315 1383 2538 1443 factum

307 1497 428 1542 csse
470 1481 726 1544 videtur.
813 1484 1037 1545 Eadem
1084 1485 1239 1547 enim
1287 1486 1463 1551 huius
1519 1484 1720 1546 suffixi
1779 1485 1873 1545 vis
1932 1487 2200 1546 cernitur
2259 1487 2319 1545 in
2380 1485 2544 1546 femi-

302 1584 447 1645 ninis
492 1585 928 1663 adjectivorum
981 1589 1041 1649 in
1087 1605 1197 1662 υς,
1255 1604 1413 1665 quae
1459 1589 1605 1649 eliso
1649 1589 1945 1666 digamma
1988 1593 2187 1649 tamen
2250 1606 2278 1645 ε
2329 1577 2540 1665 ψιλ(’ν

302 1687 557 1750 retinent
600 1690 662 1749 in
708 1688 843 1749 dial.
875 1692 997 1751 ion.
1039 1687 1244 1764 (Bred.
1287 1709 1346 1769 p.
1381 1686 1544 1769 157),
1590 1690 1718 1752 dor.
1764 1690 1943 1752 aeol.:
1981 1680 2238 1770 θήλεα,
2283 1678 2549 1770 ἡμίσεις

300 1784 533 1869 τρηχέα
590 1791 668 1852 al.
722 1790 863 1851 Hdt.
921 1782 1128 1853 fdd'ea
1188 1794 1345 1870 Alc.,
1406 1779 1597 1852 ἁδέαι
1656 1784 1866 1870 Epich.
1969 1793 2258 1870 Idemque
2316 1793 2543 1853 factum

300 1891 355 1950 in
408 1891 769 1955 Herodoteis
826 1888 1132 1968 βασίλεια
1190 1897 1428 1975 regina,
1489 1897 1593 1957 sed
1650 1890 1958 1975 βασιληίη
2017 1913 2299 1974 regnum,
2371 1886 2542 1975 ἱρείη

298 1995 590 2074 sacerdos,
635 1996 743 2057 sed
787 1986 1009 2077 ἱρήιον
1059 1999 1315 2058 victima.

459 2100 707 2177 Itaque,
761 2106 829 2160 ut
885 2119 1119 2162 omnem
1183 2101 1402 2161 radicis
1460 2115 1580 2175 aar
1638 2101 2028 2178 propaginem
2091 2101 2281 2160 oculis
2343 2101 2545 2178 perlu-

298 2206 561 2283 stramus,
608 2220 682 2262 ex
728 2205 860 2282 ipsa
890 2203 1091 2264 radice
1134 2204 1307 2264 fluxit
1345 2208 1620 2278 yar-an!
1664 2220 1778 2263 scr.
1812 2202 2055 2278 jar-(ml,
2101 2221 2192 2282 gr.
2235 2219 2545 2282 γερ-οντ,

298 2308 355 2363 et
394 2305 535 2365 huic
580 2305 799 2366 similia
839 2300 1056 2386 γέρην,
1102 2294 1453 2385 γερήν-τος.
1540 2304 1769 2368 Sufflxo
1790 2321 1888 2364 -as
1931 2321 2140 2379 yar-as,
2186 2323 2303 2365 scr.
2332 2305 2545 2380 jaras,

296 2425 378 2485 gr.
420 2404 647 2490 γῆρας.
733 2408 962 2472 Sufflxo
1008 2425 1050 2470 a
1089 2408 1296 2470 addito
1338 2424 1534 2484 aura,
1597 2408 1760 2470 unde
1805 2408 2101 2487 producta
2142 2408 2339 2470 vocali
2383 2408 2543 2469 radi·

296 2511 407 2582 cali
457 2501 757 2592 γηρά-ω,
812 2509 1154 2593 mpii-vac,
1211 2502 1562 2593 γηράσκω,
1619 2512 1760 2572 hinc
1819 2501 2127 2592 γερα-ιός.
2230 2513 2324 2572 Ex
2380 2527 2539 2588 qam

292 2612 421 2674 suffi
465 2613 557 2692 ras
600 2633 716 2691 ope
764 2629 1033 2690 qarara,
1090 2633 1179 2693 gr.
1222 2605 1585 2695 γεραρ-ός,
1644 2609 1970 2695 γεραίρω,
2029 2613 2232 2676 suffixi
2291 2630 2367 2674 va
2423 2633 2537 2691 ope

292 2729 545 2790 μένωνα,
596 2716 757 2778 unde
801 2736 889 2795 gr.
933 2716 1206 2796 y(c)oaf‚
1248 2706 1475 2797 γρηύς,
1522 2736 1598 2779 ex
1643 2718 1759 2778 hoc
1806 2724 2004 2797 γραῖα
2046 2720 2106 2779 et
2147 2706 2392 2796 γρήιος.

455 2813 576 2880 20.
626 2808 853 2891 δάιος
882 2820 1277 2899 tragicorum,‘
1316 2809 1542 2899 ὄήιος
1587 2820 1832 2881 Homeri
1864 2824 1926 2880 et
1954 2820 2372 2897 elegiacorum.
2444 2821 2538 2880 De

290 2917 467 2982 huius
524 2922 807 2984 vocabuli
861 2927 922 2984 et
979 2923 1054 2984 ab
1100 2941 1171 2985 eo
1216 2923 1621 2985 derivatorum
1667 2923 1875 2984 formis
1920 2922 2308 2984 disseruimus
2351 2940 2539 3000 supra

288 3041 344 3100 p.
375 3020 457 3083 28
489 3044 584 3103 sq.
655 3026 992 3104 Repetitum
1025 3030 1119 3086 est
1161 3045 1199 3085 a
1242 3026 1366 3087 rad.
1412 3021 1544 3087 das
1581 3044 1740 3103 quae
1780 3027 1840 3086 in
1874 3020 2044 3086 δαίω
2073 3023 2328 3102 flagrare
2359 3042 2536 3084 urere

287 3123 476 3197 (cart.
510 3129 608 3189 Et.
637 3147 695 3188 n.
725 3124 895 3206 258),
937 3129 1096 3190 uude
1143 3117 1381 3188 δάήον
1425 3125 1563 3209 πῦρ
1609 3129 1795 3188 Alcm.
1842 3127 1914 3188 fr.
1948 3123 2025 3185 79
2072 3131 2133 3187 et
2177 3117 2370 3206 δήιον
2398 3122 2535 3205 πῦρ

287 3230 449 3305 apud
482 3231 831 3291 Homerum.
918 3231 1151 3292 Dehinc
1194 3230 1488 3309 significat
1516 3229 1874 3308 (stimulans,
1916 3227 2231 3306 torquens)
2268 3227 2541 3313 infestus,

287 3330 550 3411 hostilis,
610 3333 920 3413 terribilis,
976 3334 1283 3412 funestus,
1340 3334 1780 3413 deplorandus,
1826 3334 2021 3393 miser.
2043 3329 2092 3404 *)
2179 3332 2277 3395 Sic
2320 3331 2540 3394 rectius

287 3435 427 3494 mihi
504 3433 722 3496 videor
791 3435 1244 3514 significationis
1312 3436 1698 3497 mutationem
1768 3435 2072 3512 explicare
2145 3454 2324 3512 quam
2396 3433 2542 3494 facit

286 3535 533 3598 Curtius
581 3537 622 3597 1.
645 3538 713 3598 1.:
756 3539 957 3617 „Aber
1001 3539 1262 3615 wenigcr
1300 3539 1523 3599 stimmt
1549 3537 1646 3598 die
1678 3537 2160 3599 vorherschende
2190 3538 2541 3614 bedeutung

286 3657 403 3700 von
465 3628 658 3720 δήιος
716 3641 1034 3719 feindlich,
1094 3630 1362 3721 δηιοτής
1413 3640 1653 3720 kampf,
1706 3630 1916 3721 δηιόω
1974 3646 2270 3701 verwnstc
2323 3637 2540 3714 (Doed.

284 3742 367 3820 gl.
395 3737 633 3821 2468),
696 3739 795 3804 fur
850 3744 1080 3804 welche
1126 3744 1278 3828 Max
1336 3744 1554 3804 Muller
1612 3744 1670 3804 in
1727 3744 1947 3804 Kuhns
2002 3745 2062 3804 Z.
2093 3745 2173 3823 V,
2224 3740 2333 3800 151
2405 3742 2541 3802 eine

286 3846 663 3924 etymologia
723 3863 831 3907 aus
888 3846 1021 3907 dem
1080 3847 1215 3907 ved.
1288 3842 1479 3907 ansas
1550 3848 1805 3923 damus,
1886 3847 2055 3908 einer
2125 3844 2540 3920 bezeichnung

460 4009 519 4075 ⁸)
554 4007 814 4062 vocabuli
850 4007 1313 4078 significationem
1351 4023 1421 4063 ex
1455 4007 1640 4063 activa
1675 4008 1962 4077 paullatim
1992 4007 2190 4062 factam
2215 4022 2340 4062 esse
2365 4004 2538 4074 passi-

284 4107 413 4146 vam
451 4093 571 4147 noli
608 4090 822 4162 mirari3
856 4093 1110 4148 conferas
1146 4107 1290 4162 quae
1328 4095 1560 4148 Classen
1596 4093 1768 4149 Bcob.
1805 4094 1897 4147 ub.
1926 4093 1980 4147 d.
2005 4092 2145 4147 hom.
2183 4089 2541 4161 sprachgebr.

278 4194 334 4247 p.
362 4183 452 4233 60.
479 4193 563 4248 sq.
603 4175 755 4231 dixit
790 4177 857 4233 dc
892 4177 1202 4248 participiis
1240 4170 1558 4246 οὕλόμενος
1592 4184 1650 4233 et
1685 4171 1988 4248 ὀνήμενος,
2025 4193 2168 4246 quae
2205 4192 2272 4232 cx
2311 4172 2540 4244 passiva

278 4262 575 4332 paullatim
614 4263 680 4316 in
715 4262 951 4319 activam
990 4263 1450 4333 significationem
1486 4263 1815 4321 transducta
1849 4269 1997 4322 sunt.
