3166 4871
607 340 730 414 166
1590 349 1850 405 Zacher

603 527 843 587 Pindari
900 528 1120 589 locutio
1179 528 1383 589 Isthm.
1428 528 1484 605 5,
1532 525 1612 586 49
1676 514 1948 607 ἀνδρῶν
2019 518 2413 608 χαλαςὴεντι
2475 518 2673 607 φόνῳ
2734 532 2770 590 i.
2804 551 2869 591 e.

600 630 949 706 sagittarum
994 630 1454 706 sanguinolenta
1496 632 1810 707 grandine·
1839 650 2168 709 caesorum,
2212 641 2273 692 et
2314 631 2393 692 ib.
2428 630 2482 708 7,
2527 628 2605 689 27
2649 622 2867 710 χάλα·

600 731 723 807 ζαν
767 724 1045 809 αἵματος
1087 733 1439 808 grandinem
1485 753 1643 809 quae
1690 735 1947 794 vulnera
1991 735 2455 811 sanguinolenta
2485 734 2684 795 efficit.
2758 737 2865 796 De

599 834 800 894 verbis
863 834 1086 894 dictum
1149 836 1323 896 etiam
1387 836 1488 896 Ar.
1541 837 1687 896 Rau.
1748 832 1889 896 852.
1992 838 2064 896 ln
2128 837 2291 897 nullo
2355 838 2593 897 horum·
2634 841 2860 898 veneni

599 937 764 997 notio
803 938 975 996 inest.
1062 936 1179 998 Sed
1208 956 1286 996 ne
1329 939 1386 997 in
1421 938 1710 999 Nicandri
1742 938 1985 1016 quidem
2033 933 2368 1018 σκορπίον
2414 928 2860 1018 χαλαζήεντα,

599 1057 777 1115 quam
839 1039 1197 1099 locutionem
1243 1040 1533 1100 Nicandri
1595 1059 1759 1101 more
1819 1041 2135 1101 obscuram
2198 1041 2384 1102 schol.
2430 1042 2691 1120 explicat
2732 1043 2859 1101 sic:

599 1133 674 1199 ἐν
719 1134 788 1199 δὲ
835 1137 932 1218 τῷ
972 1131 1383 1220 χαλαζηεντα
1429 1131 1604 1213 εἶδος
1649 1129 1799 1202 αντὶ
1840 1137 2079 1221 γένους
2108 1137 2509 1222 παρέλαβεν.
2555 1137 2677 1202 εἰσὶ
2720 1134 2857 1222 γὰρ

599 1236 911 1321 σκορπίοι
956 1233 1399 1322 χαλαζηεντες
1444 1234 1554 1304 διὰ
1598 1235 1676 1304 τὸ
1722 1234 1881 1315 τούς
1941 1238 2381 1326 δεδηγμένους
2438 1232 2557 1305 ὑπ’
2614 1230 2859 1304 αυτιῦν

597 1335 855 1423 ιδροῦ,ν
901 1332 992 1414 ὡς
1034 1333 1169 1405 ὑπὸ
1212 1335 1549 1428 χαλάζης
1527 1334 1568 1428 ἡ
1604 1334 1800 1407 υετοῦ
1831 1342 2330 1427 βεβρεγμένους.
2409 1349 2543 1409 Hoc
2574 1348 2851 1426 ineptum

600 1452 719 1506 est:
768 1447 905 1506 mihi
947 1449 1223 1525 scorpius
1254 1469 1387 1509 cum
1418 1451 1711 1527 grandine
1744 1456 2121 1527 comparatus
2154 1450 2414 1526 videtur,
2461 1452 2605 1527 quia
2632 1451 2856 1529 pungit

599 1555 666 1611 ut
707 1553 830 1620 illa.
900 1552 1070 1628 Quae
1115 1571 1301 1628 quum
1346 1554 1429 1614 ita
1472 1555 1611 1632 sint,
1653 1551 2010 1631 χαλαζαῖος
2039 1554 2114 1613 ab
2144 1554 2490 1615 Hermanno
2522 1573 2640 1614 non
2673 1562 2843 1614 recte

602 1656 963 1735 explicatum
1011 1655 1302 1732 existimo,
1343 1656 1451 1715 sed
1499 1657 1628 1732 ipse
1660 1655 1964 1717 meliorem
1995 1655 2446 1734 explicationem
2480 1675 2598 1717 nou
2632 1656 2846 1717 habeo.

767 1748 1307 1837 χάλαστραῑον
1380 1758 1479 1817 vel
1547 1757 2090 1836 χαλεστραῖον
2172 1762 2263 1819 est
2310 1759 2555 1820 ·nitrum
2630 1757 2848 1819 Chala·

600 1868 890 1937 straeum,
951 1879 1024 1919 ex
1089 1861 1408 1920 Chalastra
1470 1860 1566 1920 vel
1622 1861 1939 1922 Chalestra
2004 1859 2244 1938 oppido.
2307 1862 2526 1921 Moeris
2587 1879 2644 1938 p.
2690 1858 2847 1919 417:

596 1957 1032 2041 χαλεστραία·
1077 1956 1276 2041 λίμνη
1322 1952 1492 2039 πρὸς
1536 1960 1617 2039 τῇ
1661 1957 2049 2044 Μακεδονίᾳ
2080 1955 2156 2021 ἐν
2186 1944 2227 2039 ᾗ
2256 1952 2336 2021 τὸ
2376 1960 2847 2042 Χαλεστραῖον

600 2060 851 2143 νίτρον,
896 2046 978 2123 οὗ
1022 2058 1347 2144 μέμνηται
1392 2053 1705 2157 Πλᾴτων.
1791 2065 1942 2124 ΡΙιιῒ.
1974 2084 2100 2143 rep.
2133 2062 2188 2139 4,
2232 2083 2289 2142 p.
2322 2061 2445 2123 430
2476 2065 2529 2125 Α
2576 2055 2845 2135 Παντὸς

559 2156 580 2182 ⁴
598 2163 1045 2245 χαλεστραίου
1075 2162 1420 2245 δεινοτέρα
1450 2159 1620 2226 οὐσα
1653 2153 1722 2246 (ἢ
1750 2154 1984 2247 ἡδονή)
2014 2163 2221 2227 τοῦτο
2255 2161 2422 2244 δρᾶν
2453 2162 2560 2226 καὶ
2594 2162 2844 2237 κονίας.

598 2271 764 2330 Alios
807 2272 1200 2348 posteriorum
1248 2271 1608 2347 script-orum
1654 2272 1820 2330 locos
1864 2288 1921 2330 v,
1968 2289 2064 2347 ap.
2112 2269 2287 2330 Dind.
2332 2270 2391 2330 in
2436 2271 2587 2330 thes.

768 2365 1254 2452 χαραδραῖος
1296 2374 1494 2433 Noun.
1526 2373 1704 2450 Greg.
1734 2374 1880 2433 Naz.
1911 2374 2262 2451 Diogenian.
2290 2403 2376 2413 —
2404 2366 2843 2453 χαραδραίη

599 2497 680 2522 ==
722 2465 1021 2554 χαράδρα
1064 2477 1248 2535 Leon.
1292 2477 1432 2536 Tar.
1479 2476 1627 2536 Lob.
1672 2478 1860 2554 paral.
1906 2473 2047 2536 313.

765 2594 851 2655 χο
868 2576 1092 2636 λαῖον
1135 2558 1317 2656 ἧπαρ
1362 2578 1524 2639 Suid.

770 2668 1060 2758 ὡραῖος
1106 2679 1243 2739 inde
1290 2681 1363 2741 ab
1393 2680 1681 2741 Hesiodo.
1724 2712 1810 2722 —
1854 2672 1946 2740 τὰ
1990 2668 2244 2760 ὡραῖα
2290 2682 2495 2760 fruges
2526 2682 2667 2742 anni
2695 2686 2841 2741 tcm-

599 2784 773 2897 pori,t
796 2784 1048 2842 maxime
1093 2782 1338 2856 aestivo,
1385 2783 2017 2866 convenientes.11dt.
2052 2784 2244 2844 Thuc.
2288 2784 2362 2843 al.
2396 2814 2471 2824 -
2504 2772 2546 2862 ὴ
2589 2771 2842 2860 ὡραία

597 2911 681 2932 ---
729 2872 872 2962 ὠρα
911 2887 1236 2963 praecipue
1269 2884 1344 2944 de
1373 2887 1533 2946 bono
1566 2887 1705 2947 anni
1737 2891 2021 2963 tempore.
2052 2888 2173 2947 Att.
2201 2916 2277 2928 —
2317 2888 2542 2947 lacon.
2586 2874 2844 2965 ὡρῆος

596 2993 847 3048 auctore
893 2989 1024 3047 ΕΜ.

766 3084 879 3151 64.
927 3091 1036 3150 His
1081 3090 1360 3150 addenda
1404 3095 1547 3151 sunt
1590 3110 1743 3168 quae
1774 3110 1811 3151 a
1842 3093 2179 3152 nominibus
2210 3092 2468 3169 propriis
2498 3096 2639 3153 sunt
2681 3090 2839 3151 deri·

505 3191 510 3200 ‘
598 3199 762 3271 vata,
809 3210 964 3270 quae
1008 3211 1388 3270 enumerare,
1445 3196 1818 3255 accuratiore
1877 3194 1953 3254 de
2010 3195 2259 3272 singulis
2320 3195 2670 3270 quaestione
2717 3212 2839 3254 uon

593 3295 888 3373 instituta,
932 3296 1077 3356 satis
1121 3296 1343 3356 habeo:

769 3381 1033 3471 Άβαῖος.
1076 3382 1459 3476 Ἀγυλλαῖοι.
1507 3383 1917 3478 Άγυριναῖοι.
1961 3384 2329 3478 ,imm-arog,
2374 3382 2736 3477 Ἀθήναιον
2766 3400 2844 3460 de

593 3498 736 3558 fano
791 3500 1102 3560 Minervae
1153 3519 1246 3578 ap.
1297 3502 1437 3560 Hdt.
1483 3492 1935 3579 Παναθήναια
1988 3502 2294 3561 solemnia.
2381 3494 2679 3579 Αἰγαῖος.
2724 3496 2840 3561 Αί-

593 3607 864 3678 γιναῖος.
915 3592 1199 3678 Αἱραῖοι.
1244 3597 1578 3674 Αἰτναῖος.
1630 3588 2015 3674 Άκεσταῖος.
2063 3588 2365 3682 Ἄκρατον
2407 3597 2614 3674 λέπας
2647 3604 2842 3664 Thuc.

601 3688 852 3763 Ἀλεαῖα
882 3704 1004 3764 ludi
1037 3705 1094 3764 in
1128 3705 1416 3766 honorem
1442 3708 1746 3767 Minervae
1770 3707 1972 3768 Aleae.
2038 3694 2415 3766 Ἀλικυαῖοι.
2448 3691 2845 3785 Ἀμυκλαῖοι,

595 3789 1002 3883 Ἀμυκλαῖον.
1113 3792 1473 3883 Άναφαῖοι.
1586 3793 1912 3888 Άρδιαῖοι.
2028 3793 2395 3886 Άρισβαῖοι.
2509 3792 2837 3869 Ἀσιναῖοι.

593 3892 947 3987 Ἀσκραῑος.
985 3893 1375 3984 Ἀφιδναῖος.
1410 3894 1763 3986 Ἀφυταῖοι.
1809 3908 2167 3990 Βαρκαῖος,
2211 3909 2558 3990 Βαρκαῖοι.
2602 3908 2842 3987 Βεμβι-

593 4016 801 4080 ναῖος.
861 4009 1204 4090 Βεργαῑος.
1261 4010 1642 4084 Βολιναῖος.
1704 4011 2074 4074 Βοττιαῖοι.
2130 4011 2476 4090 Βουραῖοι.
2536 4011 2842 4073 Γαλαῖοι.

596 4111 894 4188 Γαζαῖοι.
941 4112 1325 4192 Γεφυραῖοι.
1371 4112 1630 4197 Γυραίη
1674 4111 1884 4197 πέτρη
1924 4118 2096 4177 Hom.
2141 4113 2472 4195 dependet..
2513 4112 2842 4186 Δικταῖος.

593 4205 1041 4276 Δικτύνναιον
1086 4218 1286 4278 fanum
1337 4219 1566 4279 Dianae
1614 4220 2046 4296 Dictynnaeae.
2120 4215 2446 4298 Διρκαῖος.
2496 4215 2841 4298 Διωναῖος,

591 4313 751 4376 -αία,
801 4315 1186 4398 Δρυοπαῖοι.
1232 4316 1529 4397 Δυμαῖοι.
1574 4316 1997 4393 Δωδωναῖος.
2030 4307 2405 4400 Ἐγεσταῖοι.
2453 4306 2840 4392 Ἐδεσσαῖος.
