3166 4871
569 273 692 332 372

1447 447 1748 543 Regio
1819 446 1948 522 Vl.

1358 632 1634 698 Fanum
1679 632 2039 699 Fortunae

567 772 799 832 colonia
858 775 1199 851 appellatur
1260 775 1427 836 Grut.
1492 781 1634 837 445.
1684 782 1719 838 8
1781 781 1841 836 et
1898 777 2070 836 titulo
2129 777 2285 836 Bull.
2345 776 2399 835 d.
2463 778 2604 835 Inst.
2654 780 2819 837 1860

568 894 623 952 p.
672 879 813 936 200.
901 877 1133 936 Nomen
1180 879 1440 938 innotuit
1483 897 1557 939 ex
1600 880 1775 938 titulo
1837 879 1996 956 apud
2045 878 2326 940 Orellium
2362 898 2416 938 n.
2456 882 2569 940 83:
2621 878 2690 937 L.
2719 878 2818 937 Ti·

566 978 808 1038 tulenus
854 980 921 1039 L.
969 979 1008 1039 f.
1054 981 1268 1039 tertius
1301 980 1594 1041 oriundus
1625 982 1861 1042 colonia
1892 982 2046 1041 Iulia
2077 984 2239 1042 Fano
2273 984 2572 1041 Fortunae
2604 1001 2653 1039 e.
2684 999 2740 1057 q.
2770 997 2818 1039 s.

568 1080 745 1154 Quod
792 1100 1004 1140 nomen
1054 1100 1177 1142 una
1222 1101 1352 1142 cnm
1401 1084 1577 1143 Plinii
1628 1083 1966 1143 testimonio
2014 1084 2189 1160 cogit,
2236 1089 2300 1142 ut
2343 1084 2570 1142 Fanum
2607 1083 2817 1142 Fortu-

570 1200 680 1242 nae
727 1184 1020 1243 coloniam
1066 1185 1321 1261 Augusti
1368 1204 1498 1245 esse
1547 1186 1874 1246 credamus.

1502 1418 1888 1486 Pisaurum

568 1558 800 1618 colonia
846 1560 1058 1618 civium
1108 1563 1509 1621 Romanorum
1563 1562 1691 1621 fuit..
1779 1563 1893 1623 Sed
1943 1563 2195 1636 legimus
2239 1560 2398 1638 apud
2431 1559 2815 1640 Plutarchum

569 1662 667 1720 vit.
716 1662 915 1720 Auton
978 1681 1026 1721 c.
1074 1666 1182 1723 60:
1263 1657 1602 1740 Πείσαυρα
1657 1657 1782 1741 μὲν
1827 1647 2148 1724 Ἀντωνία
2210 1653 2411 1732 πόλις
2464 1655 2826 1743 κληρουχία

568 1747 905 1843 (ᾖκιύμὲνη
959 1750 1142 1841 παρὰ
1200 1750 1323 1823 τὸν
1358 1748 1616 1843 Ἀδρίαν
1657 1752 2017 1844 χασμάτων
2061 1755 2591 1844 ὑπορραγέντων
2633 1781 2824 1822 κατε·

566 1856 793 1946 πόθη;
841 1872 1021 1943 atque
1054 1868 1392 1927 invenimus
1425 1870 1628 1928 titulos
1658 1869 2006 1945 posterioris
2052 1872 2263 1928 aetatis
2309 1869 2409 1929 Or.
2443 1889 2498 1928 ιι.
2531 1872 2611 1929 83
2643 1868 2820 1927 Fabr.

568 1974 713 2030 435.
763 1975 866 2040 17,
927 1970 984 2029 in
1043 1971 1260 2047 quibus
1317 1972 1549 2031 colonia
1595 1973 1948 2031 nominatur.
2039 1973 2206 2045 Quae
2253 1972 2309 2030 id
2359 1971 2638 2048 oppidum
2684 1975 2821 2046 post

571 2077 768 2131 terrae
818 2077 1036 2131 motum
1086 2091 1293 2132 rursus
1338 2074 1629 2134 revixisse
1676 2073 2103 2134 demonstrant.
2194 2075 2267 2133 Et
2316 2074 2456 2150 quia
2501 2072 2602 2134 Or.
2647 2091 2703 2131 n.
2735 2075 2816 2132 83

571 2175 912 2233 nominatur
979 2175 1246 2246 „colonia
1296 2176 1443 2235 Iulia
1501 2177 1672 2236 Felix
1716 2175 2062 2236 Pisaurum“
2126 2176 2377 2236 coloniis
2424 2175 2497 2235 ab
2544 2175 2818 2251 Augusto
2866 2165 2876 2173 ’

571 2276 846 2335 deductis
891 2276 1185 2336 tribuitur.
1273 2277 1389 2337 Sed
1440 2283 1505 2338 ut
1562 2280 1677 2338 iam
1738 2278 1959 2338 dietum
2023 2283 2146 2356 est,
2209 2279 2522 2338 Pisaurum
2583 2277 2820 2336 colonia

569 2379 682 2438 fuit
745 2379 961 2439 civium
1010 2381 1409 2441 Romanorum
1457 2386 1516 2442 et
1577 2381 1652 2441 ob
1715 2382 1870 2442 hanc
1930 2399 2186 2455 causam,
2232 2382 2576 2459 priusquam
2625 2385 2819 2441 terrae

571 2488 731 2541 motu
782 2482 983 2542 deleta.
1033 2488 1139 2561 est,
1185 2502 1302 2544 non
1354 2471 1673 2544 Ἀντωνία
1716 2475 1915 2555 πόλις
1961 2479 2324 2564 κληρουχία
2364 2484 2568 2544 vocari
2612 2484 2823 2560 potuit.

570 2584 885 2657 Quomodo
932 2584 990 2644 id
1039 2604 1168 2645 sese
1215 2570 1443 2664 habuit,
1504 2586 1760 2646 discerni
1810 2588 2032 2664 nequit.
2123 2587 2411 2647 Videmus
2454 2591 2652 2646 antem
2698 2585 2820 2645 Au-

575 2692 815 2763 gustum
850 2707 1023 2747 omne
1055 2689 1371 2765 vestigium
1408 2689 1788 2749 Antonianae
1820 2690 2212 2767 deductiouiS,
2257 2708 2431 2766 quam
2465 2687 2824 2748 Plutarchus

572 2794 863 2867 testatur,
911 2792 996 2851 sic
1041 2790 1358 2870 delevisse,
1401 2796 1466 2851 ut
1512 2792 1744 2851 colonia
1791 2793 1964 2852 etiam
2015 2793 2249 2852 nomine
2297 2789 2525 2863 „Iulia“
2577 2809 2686 2850 usa
2729 2790 2824 2850 sit.

1494 3025 1555 3090 Π
1570 3025 1906 3108 ispellum

575 3168 813 3227 colonia
858 3167 1198 3227 nominatur
1244 3170 1301 3229 in
1335 3169 1526 3229 titulis
1560 3170 1712 3228 Mur.
1749 3172 1927 3229 1104.
1975 3171 2052 3228 21
2101 3166 2644 3243 (splendidissimus
2672 3164 2822 3226 ordo

575 3272 766 3330 colon.
799 3271 1239 3348 Ilispellatium)
1287 3277 1347 3331 ct
1379 3270 1479 3331 Or.
1511 3291 1566 3330 n.
1594 3274 1761 3333 2170
1802 3270 1889 3344 (C.
1925 3271 2198 3329 Matrinio
2232 3270 2480 3329 Aurelio
2511 3314 2525 3329 .
2556 3312 2570 3327 .
2601 3313 2612 3325 .
2645 3267 2826 3327 huius

572 3373 1085 3449 splendidissimae
1134 3374 1402 3434 coloniae
1444 3374 1727 3433 curatori.
1789 3373 2021 3433 Nomen
2055 3373 2314 3431 innotuit
2345 3392 2416 3432 cx
2453 3372 2622 3430 titulo
2655 3371 2826 3430 Grut.

573 3479 719 3551 351,
769 3481 819 3536 1.
910 3475 1098 3536 Alfius
1143 3477 1206 3538 C.
1251 3477 1291 3537 f.
1336 3479 1501 3537 Lem.
1548 3475 1680 3536 Ruf.
1727 3477 1784 3535 11
1829 3477 1923 3535 vir
1968 3476 2110 3552 quin
2169 3468 2178 3553 Ι
2234 3476 2341 3535 col.
2404 3475 2510 3534 Iul.
2569 3472 2825 3550 Ilispelli

571 3585 631 3640 et
690 3578 746 3638 11
802 3580 897 3638 vir
941 3623 1170 3651 ......
1175 3582 1196 3650 )
1262 3585 1327 3639 ut
1386 3579 1633 3640 coloniis
1692 3579 1769 3638 ab
1831 3578 2108 3654 Augusto
2174 3577 2446 3637 deductis
2503 3580 2665 3636 recte
2722 3575 2827 3635 ad-

570 3682 868 3741 numerari
917 3682 1120 3759 possit.

1571 3895 1808 3961 Tuder

574 4040 808 4100 colonia
854 4041 1194 4099 nominatur
1225 4039 1483 4116 saepius,
1529 4040 1685 4098 inter
1717 4057 1870 4116 quos
1899 4038 2107 4098 titulos
2139 4036 2318 4097 laudo
2351 4034 2619 4095 Wilm.n.
2640 4038 2832 4113 2100,

576 4145 675 4219 qui
723 4142 1060 4218 descriptus
1106 4147 1195 4202 est
1239 4160 1274 4200 a
1320 4142 1576 4201 Nisseno
1636 4143 1721 4201 sic
1779 4141 2190 4217 incipientem:
2265 4140 2382 4198 Pro
2443 4138 2635 4196 salute
2675 4127 2686 4215 Ι
2727 4155 2827 4197 co·

570 4246 765 4307 loniae
836 4250 895 4303 et
972 4244 1198 4304 ordinis
1262 4236 1272 4322 Ι
1343 4244 1735 4303 decurionum
1799 4250 1858 4302 et
1927 4242 2134 4318 populi
2191 4234 2201 4317 Ι
2256 4239 2539 4298 'Pudertis
2583 4282 2824 4299 ......
