3166 4871
564 312 604 382 2

568 488 718 553 ἴσον
763 484 1116 553 δύνασθαι.
1208 496 1422 571 Neque
1454 498 1673 555 eventu
1707 495 1969 554 caruisse
1993 495 2243 571 Pythiae
2273 495 2461 554 verba
2491 494 2808 571 Leotychi-

566 597 672 657 des
732 597 916 657 refert
976 596 1193 657 additis
1238 598 1359 656 his:
1422 594 1548 654 τοῦ
1614 590 1682 653 δὲ
1749 589 1970 654 Ηίεκα
2029 585 2316 673 ολόγος
2361 582 2470 654 όὸε
2521 585 2807 676 ὡρμήθη

569 693 903 777 λέγεσθαι,
950 688 1292 778 εἷρησεται.
1387 698 1424 757 Ι
1430 689 1707 757 λαύκοι
1738 695 1866 756 νῦν
1911 686 2066 756 οὔτε
2117 716 2181 755 τι
2227 683 2572 776 ἀπόγονον
2624 691 2807 757 ἔστιν

566 786 768 859 οὐδὲν
814 785 955 859 οὔτ’
1001 792 1175 880 corb]
1238 786 1516 878 ουόεμία
1561 795 1963 880 νομιζομένη
2010 789 2179 858 εἶναι
2229 791 2571 869 Γλαυκου,
2634 793 2809 859 ἐκτέ-

566 897 838 980 τριπταί
881 920 951 961 τε
998 892 1357 980 πρόρριζος
1401 896 1476 961 ἐκ
1522 891 1859 982 Σπάρτης.

742 1006 949 1064 Utrum
1011 1024 1077 1064 re
1137 1023 1287 1065 vera
1343 1006 1710 1065 consuluerit
1754 1004 2016 1065 Glaucus
2075 1005 2380 1065 oraculum
2441 1006 2499 1065 in
2562 1007 2667 1066 tali
2725 1026 2811 1084 re,

568 1108 668 1166 vix
728 1108 948 1185 poterit
1007 1106 1347 1166 diiudicari:
1402 1112 1661 1167 attamen
1724 1107 1840 1167 hoc
1893 1107 2134 1168 videtur
2193 1107 2589 1169 demonstrari
2633 1126 2810 1187 posse

565 1210 636 1270 iis
669 1209 885 1288 verbis,
929 1228 1087 1285 quae
1127 1210 1299 1270 nobis
1342 1215 1578 1270 servata
1622 1216 1781 1288 sunt,
1825 1211 2096 1288 Pythiam
2143 1216 2265 1270 tum
2313 1230 2431 1271 nou
2466 1229 2594 1271 esse
2627 1229 2812 1270 usam.

738 1314 827 1371 Ac
886 1313 1138 1390 primum
1203 1311 1439 1388 quidem
1502 1331 1635 1371 cum
1716 1330 1789 1372 ue
1851 1313 2070 1390 Pythia
2141 1313 2378 1389 quidem
2440 1314 2866 1389 praesentirex

568 1415 831 1490 potuerit
860 1414 1065 1474 Glauci
1113 1416 1359 1492 stirpem
1393 1415 1560 1474 brevi
1607 1420 1871 1491 tempore
1903 1415 2162 1475 deletum
2193 1415 2283 1492 iri,
2327 1415 2424 1474 vel
2455 1416 2569 1474 hoc
2599 1433 2811 1475 versus

565 1515 696 1575 illos
753 1517 815 1575 iu
874 1516 1277 1593 suspicionem
1327 1521 1521 1576 vocat.
1615 1518 1842 1576 Etenim
1891 1517 2004 1576 hoc
2048 1522 2188 1576 ante
2249 1518 2447 1576 omnia
2488 1518 2808 1577 tenendum

567 1624 659 1678 est
701 1624 763 1678 et
786 1617 1060 1693 Pythiam
1106 1622 1166 1678 et
1208 1616 1555 1678 sacerdotes
1582 1619 1906 1694 Delphicos
1937 1623 2293 1695 ceterosque
2338 1622 2510 1679 vates
2541 1619 2814 1679 homines

569 1719 844 1780 mortales
885 1719 1068 1780 fuisse
1117 1739 1313 1796 neque
1359 1720 1498 1798 plus
1543 1720 1618 1779 de
1665 1722 1848 1780 rebus
1895 1720 2112 1780 suturis
2143 1720 2462 1799 providere
2506 1727 2613 1781 aut
2643 1739 2813 1798 prae-

568 1821 771 1882 dicere
814 1823 1077 1901 potuisse
1124 1841 1301 1900 quam
1342 1840 1828 1899 unumquemque
1875 1827 2165 1901 nostrum,
2208 1823 2312 1899 qui
2358 1822 2597 1900 quidem
2630 1842 2811 1883 sanae

567 1923 941 2001 callidaeque
972 1927 1188 1985 mentis
1233 1930 1341 1984 est.
1428 1925 1642 2001 Itaque
1687 1925 1733 1984 si
1765 1925 1991 2001 apertis
2037 1924 2234 1986 verbis
2264 1943 2361 1984 res
2390 1925 2610 2003 aliqua,
2654 1944 2810 2002 quae

568 2029 779 2112 postea
808 2028 1030 2105 evenit,
1075 2027 1318 2087 oraculo
1348 2027 1736 2105 praedicitur,
1781 2029 1829 2086 si
1860 2046 1980 2087 non
2016 2045 2251 2105 semper
2281 2033 2343 2087 at
2365 2031 2530 2088 certe
2553 2028 2809 2104 plerum·
2855 2034 2858 2037 '

568 2146 686 2205 que
730 2128 1209 2190 concludendum
1257 2129 1510 2207 videtur,
1554 2147 1763 2189 versus
1809 2133 1947 2206 post
1991 2129 2217 2190 factum
2264 2130 2621 2208 compositos
2665 2147 2813 2189 esse.

569 2229 944 2308 Quamquam
987 2231 1289 2291 interdum
1337 2249 1476 2291 casu
1521 2232 1724 2307 aliquo
1771 2232 2039 2292 evenisse
2083 2251 2235 2310 rem,
2279 2250 2456 2309 quam
2500 2232 2810 2292 oraculum

565 2336 914 2393 eventuram
975 2333 1395 2411 praedixerat,
1456 2352 1574 2393 uon
1635 2337 1836 2412 potest
1893 2336 2130 2410 negari:
2207 2334 2596 2412 Thucydides
2655 2335 2810 2396 enim

567 2435 957 2496 certissimum
1010 2435 1250 2496 exhibet
1308 2435 1665 2514 exemplum.
1752 2435 2050 2512 Scriptum
2111 2437 2272 2514 apud
2327 2455 2460 2498 eum
2507 2437 2809 2498 videmus:

571 2536 669 2616 [V,
699 2533 807 2609 26]
855 2521 956 2595 ἀεὶ
1001 2527 1127 2616 γὰρ
1174 2529 1373 2615 ἔγωγε
1420 2531 1746 2616 μέμνημαι
1779 2531 1892 2595 καὶ
1937 2522 2310 2616 ἀρχομένου
2341 2536 2466 2597 τοῦ
2502 2533 2812 2616 πολέμου

565 2632 676 2697 καὶ
745 2632 931 2717 μέχρι
1000 2620 1083 2697 οὖ
1143 2628 1529 2718 ἐτελεύτησε
1593 2628 2109 2718 προφερόμενον
2168 2627 2306 2698 ὑπὸ
2366 2638 2649 2699 πολλῶν
2705 2625 2811 2699 ὅτι

566 2735 707 2818 τρὶς
751 2733 945 2799 ἐννέα
991 2731 1107 2820 ἔτη
1155 2735 1293 2799 δέοι
1340 2735 1655 2819 γενέσθαι
1704 2725 1930 2799 αὐτόν.
2035 2741 2152 2802 Sed
2216 2760 2388 2801 nemo
2445 2743 2655 2819 opinor
2698 2743 2809 2802 sibi

565 2843 953 2922 persuadebit
981 2861 1102 2920 eos,
1147 2844 1246 2921 qui
1295 2843 1411 2924 hoc
1442 2843 1934 2920 vaticinarentur,
1978 2861 2044 2903 re
2074 2861 2221 2902 vera
2264 2862 2300 2902 a
2346 2844 2459 2904 deo
2489 2844 2810 2921 inspiratos

569 2945 781 3008 fuisse:
827 2946 1180 3006 sine-dubio
1228 2947 1291 3012 iu
1335 2946 1448 3005 hac
1493 2963 1557 3004 re
1604 2964 1745 3006 casu
1778 2947 1980 3023 aliquo
2012 2948 2213 3006 evenit
2243 2947 2406 3024 quod
2437 2947 2808 3025 praedictum

567 3049 781 3109 fuerat.

738 3152 816 3211 Et
861 3152 1063 3212 hercle
1107 3150 1251 3211 satis
1281 3152 1434 3212 bene
1479 3151 1777 3228 explicare
1821 3169 2158 3229 possumne,
2200 3169 2320 3228 quo
2363 3152 2603 3212 tandem
2633 3152 2810 3214 modo

565 3253 641 3313 ad
700 3253 860 3314 hunc
920 3271 1232 3315 numerum
1291 3254 1374 3313 illi
1432 3254 1674 3313 adducti
1721 3255 1859 3314 sint.
1946 3254 2308 3315 Diuturnum
2364 3253 2632 3314 futurum
2678 3272 2810 3315 esse

565 3355 820 3434 bellum,
879 3375 1011 3417 cum
1074 3360 1329 3432 utraque
1384 3375 1528 3432 pars
1589 3356 1666 3415 ad
1728 3373 2015 3415 summam
2074 3356 2372 3416 fortunam
2439 3356 2810 3432 pervenisset

566 3474 865 3534 quamque
908 3457 1160 3517 maxime
1203 3461 1442 3534 poterat
1484 3458 1683 3517 omnia
1724 3461 2169 3535 praeparasset,
2237 3477 2410 3517 nemo
2456 3460 2585 3518 sine
2629 3458 2808 3518 dubio

564 3559 658 3618 vir
700 3557 969 3636 prudeus
1014 3559 1126 3618 iam
1186 3561 1430 3619 ineunte
1478 3559 1629 3619 bello
1675 3576 1796 3619 non
1851 3559 2181 3635 intellexit,
2240 3565 2301 3620 et
2343 3561 2567 3639 apertis
2608 3562 2811 3620 verbis

564 3658 953 3736 Thucydides
1009 3662 1124 3722 hoc
1184 3660 1260 3721 de
1313 3677 1379 3720 se
1436 3662 1567 3737 ipso
1629 3661 1942 3720 coufirmat
1994 3660 2021 3718 1
2060 3658 2120 3720 1:
2182 3645 2549 3779 ἀρξάμενος
2605 3647 2809 3731 εὐθὺς

565 3756 1067 3838 καθισταμένου
1113 3759 1259 3830 (τοῦ
1304 3755 1635 3839 πολέμου)
1680 3757 1791 3820 καὶ
1838 3755 2113 3832 ἐλπίοας
2163 3758 2376 3841 μέγαν
2417 3782 2486 3821 τε
2536 3755 2808 3822 ἔσεσθαι

566 3855 733 3921 καὶ
750 3847 1291 3942 ἀξιολογώτατον
1363 3861 1506 3922 τῶν
1582 3859 2211 3980 προγεγενημένων,
2289 3854 2808 3945 τεκμαιρόμενος

566 3951 669 4024 ὅτι
715 3949 1120 4043 ακμάςοντές
1164 3983 1233 4024 τε
1281 3958 1453 4045 ἦσαν
1499 3960 1564 4036 ἐς
1610 3985 1692 4024 αι
1697 3983 1821 4025 τον
1881 3951 2244 4046 αμφότεροι
2291 3964 2684 4044 παρασκευῇ
2726 3964 2809 4043 τῇ

565 4056 743 4144 πάσῃ
805 4061 918 4126 καὶ
988 4058 1068 4126 τὸ
1142 4054 1311 4128 ἄλλο
1359 4056 1749 4148 Ἑλληνικὸν
1823 4055 2006 4146 ορών
2083 4070 2207 4144 §m
2208 4057 2567 4147 ιστάμενον
2636 4058 2808 4148 πρὸς

566 4159 952 4250 ἑκατέρους,
1013 4160 1094 4228 τὸ
1136 4165 1260 4247 μὲν
1315 4155 1554 4245 εὐθύς,
1614 4162 1693 4230 τὸ
1741 4165 1812 4231 δὲ
1857 4166 1970 4230 καὶ
2033 4160 2535 4248 διανοούμενον.
2626 4171 2807 4232 Haud

562 4290 891 4350 paucorum
936 4274 1120 4350 igitur
1162 4292 1453 4342 annorum
1501 4273 1719 4334 bellum
1765 4273 2032 4348 futurum
2080 4290 2211 4333 esse
2257 4273 2477 4334 nemini
2520 4273 2804 4351 prudenti
