3166 4871
553 305 634 373 86
1542 302 1810 359 zacher

726 480 1164 561 Πελαγαῖος
1228 483 1498 560 Neptuni
1567 479 1901 559 cognomen
1963 479 2149 541 fuisse
2213 480 2401 540 tradit
2463 479 2796 541 Pausanias

553 587 684 665 VII,
729 582 830 664 21,
875 583 944 665 7,
1005 585 1137 647 loco
1197 588 1264 645 ut
1307 584 1431 645 vid.
1474 587 1760 662 corrupto
1805 581 1996 657 (certe
2037 583 2196 643 inter
2238 583 2276 654 5
2307 580 2342 640 7
2390 587 2451 643 et
2494 578 2534 639 8
2579 582 2797 643 lacuna

554 688 875 766 intercidit,
917 683 1094 765 quam
1141 687 1434 750 Schubart
1479 688 1712 748 notavit
1753 687 1816 746 in
1846 686 2125 746 versione
2168 682 2313 758 lat.).
2396 684 2594 746 Patris
2638 682 2794 744 enim

553 798 744 868 prope
807 795 1044 868 portum
1107 795 1315 850 narrat
1369 790 1628 868 positum
1692 787 1877 849 fuisse
1934 788 2201 864 Neptuni
2272 790 2334 848 et
2390 786 2677 865 templum
2736 789 2801 846 et

553 894 952 952 simulacrum.
1040 886 1419 951 Ποσειδῶνι
1463 885 1536 951 δὲ
1579 884 1790 971 παρὲξ
1833 875 2126 970 ἢὸπόσα
2154 873 2454 967 ὀνόματα
2483 891 2798 967 ποιηταῖς

554 989 977 1074 πεποιημένα
1021 986 1206 1053 ἐστὶν
1250 986 1318 1064 ἐς
1361 986 1551 1053 ἐπῶν
1594 982 1850 1073 κόσμον
1895 986 2008 1052 καὶ
2046 985 2181 1073 ἰδίᾳ
2211 986 2443 1068 σφίσιν
2472 978 2797 1070 ἐπιχώρια

554 1083 722 1155 ὄντα
767 1087 1038 1156 ἕκαστοι
1092 1090 1428 1170 τίθενται,
1484 1090 1757 1155 τοσαίδε
1802 1087 1869 1166 ἐς
1913 1079 2219 1166 ἅπαντας
2261 1082 2614 1172 γεγόνασιν
2656 1084 2796 1152 ἐπι-

553 1187 822 1276 κλήσεις
867 1183 1056 1277 αὐτῷ
1076 1212 1089 1225 ·
1136 1187 1504 1277 Πελαγαῖος
1548 1192 1663 1257 καὶ
1685 1182 2031 1274 Ἀσφάλιός
2068 1214 2141 1256 τε
2184 1190 2299 1255 καὶ
2325 1180 2607 1267 Ἵππιος.
2677 1196 2798 1255 Pro

553 1299 916 1379 πελαγατος
983 1303 1426 1379 exspectaveris
1485 1302 1583 1362 vel
1650 1288 2006 1378 πελάγειος
2067 1298 2439 1377 (quanquam
2500 1298 2618 1358 hoc
2676 1315 2797 1358 non

555 1405 776 1482 legitur
836 1405 948 1464 nisi
1008 1404 1196 1464 semel
1238 1404 1403 1483 apud
1445 1404 1551 1464 Ar.
1581 1404 1640 1464 h.
1669 1422 1722 1464 a.
1754 1398 1811 1481 8,
1846 1398 1950 1481 19,
2003 1420 2123 1480 qno
2169 1401 2245 1461 de
2288 1402 2422 1462 loco
2467 1396 2797 1472 dubitatur)

555 1507 652 1567 vel
695 1495 1033 1584 πελάγιος.
1119 1507 1333 1583 Neque
1391 1507 1591 1583 magni
1634 1506 1917 1566 momenti
1961 1508 2055 1566 est
2096 1504 2259 1582 quod
2303 1502 2542 1565 codices
2596 1519 2799 1563 omnes

554 1609 852 1687 (exceptis
895 1610 1085 1685 Mosq.
1133 1612 1193 1669 et
1234 1609 1431 1687 Lugd.
1474 1610 1512 1669 b
1550 1610 1653 1686 qui
1699 1604 2083 1687 Παλαγαῑος
2125 1604 2373 1679 habent)
2418 1605 2801 1668 consentiunt

555 1711 906 1771 exhibentes
948 1708 1329 1789 πελαγαῑος,
1373 1729 1555 1789 quum
1602 1728 1812 1772 omnes
1856 1710 1991 1770 libri
2031 1709 2419 1787 manuscripti
2462 1709 2635 1778 nobis
2679 1724 2799 1768 ser-

557 1814 675 1872 vati
719 1831 796 1873 ex
840 1831 961 1874 uno
1004 1813 1339 1892 archetypo
1383 1814 1669 1874 fluxerint
1697 1815 1799 1891 qui
1846 1816 1906 1873 et
1934 1813 2063 1891 ipse
2093 1812 2271 1874 valde
2301 1814 2624 1889 corruptus
2652 1814 2800 1870 erat.

557 1915 672 1976 Sed
741 1934 860 1975 non
924 1919 1016 1976 est
1080 1917 1207 1977 veri
1274 1915 1487 1995 simile,
1558 1914 1925 1993 πελαγαῑος
1987 1915 2374 1976 scribentium
2434 1912 2801 1991 negligentia

555 2016 776 2078 factum
836 2036 969 2080 esse
1027 2037 1102 2080 ex
1145 2007 1482 2098 πελάγιος,
1536 2037 1649 2080 nec
1693 2006 2045 2097 πελάγειος
2105 2035 2216 2079 nec
2274 2004 2597 2096 πελάγιος
2654 2015 2802 2075 alias

526 2139 821 2198 .nnquam
853 2121 1118 2199 Neptuni
1151 2123 1512 2200 cognomina
1541 2120 1723 2182 fuisse
1768 2120 2110 2198 traduntur,
2152 2120 2294 2180 licet
2321 2118 2657 2179 Pausanias
2685 2118 2801 2177 boc

557 2224 688 2284 loco
750 2223 988 2285 disertis
1046 2206 1258 2285 verbis*
1307 2227 1542 2303 narret,
1616 2224 1730 2284 hoc
1787 2223 2057 2300 Neptuni
2129 2239 2463 2300 cognomen
2527 2219 2802 2281 omnibus

560 2325 842 2384 usitatum
888 2324 1069 2387 fuisse
1079 2370 1097 2404 ,
1141 2327 1199 2385 id
1243 2326 1407 2404 qnod
1436 2326 1513 2387 (le
1542 2310 1872 2401 άσφάλιος
1916 2329 1979 2387 et
2008 2316 2241 2395 ἵππιος
2283 2326 2535 2385 constat.
2606 2322 2801 2399 Quam

558 2425 647 2495 ob
676 2446 802 2488 rem
846 2428 1021 2491 lectio
1063 2427 1286 2490 tradita
1340 2428 1582 2490 videtur
1650 2428 1988 2506 retinenda,
2062 2431 2130 2490 ut
2195 2424 2559 2506 πελαγαῑος
2618 2423 2802 2487 fuerit

558 2548 889 2607 cognomen
933 2533 1201 2609 Neptuni
1248 2551 1322 2593 ex
1377 2531 1593 2611 priscis
1646 2532 2018 2610 temporibus
2072 2530 2384 2608 traditum,
2450 2529 2615 2609 qnod
2670 2546 2801 2589 eam

556 2633 746 2711 ipsam
803 2633 880 2699 ob
923 2650 1161 2695 causam
1207 2634 1527 2695 retinuerit
1571 2651 1632 2695 α.

729 2735 921 2796 Valde
961 2737 1230 2798 incertus
1274 2754 1404 2797 sum
1451 2737 1606 2797 sitne
1650 2736 1811 2798 hisce
1855 2735 2195 2797 nominibus
2239 2732 2689 2814 adjungendum

728 2826 1149 2913 κάλλαιον,
1216 2838 1379 2916 quod
1437 2840 1587 2917 galli
1654 2838 1970 2917 gallinacei
2027 2842 2153 2899 tum
2199 2838 2445 2899 barbam
2488 2835 2801 2915 significat,
2888 2822 2901 2832 ⁶

558 2944 681 2998 tum
743 2941 998 3017 paleam.
1102 2940 1412 3002 Traditum
1475 2945 1566 3002 est
1627 2940 1787 3020 apud
1851 2940 2155 3019 Aristoph.
2198 2942 2310 3018 Rq,
2352 2933 2476 2998 497
2492 2983 2510 3019 ,
2553 2938 2800 3000 Aristot.

561 3041 617 3100 h.
651 3061 702 3101 a.
763 3039 821 3121 9,
861 3039 943 3100 49
1010 3040 1136 3118 (ubi
1203 3044 1532 3125 compluria
1594 3043 1965 3123 exemplaria
2026 3043 2311 3104 exhibent
2369 3030 2677 3115 κάλλιον)
2740 3044 2801 3102 et

559 3144 938 3222 posteriores.
1036 3146 1153 3207 Pro
1205 3147 1426 3225 plurali
1471 3135 1760 3206 κάλλαια
1803 3164 1988 3224 saepe
2030 3147 2319 3225 scriptum
2381 3149 2474 3206 est
2527 3133 2801 3222 κάλλεα,

560 3246 722 3323 quod
784 3268 971 3326 quum
1034 3248 1505 3311 confunderetur
1567 3268 1701 3310 cum
1763 3248 1932 3310 vocis
1989 3237 2241 3319 κάλλος
2298 3246 2517 3327 plurali
2573 3234 2801 3325 κάλλη,

547 3351 929 3425 =grammatici
975 3351 1035 3411 in
1082 3351 1175 3412 his
1204 3351 1514 3412 vocabulis
1556 3350 1971 3412 dIscernemlis
1999 3352 2266 3421 multum
2310 3366 2531 3428 operae
2574 3350 2799 3427 impen-

560 3448 795 3513 derunt.
881 3453 951 3512 V.
981 3453 1168 3513 Piers.
1198 3453 1274 3513 ad
1302 3452 1487 3514 Moer.
1531 3471 1577 3514 s.
1608 3472 1663 3513 v.
1749 3452 2056 3514 Eiusmodi
2099 3456 2424 3530 praecepta
2453 3454 2597 3513 sunt
2623 3451 2800 3512 haec:

559 3552 771 3613 Thom.
802 3555 987 3631 Mag.:
1034 3543 1306 3614 Κάλλεά
1350 3547 1491 3614 ἐστι
1533 3544 1620 3614 τὰ
1661 3551 1804 3614 τῶν
1849 3539 2354 3633 ἀλεκτρυόνων·
2398 3545 2512 3612 ἐπὶ
2554 3547 2628 3613 δὲ
2656 3548 2798 3613 τῶν

561 3638 837 3714 ἀνθέων
904 3646 1128 3737 κάλλη.
1237 3657 1532 3735 Hesych.:
1604 3647 1919 3716 κάλλαια·
1985 3648 2050 3716 οἱ
2114 3654 2257 3716 τῶν
2325 3641 2798 3736 ἀλεκτρυόνων

557 3745 895 3836 πώγωνες.
943 3751 1087 3840 [καὶ
1116 3757 1255 3818 πᾶν
1285 3754 1774 3840 πορφυροειδὲς
1798 3756 2053 3839 χρῶμα.
2097 3750 2266 3819 ἔνιοι
2296 3752 2369 3819 δὲ
2398 3748 2485 3818 τὰ
2505 3753 2799 3818 ποίκιλα.

564 3853 678 3918 καὶ
721 3845 880 3942 παρ’
925 3855 1324 3939 Αἰγυπτίοις
1375 3858 1611 3942 χρῶμα
1655 3851 1998 3922 καλαῖνόν.
2072 3857 2336 3921 τίθεται
2390 3854 2463 3921 δὲ
2520 3852 2637 3920 καὶ
2690 3853 2803 3921 ἐπὶ

557 3951 792 4042 μύρου.
870 3957 1172 4041 κ[αλλ]αὶ
1227 3954 1313 4022 τὰ
1370 3954 1598 4037 βαπτὰ
1652 3955 1812 4043 ἔρια.
1901 3964 1998 4024 Ad
2060 3982 2215 4043 quae
2274 3965 2352 4025 M.
2408 3962 2799 4026 Schmidtius:

561 4055 916 4137 ..κάλλαιοι
962 4066 1110 4146 cod„
1155 4084 1266 4128 em.
1319 4067 1491 4128 Phot.
1540 4063 1679 4145 126,
1731 4063 1805 4124 12
1851 4066 2171 4146 Sopingus.
2256 4065 2427 4142 Quae
2477 4070 2615 4145 post
2657 4055 2797 4125 ποό-

557 4186 767 4248 γωνες
798 4174 1136 4247 sequuntur
1164 4174 1268 4230 aut
1297 4169 1375 4230 ad
1403 4157 1650 4229 κάλλεα
1677 4173 1954 4248 spectant
1983 4188 2114 4241 cum
2154 4156 2441 4228 κάλλαια
2485 4166 2798 4230 confusum

558 4272 770 4334 autad
799 4274 881 4350 gl.
912 4268 993 4332 65
1038 4260 1256 4353 κάλλη
1285 4275 1424 4350 post
1467 4269 1790 4353 πορφυρᾶ
1834 4276 1977 4334 sunt
2020 4269 2443 4333 retrahenda“.
2532 4269 2801 4332 Moeride
