3166 4871
543 280 667 343 298

544 458 669 516 vita
727 458 924 516 vinum
985 463 1109 530 est,
1174 480 1221 519 c.
1266 463 1371 522 37:
1429 476 1542 519 nec
1597 462 1744 534 quid
1790 477 1906 520 nec
1949 476 2138 535 quare
2183 465 2242 521 et
2283 462 2453 519 sicca
2495 458 2719 536 sobria,
2735 456 2784 531 ⁶)

546 580 593 620 c.
638 565 746 622 42:
792 563 1040 621 minoris
1084 577 1262 636 quam
1305 579 1550 622 muscae
1595 570 1655 623 et
1697 563 1915 622 mulier
1957 565 2256 622 milvinum
2299 579 2525 638 qenuS,
2587 580 2634 620 c.
2675 566 2785 624 43:

541 679 807 739 parram
847 664 1053 737 pilare
1095 670 1154 724 et
1200 667 1299 724 cui
1341 667 1544 724 datum
1590 673 1680 725 est
1723 683 1843 725 non
1874 668 1975 725 cui
2013 667 2394 738 destinatum,
2444 684 2493 724 c.
2523 669 2630 726 57:
2672 680 2787 724 nec

545 782 643 824 mu
699 782 814 825 nee
867 764 1065 838 ma‚⁶)
1128 785 1174 826 c.
1221 771 1327 828 58:
1392 784 1589 843 caepa
1650 770 1888 828 cirrata
1947 773 2007 828 et
2067 784 2381 827 corvorum
2436 765 2675 826 cibaria
2727 771 2788 825 et

550 875 766 927 terrae
812 867 985 928 tuber
1029 875 1089 928 et
1132 886 1262 929 mus
1308 872 1368 928 in
1413 873 1661 930 matella
1706 878 1767 931 et
1796 871 2060 945 musrius
2088 887 2209 929 non
2238 873 2549 943 maqister,
2597 888 2646 928 c.
2681 873 2787 929 62:

551 988 701 1044 copo
738 972 1122 1044 compilatus,
1169 991 1218 1032 c.
1251 976 1348 1045 63,
1395 974 1492 1032 ubi
1525 974 1889 1034 Trimalchio
1936 974 2253 1051 strigarum
2300 971 2617 1032 stridorem
2666 972 2787 1030 imi-

546 1078 735 1133 tatur:
781 1074 984 1133 subito
1015 1075 1251 1149 striqae
1283 1076 1554 1134 stridere
1599 1074 1786 1153 (quod
1831 1076 2076 1135 verbum
2110 1076 2423 1136 Jacobsius
2462 1074 2789 1133 rectissime

551 1173 806 1248 addidit)
869 1186 1238 1251 coeperunt,
1320 1196 1369 1236 c.
1426 1182 1532 1239 76:
1592 1179 1859 1253 factum,
1928 1194 2046 1237 non
2105 1176 2325 1253 fabula
2391 1181 2450 1237 et
2512 1174 2589 1234 ab
2650 1176 2792 1235 acia

551 1287 613 1339 et
658 1295 794 1339 acu.

1015 1450 1051 1521 ξ
1085 1456 1139 1511 2.
1226 1453 1327 1508 De
1370 1452 1792 1520 pleonasmis
1838 1455 1909 1508 et
1952 1451 2333 1520 ellipsibus.

725 1589 800 1648 Et
840 1588 1221 1664 pleonasmus
1263 1592 1322 1647 et
1362 1589 1586 1665 ellipsis
1633 1588 1984 1666 plerumque
2016 1589 2400 1648 inveniuntur
2433 1590 2491 1647 in
2523 1588 2793 1648 oratione

553 1692 867 1750 concitata.
959 1709 1090 1748 nam
1125 1690 1192 1765 ie,
1236 1691 1338 1767 qui
1386 1691 1606 1749 maiore
1652 1690 1867 1750 ardore
1900 1690 2185 1767 loquitur,
2229 1709 2464 1767 semper
2508 1690 2563 1747 id
2612 1708 2793 1747 unum

554 1798 816 1871 spectat,
878 1791 1039 1870 quod
1101 1792 1516 1869 gravissimum
1580 1798 1671 1853 est
1730 1792 1987 1870 ideoque
2052 1811 2293 1869 operam
2358 1792 2490 1863 dat,
2556 1798 2619 1852 ut
2683 1793 2796 1851 hoc

556 1915 734 1973 quam
784 1894 1207 1954 dilucidissime
1256 1894 1492 1954 indicet.
1582 1913 1703 1972 quo
1747 1895 1828 1966 fit,
1876 1900 1940 1955 ut
1985 1896 2223 1972 saepius
2271 1896 2365 1954 vel
2408 1914 2590 1954 unum
2621 1913 2796 1953 voca·

554 1999 752 2057 bulum
823 1996 912 2057 bis
981 2002 1167 2073 ponat
1241 1996 1338 2056 vel
1399 2002 1581 2057 totam
1649 2000 2119 2059 enuntiationem
2182 1998 2362 2075 paulo
2434 1999 2795 2057 immutatam

555 2106 806 2177 repetat.
915 2099 1122 2159 eadem
1187 2104 1382 2159 autem
1445 2100 1518 2159 de
1583 2118 1766 2159 causa
1837 2120 1940 2177 ea,
2002 2119 2154 2177 quae
2219 2101 2460 2160 levioris
2521 2098 2797 2158 momenti

553 2205 708 2263 inter
753 2201 904 2262 duas
951 2221 1046 2261 res
1091 2202 1499 2278 intercedunt,
1553 2204 1680 2262 sive
1726 2204 2021 2262 sententia
2066 2208 2189 2263 tota
2235 2204 2362 2261 sive
2408 2202 2655 2261 verbum
2702 2179 2823 2259 vel·

553 2306 920 2375 coniunctio,
981 2305 1353 2363 omittuntur.
1456 2306 1740 2381 quoniam
1803 2310 2030 2383 autem,
2103 2309 2169 2365 ut
2227 2306 2340 2363 iam
2402 2322 2588 2381 supra
2658 2302 2799 2377 dixi,

555 2407 627 2467 de
687 2407 860 2485 plebe
920 2406 1191 2466 homines
1257 2407 1439 2467 multo
1504 2407 1702 2467 acrius
1765 2426 1833 2466 ac
1897 2408 2306 2468 vehementius
2366 2407 2526 2484 loqui
2587 2405 2801 2481 solent,

556 2529 737 2586 saepe
782 2508 875 2578 fit,
922 2513 989 2568 ut
1035 2509 1109 2567 ad
1156 2509 1491 2586 augendam
1543 2510 1860 2570 verborum
1911 2512 2028 2569 vim
2075 2510 2189 2569 hoc
2237 2512 2513 2570 liberiore
2560 2527 2669 2568 usu
2718 2508 2798 2568 di-

557 2612 728 2671 cendi
793 2616 1052 2671 utantur.
1159 2629 1229 2668 ac
1288 2611 1540 2687 primum
1601 2610 1836 2687 quidem
1894 2629 2078 2670 unum
2136 2611 2378 2672 verbum
2425 2612 2666 2689 saepius
2711 2611 2801 2669 bis

557 2714 832 2791 ponitur,
898 2715 998 2790 qui
1061 2730 1204 2772 usus
1263 2714 1436 2771 etiam
1483 2713 1645 2790 apud
1692 2714 1843 2774 alios
1900 2715 2252 2791 scriptores,
2312 2714 2411 2773 ubi
2472 2732 2665 2773 sermo
2712 2717 2802 2774 est

558 2817 737 2895 paulo
785 2815 1168 2886 concitatior,
1231 2815 1535 2875 invenitur
1599 2815 1698 2888 (ef.
1762 2835 1918 2892 quae
1978 2817 2260 2876 Heinsius
2320 2818 2491 2876 affert
2548 2818 2608 2876 in
2665 2816 2803 2876 edit.

559 2922 758 2980 Burm.
805 2939 859 2995 p.
903 2917 1084 2991 257),
1141 2919 1245 2978 sed
1293 2917 1452 2996 apud
1504 2918 1729 2978 nullum
1777 2925 1894 2978 tam
1943 2937 2122 2996 saepe
2166 2935 2343 2998 quam
2390 2918 2549 2996 apud
2595 2920 2803 2979 Petro-

559 3024 736 3082 nium.
838 3022 1038 3082 notavi
1111 3027 1310 3081 autem
1373 3041 1420 3081 c.
1471 3025 1575 3082 29:
1648 3038 1821 3094 eave,
1889 3038 2033 3082 eave
2098 3038 2307 3081 canem
2373 3021 2804 3096 (Buechelerus

561 3145 742 3185 unum
788 3141 933 3184 cave
978 3124 1168 3198 eiecit,
1216 3124 1471 3184 fortasse
1519 3131 1706 3201 recte,
1767 3143 2109 3202 quanquam
2159 3144 2234 3184 ne
2280 3126 2519 3184 insolita
2564 3123 2801 3201 quidem

558 3229 893 3305 imperativi
937 3227 1174 3286 iteratio
1220 3245 1256 3284 a
1301 3226 1763 3286 Trimalchionis
1808 3228 2054 3303 ingenio
2100 3227 2296 3286 aliena
2341 3225 2491 3303 est),
2536 3245 2583 3284 c.
2617 3230 2696 3287 37
2744 3229 2804 3284 et

563 3336 642 3391 42
675 3335 735 3389 et
765 3333 874 3389 46:
917 3330 1112 3402 modo,
1161 3329 1355 3402 modo,
1402 3347 1449 3388 c.
1481 3333 1595 3389 45:
1648 3330 1851 3404 Glyco,
1903 3330 2107 3404 Glyoe,
2154 3348 2202 3388 c.
2234 3332 2347 3390 49:
2395 3329 2579 3402 quid?
2624 3329 2804 3401 quid?

562 3438 623 3492 et
667 3448 841 3504 voca,
901 3447 1079 3505 voca,
1141 3452 1188 3491 c.
1233 3435 1338 3491 72:
1382 3447 1552 3503 vere,
1608 3448 1766 3490 verb.
1856 3433 2031 3491 etiam
2080 3431 2520 3492 interiectiones
2566 3431 2804 3507 saepius

564 3540 949 3611 repetuntur,
993 3535 1162 3594 velut
1206 3553 1254 3593 c.
1288 3539 1393 3595 37:
1439 3533 1657 3607 babae,
1703 3532 1921 3605 babae,
1971 3553 2019 3592 c.
2051 3539 2130 3594 42
2179 3541 2239 3594 et
2281 3539 2362 3594 44
2409 3540 2470 3594 et
2514 3538 2620 3596 64:
2666 3534 2802 3605 keu,

564 3639 696 3710 heu,
742 3657 791 3696 c.
825 3642 936 3699 67:
982 3653 1094 3710 au,
1140 3653 1236 3695 au.
1283 3668 1370 3676 —
1417 3637 1663 3697 eandem
1728 3637 1803 3697 ob
1861 3655 2099 3696 causam
2156 3655 2264 3715 pro
2312 3638 2565 3713 simplici
2622 3655 2803 3697 enun-

565 3739 811 3800 tiatione
855 3758 1037 3815 saepe
1081 3740 1324 3816 ponitur
1370 3740 1737 3798 exclamatio.
1785 3738 1858 3798 cf.
1905 3759 1951 3798 c.
1986 3743 2092 3799 34:
2133 3755 2309 3812 quam
2363 3745 2520 3798 totus
2564 3740 2804 3798 homun-

566 3845 658 3902 cio
718 3844 806 3902 nil
862 3844 1023 3914 ests,
1088 3860 1135 3901 c.
1184 3847 1292 3903 38:
1349 3845 1462 3901 sed
1520 3840 1723 3901 liberte·
1779 3843 2105 3913 scelerati,
2172 3843 2275 3914 qui
2339 3844 2537 3901 omnia
2598 3841 2683 3899 ad
2738 3856 2806 3899 se

736 4008 781 4072 ⁵)
817 3987 1174 4058 Haec'verba
1210 4004 1279 4057 ad
1317 4019 1480 4057 unam
1517 4004 1800 4058 notionem
1837 4003 2176 4072 coniungere
2213 4003 2410 4058 solitos
2437 4017 2562 4056 esse
2588 4007 2803 4056 veteres

567 4092 772 4145 docent
807 4090 1062 4158 exempla
1096 4106 1128 4142 a
1165 4088 1375 4143 Goesio
1412 4089 1482 4142 ad
1519 4088 1570 4142 h.
1610 4090 1644 4142 l.
1680 4089 1848 4142 allata
1881 4089 1937 4141 in
1977 4088 2110 4142 edit.
2147 4088 2334 4141 Burm.
2370 4105 2425 4156 p.
2452 4091 2566 4140 217.

567 4165 584 4176 ”
736 4178 782 4244 ⁶)
819 4174 904 4230 Cf.
943 4175 1156 4230 Charis.
1202 4176 1331 4229 inst.
1368 4189 1597 4243 gramm.
1623 4173 1676 4228 ΙΙ
1713 4191 1766 4243 p.
1795 4179 1910 4238 240,
1947 4179 1995 4239 3,
2032 4179 2079 4240 S,
2119 4178 2181 4226 28
2222 4173 2360 4226 Keil.
2402 4170 2576 4227 Lucil.
2615 4171 2680 4226 fr.
2719 4171 2805 4226 ed.

570 4261 785 4317 Lachm.
823 4279 874 4315 v.
921 4266 1062 4315 1138.
