3166 4871
1112 234 1198 289 De
1232 234 1435 289 nomin.
1472 236 1529 289 in
1565 253 1734 299 -αιος,
1801 235 1834 305 ξ
1871 240 1953 290 ⁵16.
2444 300 2454 307 ,
2554 239 2676 300 225

416 409 660 485 (τοῦτο
707 411 752 485 1)
798 403 915 482 τὰς
960 397 1150 490 εὐχὰς
1191 403 1560 493 ποιήσεσθε
1608 408 1721 471 καὶ
1767 404 2086 493 στρατιὰν
2120 400 2160 492 ἢ
2189 404 2400 493 πεζὴν
2446 400 2486 491 ἢ
2517 431 2675 472 ναυ-

415 503 627 593 τικὴν
672 507 1046 592 ἐκπέμψετε
1061 534 1082 585 ;
1128 509 1241 574 καὶ
1284 506 1417 595 μὴν
1463 500 1501 574 ὅ
1548 533 1619 594 γε
1654 503 1958 586 <Ησίοδος
2002 510 2205 594 λέγει·

599 606 890 675 πολλάκι
933 633 1036 675 τοι
1085 607 1396 694 ξύμπασα
1441 607 1642 687 πόλις
1685 615 1900 676 κακοῦ
1947 602 2192 696 ἀνδρὸς
2239 601 2529 696 ἀπηύρα,

599 703 673 789 ὅς
716 736 835 778 κεν
880 705 1232 798 ἀλιτραίνῃ
1276 715 1388 778 καὶ
1435 704 1793 779 ἀτάσθαλα
1835 709 2265 799 μηχανάαται.

416 823 622 882 Huius
680 821 795 882 loci
858 821 1012 883 duae
1074 826 1344 882 veterum
1404 823 1835 901 explicationes
1888 827 2142 882 exstant.
2229 823 2437 883 Altera
2498 842 2675 900 quam

403 924 544 1000 jam
578 926 1170 986 commemoravimus
1203 925 1725 1003 Harpocrationis:
1758 915 2297 1004 Προστρόπαιον.
2362 919 2678 1004 Αἰσχίνης

415 1019 505 1084 ἐν
549 1024 647 1105 τῷ
692 1022 848 1106 περὶ
893 1025 1010 1107 τῆς
1054 1023 1626 1106 παραπρεσβείας·
1674 1017 1933 1087 Εάσατε
1966 1007 2091 1086 οὖν
2122 1011 2333 1086 αὐτὸν
2377 1017 2466 1086 τὸ
2512 1045 2676 1087 τοι·

415 1126 678 1188 οὗτον
720 1119 1360 1207 προςτρόπαιον;
1421 1114 1597 1189 ἀντὶ
1647 1127 1783 1188 τοῦ
1831 1116 2017 1207 ἄγος
2061 1123 2191 1188 καὶ
2235 1120 2321 1188 τὸ
2365 1126 2674 1208 μίασμα.

415 1226 562 1291 Καὶ
605 1221 1068 1311 προςτροπὴ
1114 1226 1190 1291 δὲ
1240 1227 1352 1291 καὶ
1383 1218 1512 1309 ἄρα
1540 1217 1751 1290 ταύτὸ
1773 1230 1823 1305 *)
1867 1226 2204 1310 λέγεται.
2253 1225 2327 1291 ἐν
2369 1229 2535 1311 γοῦν
2582 1231 2677 1310 τῷ

412 1324 601 1393 κατὰ
625 1332 1112 1414 ,Κτησιφῶντος
1143 1334 1203 1408 (ξ
1235 1328 1383 1413 110)
1417 1328 1491 1392 ἐκ
1520 1324 1973 1413 παραλλήλου
2003 1329 2236 1414 τίθησι
2264 1324 2348 1392 τὰ
2379 1320 2678 1411 ὀνόματα

414 1424 460 1495 ὃ
515 1425 756 1515 ῥήτωρ.
845 1436 1075 1497 Κεῑται
1136 1432 1210 1495 δὲ
1269 1434 1472 1496 τοῦτο
1534 1427 1613 1495 τὸ
1676 1423 1889 1514 ὄνομα
1949 1432 2057 1495 καὶ
2113 1427 2297 1515 παρὰ
2342 1427 2680 1515 Δεινάρχῳ

401 1531 506 1597 ’ἐν
562 1536 662 1620 τῷ
719 1535 870 1617 περὶ
921 1534 1297 1618 Φορμισίου
1358 1525 1675 1612 ἀσεβείας.
1766 1540 1977 1600 Altera
2026 1540 2389 1623 scholiastae,
2425 1540 2683 1618 duplex:

413 1620 580 1717 ἆρα,
624 1637 803 1721 φησί,
845 1639 1145 1700 τοῦτον
1189 1635 1411 1701 ἐᾶσει
1456 1637 1579 1700 δεῖ
1623 1639 1765 1720 ζῆν
1809 1631 1950 1703 τὸν
1984 1630 2271 1701 ἑαυτοῦ
2310 1630 2682 1722 προςτρό-

412 1759 672 1803 παιον
732 1734 878 1819 (τὸν
935 1763 1048 1806 om.
1108 1746 1239 1805 Vat.
1293 1745 1478 1805 Laur.
1534 1745 1715 1820 gim),·
1784 1735 1871 1822 μὴ
1934 1734 2058 1823 γὰρ
2141 1739 2404 1823 γένοιτο
2471 1730 2681 1803 αὐτὸν

413 1840 742 1924 γενέσθαι
769 1844 887 1925 τῆς
924 1837 1206 1917 πόλεως.
1277 1836 1878 1925 προςτρόπαιός
1922 1839 2109 1911 ἐστιν,
2150 1834 2188 1904 ὁ
2237 1840 2345 1917 εἰς
2390 1836 2683 1906 ἑαυτὸν

416 1938 984 2026 ἐπισπώμενος
1028 1939 1122 2008 τὰ
1165 1939 1397 2021 κακά,
1442 1934 1610 2026 ὅπερ
1658 1942 1839 2007 ἐστὶν
1884 1941 2199 2008 ἐναντίον
2236 1946 2358 2007 τοῦ
2390 1935 2681 2029 ἀποτρό-

413 2068 651 2123 παιος,
693 2049 818 2111 τοῦ
864 2037 1376 2131 ἀποτρέποντος
1419 2041 1502 2110 τά
1536 2041 1729 2110 κακά.
1808 2041 1924 2109 Διὸ
1954 2045 2069 2108 καὶ
2101 2045 2205 2139 Διὶ
2237 2038 2683 2130 ἀποτροπαίῳ

413 2144 712 2230 θύομεν,
782 2139 1012 2214 ου’κέτι
1065 2149 1299 2231 μέντοι
1359 2149 1470 2213 καὶ
1528 2148 2014 2232 προςτροπαίω
2062 2154 2194 2214 Vat.
2238 2155 2420 2215 Laur.
2465 2155 2513 2213 F
2546 2156 2683 2230 gim.

416 2247 934 2335 προς-τρόπαιον
997 2246 1319 2336 μιαρόν,
1351 2259 1360 2266 ”
1392 2245 1868 2335 κατάρατον
1912 2257 1976 2316 Β.
2082 2256 2290 2334 Vides,
2364 2262 2684 2334 utrumque

420 2360 816 2437 interpretem
863 2366 1092 2421 textum
1137 2348 1458 2421 Aeschinis
1505 2360 1606 2419 vel
1649 2359 1866 2437 legisse
1898 2359 1997 2419 vel
2028 2359 2346 2435 legendum
2377 2361 2686 2421 censuisse

419 2463 733 2523 diversum
779 2464 853 2523 ab
901 2482 973 2524 eo
1021 2482 1200 2541 quem
1242 2482 1405 2524 nunc
1454 2462 1758 2523 habemus,
1845 2463 2057 2539 Itaque
2105 2463 2215 2522 viri
2261 2462 2422 2528 docti
2466 2465 2679 2540 partim

419 2567 595 2625 huuc
653 2567 867 2644 partim
929 2567 1094 2639 illum
1156 2566 1222 2626 in
1278 2565 1660 2626 emendanda
1720 2564 2020 2641 scriptura
2080 2566 2268 2626 secuti
2333 2570 2491 2625 sunt.
2594 2568 2683 2625 Ac

417 2668 705 2746 plerique
760 2687 836 2729 ex
894 2669 1218 2729 scholiasta
1274 2671 1638 2746 receperunt
1693 2653 1912 2726 αὑτοῦ
1958 2665 2223 2745 (Reiske‚
2269 2666 2458 2727 Bekk.
2504 2667 2683 2728 Dind.

416 2770 830 2847 Bait-Saupp.
875 2770 1137 2848 Frauke,
1181 2768 1407 2848 Bens.)‚
1452 2788 1573 2848 quo
1620 2788 1740 2829 non
1787 2787 1939 2848 opus
1984 2787 2116 2830 esse
2163 2768 2424 2829 affirmat
2467 2770 2682 2844 Bremi,

415 2891 617 2951 quum
677 2892 788 2950 per
847 2892 912 2934 se
975 2874 1477 2949 subintelligatur.
1585 2873 1666 2931 At
1730 2873 1790 2931 iu
1858 2871 2231 2932 restituendo
2299 2872 2556 2933 articulo
2623 2873 2682 2932 in

341 3022 360 3031 -
413 2979 633 3053 partes
676 2980 839 3054 eunt,
883 2995 1068 3054 quum
1115 2976 1289 3036 alteri
1331 2966 1411 3034 τὸ
1457 2975 1634 3034 aiteri
1680 2964 1805 3033 τὸν
1841 2974 2153 3052 recipiant.
2227 2975 2443 3050 Itaque,
2474 2959 2686 3036 αὐτὸν

410 3068 554 3136 τὸν
619 3075 938 3136 τοιοῦτον
1003 3064 1216 3137 αὑτοῦ
1273 3094 1386 3156 πρ.
1435 3077 1647 3155 legunt
1691 3077 1843 3136 Bait.
1885 3076 2138 3153 Saupp.,
2196 3065 2320 3133 τὸν
2365 3071 2686 3133 τοιοῦτον

411 3167 643 3238 αὑτοῦ
687 3197 801 3259 πρ.
849 3180 1094 3254 (omisso
1140 3165 1375 3252 αὐτὸν)
1421 3178 1614 3240 Bekk.
1645 3176 1825 3238 Dind.
1871 3197 2005 3238 cum
2038 3177 2303 3253 Reiskio,
2346 3162 2559 3235 αὐτὸν
2604 3166 2684 3235 τὸ

415 3279 754 3342 τοιοίτον
796 3271 1010 3341 αὑτοῦ
1054 3298 1166 3360 πρ.
1213 3281 1453 3342 Franke
1497 3283 1677 3341 Bens.
1714 3280 1938 3358 Saupp.
1985 3299 2078 3357 ep.
2122 3299 2202 3340 cr.
2247 3299 2306 3358 p.
2334 3275 2432 3358 53,
2478 3262 2687 3339 αὐτὸν

413 3375 507 3444 τὸ
567 3382 886 3445 τοιοῦτον
932 3402 1043 3464 πρ.
1092 3386 1307 3445 Bremi.
1398 3386 1489 3444 Ex
1538 3385 1752 3444 litteris
1813 3384 1926 3444 loci
1991 3382 2137 3443 nihil
2202 3382 2415 3444 confici
2472 3387 2690 3461 potest,

434 3507 630 3564 quum
663 3488 955 3548 articulus
985 3487 1158 3548 facilc
1191 3487 1466 3548 excidere
1497 3485 1778 3564 potuerit,
1808 3486 2250 3563 sive‘scriptum
2284 3489 2414 3548 erat
2443 3469 2689 3543 αὐτὸν

417 3580 576 3649 τὸν
632 3588 953 3650 τοιοῦτον
1017 3591 1144 3650 sive
1204 3573 1418 3648 αὐτὸν
1484 3579 1575 3646 τὸ
1636 3585 1970 3647 τοιοῦτον.
2030 3589 2273 3665 ‚ltaque
2332 3603 2689 3664 quaeramus
2794 3665 2807 3674 α

419 3692 504 3752 de
562 3693 1014 3769 significatione.
1101 3693 1301 3768 Atque
1360 3692 1617 3770 primum
1678 3690 1917 3768 quidem
1978 3691 2338 3764 scholiastae
2397 3691 2687 3769 iuterpre-

417 3797 577 3855 tatio
638 3796 903 3857 absurda
966 3799 1074 3855 est.
1183 3797 1364 3872 Nam,
1428 3800 1495 3854 ut
1555 3795 1848 3871 omittam,
1916 3794 2077 3870 quod
2143 3781 2686 3870 προᾲτρέπεσθαι

417 3898 686 3958 verbum
724 3916 1029 3975 nunquam
1076 3897 1190 3957 hoe
1235 3914 1413 3958 sensu
1443 3900 1795 3974 usurpatur,
1838 3901 1905 3956 ut
1942 3894 2243 3972 significet·
2269 3887 2687 3954 ἐπισπᾶσθαι

601 4132 659 4196 *)
690 4127 782 4184 Sic
817 4128 966 4184 enim
1016 4144 1139 4182 cum
1176 4127 1424 4197 Sauppio
1458 4129 1565 4196 Ep.
1601 4126 1724 4182 crit.
1762 4142 1815 4195 p.
1837 4131 1901 4181 54
1938 4126 2237 4194 legendum
2286 4141 2388 4194 pro
2434 4141 2502 4179 eo
2538 4126 2690 4193 quod

420 4215 698 4271 traditum
733 4221 820 4269 est
855 4209 1182 4284 προςτροπὴ
1222 4211 1281 4269 δὲ
1321 4208 1478 4282 παρὰ
1515 4218 1704 4267 τοῦτο.

2216 4318 2273 4366 15
