3166 4871
2530 247 2652 311 287

412 422 666 483 affectus
707 420 1040 500 descripsit.
1125 424 1456 484 Praeterea
1498 427 1718 509 autem,
1762 422 1864 482 ubi
1901 418 2273 483 necessariae
2302 422 2654 499 tragoediae

414 528 619 601 partes
664 528 1056 585 numerantur
1082 522 1172 602 ¹¹),
1216 526 1530 586 affectibus
1574 525 1775 586 nullus
1814 525 1984 585 locus
2014 525 2389 603 relinquitur,
2429 524 2653 607 pedum

410 626 473 686 in
516 627 722 703 primis
766 626 1120 688 habeantur.

585 729 741 789 Nam
787 731 898 790 etsi
942 748 1061 790 non
1106 729 1332 807 omisit,
1385 748 1526 791 raro
1582 734 1781 790 tamen
1842 746 2048 790 eorum
2105 728 2461 789 mentionem
2515 725 2661 790 fecit

415 835 476 892 et
527 834 815 908 tanquam
869 830 1313 909 praetereundo
1361 832 1575 892 leviter
1618 831 1813 908 tetigit
1838 827 1928 904 ¹²).
2013 831 2229 910 Itaque
2270 830 2657 892 Aristotelem

413 933 736 993 affectuum
782 933 1005 995 nullam
1050 935 1341 995 rationem
1386 933 1665 994 habuisse
1701 934 1838 1012 rati,
1881 934 1996 995 nisi
2039 934 2204 1012 quod
2233 951 2432 995 mores
2463 918 2657 1014 (ἤθη)

414 1035 501 1096 eis
546 1034 1023 1114 manifestantur,
1066 1035 1195 1096 falli
1240 1055 1362 1097 non
1406 1035 1697 1097 videmur.

582 1139 737 1217 Ipsis
811 1144 1010 1199 autem
1087 1139 1352 1200 moribus
1424 1137 1748 1200 secundam
1823 1139 2034 1200 tribuit
2108 1143 2359 1217 partem.
2465 1138 2657 1213 Quam

412 1240 632 1301 multus
702 1244 796 1302 est
862 1241 924 1301 in
994 1240 1269 1303 docendo
1341 1259 1413 1302 ac
1483 1239 1966 1321 comprobando,
2026 1244 2254 1319 quanto
2317 1242 2394 1302 sit
2451 1238 2658 1302 fabula

413 1342 675 1403 moribus
716 1344 1122 1421 praestantior
1148 1339 1251 1418 ¹³)!

580 1446 709 1506 Iam
764 1464 910 1507 vero
967 1446 1334 1508 contendere
1379 1446 1519 1509 licet
1561 1445 1945 1508 Aristotelem
1990 1464 2088 1524 ea,
2132 1463 2311 1524 quam
2355 1450 2655 1522 nostrates

408 1547 616 1608 ferunt
671 1550 1115 1627 pathologicam
1177 1548 1486 1626 Euripidis
1544 1548 1862 1627 virtutem,
1928 1548 2090 1608 haud
2147 1549 2236 1608 ita
2294 1547 2654 1610 delectatum

410 1667 575 1728 esse,
632 1651 914 1728 quoniam
974 1669 1203 1712 morum
1265 1651 1727 1730 descriptionem
1771 1651 1901 1712 eius
1943 1651 2139 1711 minus
2182 1650 2416 1729 probat.
2500 1653 2654 1712 Nam

411 1770 544 1813 cum
578 1751 641 1814 C.
680 1754 808 1813 XV.
852 1753 1068 1815 doceat
1110 1755 1301 1816 bonos
1346 1754 1607 1833 pictores
1652 1770 1787 1814 esse
1832 1752 2151 1814 imitandos
2177 1749 2270 1830 ¹⁴),
2314 1754 2417 1831 qui
2460 1753 2655 1815 forma

407 1857 659 1934 propria
729 1859 1184 1933 repraesentata
1262 1856 1480 1918 similes
1556 1856 1858 1934 fingentes
1931 1856 2304 1934 pulchriores
2382 1857 2655 1934 pingant,

409 1957 473 2020 O.
516 1958 685 2018 XXV
744 1964 945 2020 autem
1000 1959 1356 2038 Sophoclem
1382 1957 1458 2034 ¹⁴)
1518 1958 1900 2037 comprobet,
1956 1959 2060 2036 qui
2120 1959 2275 2020 tales
2333 1976 2399 2019 se
2455 1959 2656 2021 facere

584 2174 650 2239 ¹¹)
684 2170 745 2227 Ο.
781 2169 878 2227 VI.
916 2162 1139 2241 άνάγκη
1188 2161 1293 2227 οὖν
1336 2166 1526 2241 πάσης
1567 2168 1892 2246 τραγῳδίας
1931 2164 2082 2241 μέρη
2121 2161 2265 2226 εἶναι
2304 2162 2394 2236 ἓξ,
2441 2163 2583 2227 καθ’
2619 2164 2657 2227 ἃ

405 2251 549 2311 ποιά
581 2274 668 2321 τις
704 2249 863 2314 ἐστὶν
897 2248 933 2326 ἦ
968 2254 1285 2331 τραγῳδία·
1335 2262 1517 2312 ταῦτα
1566 2249 1618 2311 δ’
1654 2249 1780 2314 ἐστὶ
1812 2258 2005 2324 μῦθος
2036 2253 2138 2312 καὶ
2184 2249 2302 2328 ἤθη
2349 2253 2451 2312 καὶ
2500 2250 2657 2322 λέξις

406 2339 508 2398 καὶ
542 2336 768 2397 διάνοια
800 2339 902 2398 καὶ
937 2335 1075 2413 ὄψις
1107 2339 1209 2398 καὶ
1240 2339 1571 2411 μελοποιία.

585 2429 650 2495 ²²)
684 2427 745 2482 O.
781 2426 963 2483 XVII.
1010 2418 1417 2484 πιθανώτατοί
1444 2422 1558 2500 γὰρ
1604 2418 1702 2484 ἄπ’
1737 2418 1912 2500 αὐτῆς
1943 2431 2045 2499 τῆς
2079 2422 2314 2498 φύσεως
2346 2421 2402 2483 ol
2439 2421 2503 2486 ἐν
2536 2434 2659 2496 τοῖς

404 2508 663 2568 πάθεσίν
708 2509 844 2578 εἰσι,
889 2510 990 2568 καὶ
1029 2512 1312 2583 χειμαίνει
1360 2506 1393 2567 ὁ
1433 2508 1854 2584 χειμαζόμενος
1900 2510 2000 2568 καὶ
2042 2510 2380 2583 χαλεπαίνει
2427 2505 2460 2569 ὁ
2498 2506 2656 2586 σ’ργι·
2771 2570 2782 2586 ,

406 2594 654 2668 ζόμενος
688 2589 1112 2668 άληθινώτατα.
1150 2598 1212 2654 C.
1248 2598 1402 2653 XIX.
1437 2591 1562 2655 ἔστι
1600 2596 1664 2656 δὲ
1701 2593 1853 2654 κατὰ
1888 2593 1991 2669 τὴν
2026 2594 2282 2653 διάνοιαν
2316 2602 2499 2654 ταῦτα
2541 2590 2655 2655 ὅσα

404 2677 521 2739 ὑπὸ
559 2687 664 2739 τοῦ
698 2679 881 2753 λόγου
916 2686 1007 2738 δεῖ
1036 2686 1619 2755 παρασκευασθῆναι.
1652 2678 1802 2756 μέρη
1839 2681 1901 2741 δὲ
1937 2679 2164 2740 τούτων
2196 2679 2265 2739 τό
2314 2700 2379 2739 τε
2428 2675 2656 2740 άποδει-

403 2763 609 2824 κνῦναι
644 2765 748 2825 καὶ
781 2764 848 2824 τὸ
885 2764 1047 2825 λύειν
1079 2765 1182 2824 καὶ
1216 2764 1285 2825 τὸ
1322 2765 1485 2839 πάθη
1521 2765 2005 2842 παρασκευάζειν,
2041 2759 2168 2825 οἷον
2202 2761 2372 2826 ἔλεον
2405 2762 2442 2839 ἢ
2467 2764 2657 2841 φόβον

406 2848 441 2924 ἢ
478 2847 662 2925 ὀργὴν
698 2847 734 2924 ἢ
771 2844 884 2910 ὅσα
918 2858 1173 2911 τοιαῦτα.

585 2941 649 3006 ¹⁸)
683 2940 745 2995 C.
780 2938 876 2994 VI.
911 2934 1190 3009 μέγιστον
1226 2937 1287 2998 δὲ
1325 2934 1550 2996 τούτων
1582 2941 1730 3008 (τῶν
1775 2936 2100 3014 τραγῳδίας
2144 2941 2370 3011 μερῶν)
2414 2932 2574 2997 ἐστὶν
2618 2939 2653 3011 ἢ

406 3029 528 3080 τῶν
578 3018 940 3095 πραγμάτων
994 3020 1268 3090 σύστασις
1316 3068 1326 3079 .
1379 3068 1389 3079 .
1440 3068 1452 3079 .
1501 3017 1718 3080 οὔκουν
1773 3016 1933 3089 ὅπως
1985 3020 2059 3079 τὰ
2119 3016 2233 3096 ἤθη
2291 3019 2654 3095 μιμὴσωνται

404 3105 788 3180 πράττουσιν,
835 3101 982 3165 ἀλλὰ
1029 3106 1102 3165 τὰ
1153 3105 1267 3181 ἤθη
1316 3106 1928 3182 συμπεριλαμβάνουσι
1975 3104 2067 3164 διὰ
2115 3104 2216 3175 τὰς
2264 3104 2504 3180 πράξεις
2541 3150 2553 3162 .
2591 3150 2603 3163 .
2643 3150 2655 3163 .

404 3187 494 3252 ἔτι
530 3188 671 3250 ἄνευ
705 3191 817 3262 μὲν
850 3190 1120 3267 πράξεως
1155 3187 1262 3251 οὐκ
1299 3189 1370 3251 ἂν
1393 3190 1625 3266 γένοιτο
1650 3192 1960 3269 τραγῳδία,
1998 3187 2136 3249 ἄνευ
2165 3190 2227 3251 δὲ
2253 3186 2419 3264 ἠθῶν
2442 3184 2655 3263 γένοιτ’

407 3272 486 3334 α”ν
523 3321 535 3333 .
575 3322 586 3332 .
627 3321 638 3333 .
675 3273 762 3336 ἔτι
800 3274 905 3336 ἐάν
939 3298 1025 3346 τις
1060 3275 1272 3351 ἐφεξῆς
1307 3284 1387 3350 θῇ
1423 3276 1622 3351 ῥήσεις
1653 3272 1868 3351 η’θικὰς
1901 3277 2002 3335 καὶ
2037 3274 2224 3345 λέξεις
2260 3276 2360 3334 καὶ
2401 3275 2655 3344 διανοίας

408 3354 476 3419 εὖ
516 3359 934 3434 πεποιημένας,
976 3357 1098 3432 (οὔ)
1134 3361 1362 3437 ποιήσει
1399 3359 1433 3421 ὃ
1470 3357 1540 3435 ἦν
1572 3370 1673 3436 τῆς
1706 3361 2032 3439 τραγῳδίας
2066 3357 2266 3436 ἔργον,
2314 3355 2460 3420 ἀλλὰ
2506 3359 2655 3421 πολὺ

403 3452 629 3518 μᾶλλον
682 3443 715 3520 ἦ
767 3445 1250 3522 καταδεεστέρως
1297 3446 1527 3517 τούτοις
1571 3444 1900 3522 κεχρημένη
1954 3447 2277 3525 τραγῳδία,
2325 3442 2540 3520 ἔχουσα
2591 3447 2654 3508 δὲ

403 3538 603 3602 μῦθον
637 3532 737 3591 καὶ
773 3531 1052 3591 σύστασιν
1085 3531 1464 3608 πραγμάτων.
1534 3535 1686 3605 (Non
1721 3536 1958 3590 multum
1983 3534 2223 3590 interest
2243 3535 2315 3589 ad
2340 3534 2655 3592 sententiae

410 3620 544 3688 vim,
582 3625 771 3675 utrum
806 3620 1021 3675 inseras
1057 3634 1128 3675 an
1165 3621 1356 3676 deleas
1389 3621 1763 3690 negationem.
1803 3619 1874 3675 cf.
1911 3618 2283 3675 Teichmflller
2314 3621 2360 3686 Ι,
2395 3624 2657 3688 43-45.)

409 3748 421 3761 .
459 3745 474 3760 .
509 3746 523 3759 .
562 3697 708 3776 α’ρχὴ
741 3702 853 3772 μὲν
887 3696 990 3761 οὖν
1024 3703 1127 3761 καὶ
1165 3696 1291 3761 οἷον
1328 3701 1481 3776 ψυχὴ
1530 3699 1562 3760 ὃ
1607 3708 1803 3774 μῦθος
1845 3710 1945 3777 τῆς
1991 3703 2335 3781 τραγῳδίας,
2381 3701 2655 3777 δεύτερον

406 3788 469 3847 δὲ
507 3786 579 3845 τὰ
613 3782 731 3860 ἤθη
773 3833 784 3843 .
824 3833 835 3843 .
872 3790 936 3845 C.
962 3790 1086 3844 VII.
1122 3785 1390 3861 λέγωμεν
1411 3786 1562 3858 μετὰ
1587 3796 1769 3846 ταῦτα
1792 3787 1965 3846 ποίαν
1987 3786 2114 3846 τινὰ
2138 3792 2226 3846 δεῖ
2245 3789 2347 3861 τὴν
2375 3786 2655 3846 σύστασιν

406 3867 555 3931 εἶναι
599 3880 718 3929 τῶν
762 3870 1149 3946 πραγμάτων,
1197 3870 1392 3946 ἐπειδὴ
1442 3879 1614 3931 τοῦτο
1663 3873 1764 3932 καὶ
1809 3881 2045 3948 πρῶτον
2089 3873 2189 3931 καὶ
2231 3870 2512 3946 μέγιστον
2555 3880 2626 3930 τι·
2628 3896 2657 3942 ς

406 3956 730 4035 τραγῳδίας
767 3954 943 4016 ἐστίν.

584 4047 647 4112 ¹⁴)
683 4039 813 4101 ἐπεὶ
848 4043 909 4102 δὲ
945 4042 1182 4114 μίμησίς
1229 4039 1387 4101 ἐστιν
1422 4038 1454 4115 ἦ
1491 4043 1785 4121 τραγῳδία
1820 4041 2137 4117 βελτιόνων
2174 4037 2322 4118 ἡμᾶς
2355 4049 2446 4101 δεῖ
2468 4053 2655 4114 μιμεῖ-

407 4133 549 4186 σθαι
593 4126 729 4195 τοὺς
764 4123 1028 4200 ἀγαθοὺς
1074 4122 1548 4203 είκονογράφους·
1597 4129 1697 4187 καὶ
1731 4127 1845 4203 γὰρ
1897 4125 2112 4187 ἐκεῖνοι
2148 4123 2518 4197 ἀποδιδόντες
2550 4126 2655 4202 τὴν

405 4212 553 4270 ἰδίαν
585 4210 835 4287 μορφὴν,
873 4209 1115 4284 ὁμοίους
1149 4220 1465 4283 ποιοῦντες,
1499 4214 1771 4282 καλλίους
1805 4211 2154 4289 γράφουσιν.
2193 4215 2255 4271 C.
2290 4214 2470 4270 XXV.
2506 4211 2655 4287 πρὸς
