3166 4871
651 252 770 330 i34
1632 267 1891 323 Zaeher

757 457 815 523 2.
901 458 1359 526 Teu-minationis
1404 480 1548 534 αιος
1594 480 1635 522 α
1678 458 1888 541 stin-pls
1934 459 2293 541 prototypus
2334 459 2617 526 suffixum
2662 460 2781 528 eet.

994 615 1054 657 a.
1142 600 1438 658 Nomina
1478 601 1552 657 in
1596 618 1742 671 αιος
1785 615 1827 657 a
1868 600 2269 657 masculinis
2312 601 2386 657 in
2435 620 2531 674 ας,

1543 723 1623 784 ης
1665 703 1993 760 derivata.

815 814 920 881 45.
1007 821 1407 901 βορραῑος.
1498 824 1714 884 Aeseh.
1759 823 1943 883 Anth.
1985 841 2041 882 v.
2086 840 2269 901 supra
2311 843 2370 901 p.
2401 818 2500 890 20.
2546 818 2648 881 30.

818 914 1085 983 iactato
1101 943 1151 995 ς.
1237 926 1455 987 Aesoh.
1487 927 1698 1004 Suppl.
1730 922 1852 984 385
1884 926 2165 985 traditum
2199 930 2287 986 est
2312 918 2497 1003 μένει
2537 941 2645 984 τοι
2680 914 2907 1005 Ζηνὸς

648 1017 918 1085 ἱκταίου
962 1022 1251 1100 (ϊκταίου
1296 1027 1478 1101 Med.)
1525 1018 1742 1100 κότος.
1836 1027 2179 1089 Dindorfins
2223 1047 2334 1106 pro
2381 1018 2684 1106 ἱκταίου,
2735 1027 2907 1105 quod

649 1132 837 1189 metro
883 1137 1274 1210 repugnaret,
1320 1134 1585 1192 correxit
1630 1123 1879 1204 ἱκτίου,
1928 1130 2091 1209 quod
2136 1150 2172 1190 a
2215 1130 2523 1208 plerisque
2569 1131 2907 1192 editoribus

648 1239 956 1308 receptum
1004 1238 1110 1293 est.
1199 1236 1276 1294 Et
1334 1253 1480 1295 sane
1540 1234 1783 1312 quidem
1843 1234 1974 1294 eola
2025 1232 2277 1293 iambica
2319 1233 2377 1293 id
2426 1251 2618 1310 genus
2663 1233 2907 1294 duabus

650 1334 919 1394 thesibus
949 1336 1181 1396 omissis
1213 1336 1286 1408 (ψ
1315 1365 1366 1399 ..ι
1409 1364 1460 1398 .ι
1500 1383 1553 1396 ..
1579 1379 1631 1401 ψ
1655 1383 1708 1396 -
1733 1377 1784 1401 υ
1809 1382 1862 1395 ..
1886 1377 1939 1401 ψ
1968 1332 2044 1409 Ξ.)
2086 1335 2355 1396 thesibus
2368 1336 2743 1415 ,ancipitibus
2774 1354 2901 1397 non

651 1437 928 1498 videntur
971 1439 1058 1498 uti
1105 1437 1348 1513 (Christ.
1377 1444 1545 1500 metr.
1576 1439 1612 1510 ξ
1645 1435 1811 1511 393).
1899 1437 2018 1499 Sed
2064 1439 2124 1498 in
2170 1439 2298 1498 eius
2357 1438 2519 1499 modi
2579 1438 2903 1499 vocabulis

651 1539 1086 1618 diphthongum
1149 1542 1367 1620 corripi
1427 1543 1602 1602 etiam
1663 1542 1723 1602 in
1784 1542 2058 1602 thesibus
2118 1542 2316 1619 puriS‚
2375 1559 2561 1619 supra
2618 1559 2677 1619 p.
2718 1535 2755 1598 8
2809 1559 2903 1618 sq.

651 1642 921 1703 vidimus.
1008 1644 1218 1720 Itaque
1263 1646 1433 1704 utin
1478 1639 1804 1718 δείλαιος,
1863 1633 2154 1715 παλαιός
2213 1644 2300 1705 sie
2360 1644 2420 1703 in
2480 1643 2597 1704 hoe
2655 1660 2903 1721 quoque

653 1745 941 1804 vocabulo
989 1746 1205 1823 corripi
1251 1747 1465 1824 potuit.
1553 1745 1912 1824 Quanquam
1961 1765 2081 1806 non
2129 1765 2282 1822 nego
2327 1746 2533 1805 miram
2563 1762 2698 1806 esse
2726 1764 2902 1807 voea-

652 1847 774 1906 buli
823 1847 1091 1926 formam,
1135 1848 1295 1926 quod
1343 1868 1380 1909 a
1425 1849 1764 1910 nominibus
1808 1849 1868 1909 in
1914 1865 2062 1929 4ης
2108 1867 2227 1908 non
2273 1849 2465 1908 solent
2494 1847 2755 1908 derivari
2800 1848 2905 1908 ad·
2944 1831 2951 1838 ’

644 1951 871 2028 jectiva
913 1952 973 2010 in
1021 1968 1252 2021 -ταιος,
1340 1951 1454 2013 Sed
1502 1970 1623 2011 non
1672 1952 1864 2011 minus
1908 1950 2237 2011 inauditam
2266 1949 2519 2011 formam
2547 1950 2906 2011 Dindorfius

651 2051 956 2113 substituit
1001 2045 1228 2133 ἵκτιος,
1273 2053 1416 2132 quia
1461 2052 1665 2114 suffixi
1711 2070 1774 2112 ιο
1821 2072 1936 2131 ope
1985 2073 2058 2113 ex
2106 2043 2323 2134 ἱκέτης
2368 2071 2487 2113 non
2518 2055 2716 2130 potuit
2746 2052 2905 2114 deri-

653 2155 779 2213 vari
826 2156 938 2215 nisi
984 2147 1248 2226 ἱκέσιος.
1340 2156 1739 2232 Quamobrem
1786 2157 2008 2216 reetius
2052 2156 2345 2216 retinetur
2406 2154 2903 2233 quod‘traditum

654 2261 760 2316 est.
859 2249 978 2318 Ad‘
1011 2257 1262 2318 formam
1317 2260 1619 2320 insolitam
1677 2251 2020 2336 fingendam
2076 2261 2259 2337 poeta
2303 2257 2643 2335 euphoniae
2702 2258 2907 2319 studio

656 2364 961 2434 permotus
1008 2378 1138 2421 esse
1183 2362 1454 2422 videtur:
1516 2361 1756 2434 „noluit
1785 2347 2087 2440 ‘'lm-0009
2140 2361 2371 2438 dicere,
2431 2361 2575 2438 quia
2628 2362 2911 2440 sequitur

563 2454 571 2459 ⁴
655 2480 770 2520 vox
816 2463 876 2522 in
923 2479 997 2533 ος
1040 2466 1395 2524 terminata“
1443 2466 1646 2525 Herm.

825 2564 1328 2625 σπαθιναῐαι
1387 2573 1634 2628 auetore
1690 2568 1876 2628 schol.
1935 2566 2047 2644 Ap.
2091 2566 2201 2626 Rh.
2234 2564 2304 2644 4,
2353 2564 2470 2624 175
2529 2567 2908 2628 vocabantur

656 2669 815 2727 cervi
876 2669 1121 2746 quidam
1175 2670 1350 2730 etiam
1412 2655 1740 2749 ἁχαιινέαι
1797 2671 2013 2732 vocati.
2114 2670 2465 2730 Derivatum
2520 2673 2612 2729 est
2656 2689 2692 2729 a
2737 2681 2905 2729 σπα·

659 2762 893 2847 θίνηςι
933 2772 1101 2831 Eust.
1146 2792 1203 2850 p.
1236 2770 1390 2855 711:
1460 2762 1546 2832 Τὰ
1609 2765 1680 2832 δὲ
1742 2766 1961 2831 τέλεια
2018 2756 2145 2830 οὐκ
2205 2757 2371 2831 ἄλλο
2432 2788 2497 2830 τι
2556 2757 2597 2850 ἢ
2644 2761 2906 2846 ἔλαφοι,

658 2864 714 2928 εἰ
755 2861 843 2951 μὴ
892 2859 1021 2953 ἄρα
1076 2865 1142 2932 οἱ
1196 2859 1488 2953 ἆχαιίναι
1553 2870 1669 2934 καὶ
1733 2867 1799 2933 οὶ
1859 2869 2190 2934 σπαθίναι
2247 2862 2627 2953 λεγόμενοι,
2680 2859 2912 2956 ἡλικίᾳ

659 2968 791 3031 τινὶ
835 2954 1293 3057 διαφέρουοιν,
1337 2964 1378 3057 ἢ
1427 2971 1585 3037 εἴδει
1629 2965 1672 3057 ἢ
1718 2967 2030 3058 κεράτων
2075 2965 2360 3057 ἰδιότητι
2403 2969 2519 3034 καὶ
2560 2969 2847 3054 μεγέθει.

1065 3115 1119 3174 A
1165 3118 1582 3179 nominibus
1625 3115 1956 3196 propriis
2000 3113 2502 3176 descendunt:

827 3199 1292 3290 Ἀπελλαῖος
1352 3221 1568 3280 mensis
1627 3219 1772 3296 quin
1843 3218 1920 3278 ab
1977 3216 2259 3294 Apolline
2316 3233 2529 3277 nomen
2589 3216 2916 3293 acceperit,

659 3334 777 3376 non
839 3324 930 3380 est
989 3321 1252 3383 dubium.
1366 3321 1482 3384 Sed
1557 3340 1678 3383 non
1744 3324 1949 3398 potest
2014 3320 2349 3380 derivatum
2408 3336 2540 3381 esse
2611 3337 2648 3378 a
2718 3317 2912 3378 forma

657 3402 1019 3502 Batinum,
1077 3425 1208 3501 sed,
1272 3427 1338 3484 ut
1391 3425 1532 3485 mihi
1575 3424 1844 3503 videtur,
1901 3424 1977 3485 ab
2023 3406 2431 3501 Ἀπελλᾶς,
2489 3440 2611 3499 quo
2670 3420 2914 3481 nomine

658 3510 940 3587 traditum
975 3526 1217 3603 quidem
1261 3545 1382 3587 non
1427 3529 1520 3586 est
1563 3527 1678 3587 nisi
1721 3527 1993 3588 homines
2023 3544 2156 3588 esse
2185 3525 2543 3603 appellatos,
2584 3522 2688 3584 sed
2719 3523 2914 3600 ipsius

658 3629 756 3689 dei
800 3647 1016 3689 nomen
1062 3628 1291 3705 pridem
1355 3628 1540 3690 fuisse
1599 3630 1891 3706 suspicor.
1979 3628 2066 3689 Cf.
2102 3621 2454 3686 Ποσειδῶν
2499 3629 2560 3687 et
2595 3617 2912 3695 Ποτιδᾶς.

831 3726 1130 3811 Γυγαίη
1189 3726 1387 3811 λίμνη
1443 3733 1503 3792 in
1559 3731 1759 3810 Lydia
1812 3732 1985 3792 Hom.
2044 3732 2109 3790 ll.
2154 3725 2224 3807 2,
2268 3726 2424 3807 865,
2466 3728 2613 3790 Hdt.
2648 3727 2715 3806 1,
2745 3723 2828 3785 93
2877 3746 2917 3788 a

660 3836 831 3911 Gyge
857 3835 1091 3912 'procul
1138 3835 1319 3895 dubio
1367 3834 1770 3896 denominata.

818 3923 1652 4018 Ἑρμαῖος,Ἑρματον,
1704 3924 2027 4015 Ἑρμαία
2085 3933 2228 3997 inde
2287 3935 2365 3996 ab
2426 3934 2688 4015 Homero
2747 3932 2916 4010 apud
3032 3958 3043 3971 ·

655 4059 864 4121 omnes
896 4042 1134 4118 usitata,
1174 4041 1447 4102 derivata
1476 4060 1512 4100 a
1545 4043 1855 4101 contracto
1875 4026 2112 4118 Ἑρμῆς
2142 4038 2241 4099 vel
2276 4024 2533 4117 Ἑρμᾶς.
2607 4022 2917 4116 Ἑρμαῖος

657 4142 1022 4220 adjectivum
1068 4148 1161 4203 est
1204 4146 1264 4202 et
1308 4161 1523 4203 nomen
1568 4144 1911 4221 proprium3
1958 4130 2236 4221 ἑρμαῑον
2283 4139 2359 4201 de
2397 4140 2567 4201 luero
2606 4140 2917 4216 insperato

659 4244 776 4306 diei
823 4251 1029 4307 notum
1074 4250 1184 4306 est.
