3166 4871
1115 239 1204 294 De
1237 238 1442 294 nomin.
1476 238 1537 294 in
1571 225 1737 305 -αιοξ,
1805 242 1840 307 8
1876 244 1959 295 43.
2586 243 2699 308 131

457 437 647 499 quum
707 418 944 495 legibus
1001 418 1460 479 consonantium
1525 417 1945 479 mutandarum
2008 435 2160 497 quas
2215 435 2501 479 vocamus
2559 419 2708 482 laut-

455 521 904 600 verschiebung
949 522 1398 600 exspectaveris
1464 520 1621 581 leavi.
1722 520 2085 583 Sanscritico
2143 524 2343 582 autem
2398 535 2558 595 qaus
2614 539 2708 583 re·

459 624 726 702 spondet
767 643 859 702 gr.
902 620 1086 703 βοῦς,
1128 643 1308 701 quam
1355 609 1658 685 consonae
1702 625 2090 685 mutationem
2131 641 2277 684 sane
2308 623 2522 683 mirum
2552 627 2712 685 esset

455 729 522 788 in
558 723 642 807 γῆ
686 745 806 787 non
851 744 989 788 esse
1031 726 1266 805 factam,
1308 726 1358 787 si
1400 728 1477 788 ab
1506 727 1716 788 eodem
1746 730 2070 805 prototypo
2114 725 2510 787 descenderet
2547 724 2709 800 (nam

453 815 839 908 Άμφὶβαιος
857 875 876 902 ,
946 829 1106 908 quod
1168 830 1439 908 Neptuni
1512 828 1675 908 apud
1734 828 2078 907 Cyrenaeos
2138 847 2465 907 cognomen
2525 826 2709 890 fuisse

459 937 672 995 narrat
699 932 956 993 'Paetzes
1000 931 1077 992 ad
1107 931 1412 1011 Lycophr.
1445 926 1588 1011 749,
1631 932 1733 992 vix
1779 933 2095 1009 quisquam
2124 928 2507 1004 adhibuerit).
2592 929 2710 995 Sed

454 1035 610 1098 illud
669 1035 1030 1100 vocabulum
1089 1034 1352 1095 indicum
1415 1036 1654 1096 omnino
1715 1053 1837 1095 non
1896 1034 2152 1095 debebat
2211 1033 2515 1112 adhiberi,
2572 1037 2708 1094 nam
2832 1033 2837 1040 ”

433 1155 641 1199 'nemo
711 1157 914 1199 rerum
972 1137 1308 1198 indicarum
1368 1138 1469 1198 vel
1532 1137 1748 1198 leviter
1809 1138 2038 1216 peritus
2099 1137 2322 1215 nescit,
2383 1154 2561 1215 quam
2622 1134 2709 1198 nli

453 1245 676 1326 poetae
721 1241 1097 1318 captaverint
1138 1240 1542 1320 metaphoras,
1587 1242 1647 1299 et
1693 1257 1815 1300 uno
1845 1239 2174 1316 eodemque
2205 1238 2502 1300 vocabulo
2531 1256 2711 1317 saepe

456 1343 539 1406 ad
597 1362 697 1405 res
749 1342 1182 1404 diversissimas
1241 1342 1615 1403 denotandas
1674 1342 1766 1402 usi
1826 1343 1964 1403 sint.
2066 1343 2148 1403 Ut
2202 1341 2499 1402 vocabulo
2556 1356 2712 1418 qaus

457 1465 584 1509 non
647 1446 824 1506 modo
884 1445 1180 1524 quidquid
1241 1445 1527 1506 bubulum
1583 1447 1676 1506 est
1734 1443 2120 1522 designatur,
2177 1446 2245 1505 ut
2290 1462 2462 1522 caro,
2518 1444 2713 1532 pellis,

457 1550 710 1628 corium,
752 1549 964 1627 lorum,
1009 1566 1254 1627 nervus,
1308 1547 1415 1609 sed
1461 1548 1642 1609 etiam
1685 1551 1866 1625 astra,
1910 1547 2160 1626 coelum,
2203 1547 2315 1626 sol,
2357 1546 2518 1623 luna,
2559 1547 2712 1608 lucis

456 1652 645 1731 radii,
689 1651 937 1730 fulmen,
981 1656 1171 1730 terra,
1213 1669 1391 1729 aqua,
1435 1651 1705 1729 loquela,
1749 1651 2026 1729 loquelae
2073 1651 2188 1712 dea
2234 1653 2295 1712 ct
2338 1651 2527 1711 multa
2571 1650 2708 1727 alia,

459 1774 618 1834 quae
660 1755 869 1816 videas
915 1757 975 1815 in
1023 1756 1139 1814 lex.
1171 1754 1475 1833 Petropol.
1560 1755 1777 1832 Itaque
1820 1772 1930 1831 per
1974 1771 2192 1814 meram
2236 1753 2533 1814 licentiam
2571 1770 2710 1830 poe·

458 1858 637 1919 ticam
682 1861 743 1918 et
767 1857 1194 1936 metaphoram
1236 1872 1392 1932 qaus
1431 1875 1544 1934 pro
1582 1861 1748 1917 terra
1777 1856 2001 1917 dictum
2032 1858 2142 1934 est,
2185 1861 2252 1916 ut
2282 1839 2503 1933 dhinu,
2546 1854 2710 1933 quod

459 1963 523 2021 et
566 1961 761 2037 ipsum
805 1978 1054 2021 vaccam
1099 1958 1429 2037 significat3
1487 1978 1609 2037 quo
1655 1958 1921 2037 accedit,
1981 1958 2145 2036 quod
2184 1972 2340 2033 qaus
2383 1957 2471 2018 sic
2513 1958 2576 2019 in
2621 1975 2710 2017 re·
2783 1991 2791 1999 ·

460 2062 835 2124 centioribus
879 2066 1113 2124 tantum
1157 2062 1343 2141 libris,
1402 2062 1640 2123 Manuis
1684 2062 1936 2140 legibus,
1979 2060 2412 2122 Mahabharato
2457 2060 2547 2136 aL,
2589 2077 2709 2121 non

459 2167 522 2227 in
568 2164 799 2227 vedicis
842 2168 1197 2242 usurpatum
1244 2168 1352 2226 est.
1438 2163 1842 2239 Quamobrem
1885 2163 2214 2224 absurdum
2241 2166 2383 2241 -est,
2427 2181 2515 2240 gr.
2555 2167 2711 2240 γαῖα
2748 2161 2754 2167 ’
2839 2162 2852 2174 ”

459 2269 537 2329 ab
581 2269 685 2330 illo
727 2283 887 2343 qaus
932 2267 1224 2328 derivare.
1308 2268 1554 2329 Rectius
1602 2267 1853 2328 fortasse
1898 2267 2072 2328 Plato
2109 2265 2236 2345 jam
2281 2283 2490 2326 verum
2536 2263 2711 2344 vidit,

459 2372 567 2449 qui
614 2370 839 2451 Cratyl.
868 2366 991 2427 410
1015 2371 1065 2430 Β
1109 2374 1285 2449 γαῖα,
1330 2370 1538 2449 inquit,
1579 2358 1976 2451 γεννήτειρα
2020 2354 2105 2428 ἂν
2152 2361 2251 2450 εἴη
2316 2351 2550 2449 ὀρθῶς
2606 2384 2708 2426 κε·

461 2467 789 2554 κλημένη,
852 2458 946 2544 ὥς
1006 2484 1212 2552 φησιν
1258 2456 1540 2552 Ὅμηρος
1559 2485 1572 2498 ·
1627 2462 1708 2532 τὸ
1750 2462 1876 2553 γὰρ
1934 2460 2208 2551 γεγάασι
2269 2466 2709 2553 γεγεννῆσθαι

461 2570 660 2656 λέγει.
748 2576 804 2637 A
844 2575 1047 2637 radice
1089 2590 1170 2651 qa
1211 2576 1462 2654 gignere
1506 2574 1865 2637 vocabulum
1914 2578 2198 2651 repetunt
2240 2566 2415 2635 etiam
2446 2571 2710 2634 Doeder-

461 2680 623 2741 linns
652 2679 838 2757 gloss.
869 2674 1011 2756 242,
1056 2679 1292 2739 Pottius
1321 2679 1422 2741 EF
1453 2678 1529 2757 ΙΙ,
1560 2675 1619 2757 4,
1648 2673 1749 2757 31,
1786 2676 2014 2740 Goebel
2042 2678 2199 2738 Nov.
2227 2675 2341 2751 Qu.
2373 2673 2438 2736 7:
2471 2675 2711 2737 Curtius

464 2784 561 2845 Et.
591 2801 649 2845 n.
686 2777 805 2840 132
846 2782 1114 2842 incertus
1158 2786 1248 2842 est
1290 2780 1446 2841 hanc
1488 2798 1566 2840 an
1612 2780 1772 2841 illam
1816 2779 2125 2857 praeferat
2168 2780 2539 2840 sententiam.

638 2886 733 2946 Ex
790 2886 971 2963 pleno
1031 2884 1330 2945 vocabulo
1390 2880 1474 2962 γῆ
1534 2880 1622 2961 γᾶ
1679 2883 2125 2945 descenderunt
2191 2881 2466 2973 derivata
2522 2868 2712 2960 γήιος

461 2977 671 3069 γάιος,
713 3006 772 3048 ν.
815 3005 1001 3065 supra
1043 3006 1101 3064 p.
1135 2982 1273 3046 119.

638 3083 749 3152 43.
835 3095 977 3169 ματ
986 3106 1055 3162 α
1098 3092 1399 3167 μαμμαῑ
1408 3104 1467 3146 α
1541 3091 1706 3164 μαῖα
1745 3086 1987 3166 proprie
2016 3085 2316 3165 significat
2343 3088 2611 3164 matrem,
2653 3090 2715 3146 et

468 3212 504 3254 6
547 3189 640 3272 μᾶ
655 3238 672 3272 ,
716 3193 1076 3271 perantiquo
1120 3191 1413 3251 vocabulo
1457 3177 1969 3269 ὑποκοριστικῷ
2012 3188 2292 3263 (lallwort
2333 3188 2485 3249 bene
2536 3189 2717 3248 vocat

464 3293 663 3374 Fick)‚
692 3313 815 3373 quo
845 3294 1015 3355 liberi
1046 3296 1294 3355 matrem
1326 3292 1771 3371 compellabant
1800 3290 1990 3369 (quod
2034 3294 2314 3369 superest
2357 3308 2452 3368 ap.
2493 3289 2714 3351 Aesch.

465 3398 677 3476 suppr
707 3393 851 3457 890.
882 3391 1005 3456 899
1047 3392 1139 3474 μᾶ
1165 3392 1248 3475 γᾶ
1275 3392 1366 3475 μᾶ
1395 3392 1501 3474 γᾶ,
1546 3393 1623 3456 of.
1665 3374 1723 3453 ὦ
1751 3391 1849 3453 πᾶ
1879 3391 2013 3454 Ζεῦ
2057 3393 2134 3454 ib.
2174 3388 2316 3454 892.
2360 3388 2505 3471 901,
2549 3392 2714 3472 quod

466 3521 547 3561 ex
575 3498 965 3561 Valckenarii
1007 3499 1358 3578 conjectura
1400 3501 1762 3585 receperunt
1805 3496 2010 3558 Herm.
2041 3495 2220 3557 Dind.
2264 3493 2461 3569 Weil.)
2507 3494 2713 3556 eadem

466 3604 702 3671 ratione
746 3602 1079 3664 derivatum
1097 3646 1115 3681 ,
1172 3620 1296 3680 qua
1316 3602 1329 3615 ’
1351 3619 1428 3662 ex
1471 3598 1736 3663 eiusdem
1782 3601 2020 3677 generis
2064 3599 2303 3659 nomine
2344 3586 2570 3677 μάμμα
2615 3595 2715 3671 (cf.

465 3695 793 3777 κάκκας,
868 3698 1093 3777 τέττα)
1156 3697 1411 3784 μαμμία
1472 3702 1604 3777 (Ar.
1664 3702 1810 3781 Lys.
1858 3697 2001 3762 879.
2064 3696 2213 3773 890)
2272 3704 2338 3762 et
2395 3692 2711 3778 μαμμαίᾳ.

466 3810 684 3886 Itaque
727 3807 1019 3885 Hesycha
1062 3813 1255 3885 ματα·
1300 3795 1559 3885 πατρὸς
1605 3798 1718 3864 καὶ
1759 3794 2009 3885 μητρὸς
2051 3794 2298 3883 μήτηρ,
2343 3806 2405 3864 et
2444 3802 2715 3863 similiter

469 3913 672 3972 Eust..
725 3899 950 3990 τήθην
995 3900 1063 3969 οἱ
1090 3893 1406 3989 Ἕλληνες
1448 3897 1576 3988 τὴν
1627 3898 1885 3987 πατρὸς
1935 3893 1976 3986 ἢ
2017 3896 2266 3986 μητρὸς
2307 3899 2594 3987 μητέρα,
2649 3896 2715 3965 οἱ

471 4008 544 4073 δὲ
587 4007 865 4074 παλαιοὶ
908 3996 1173 4092 ἀκύρους
1202 4000 1470 4090 μάμμην
1499 4004 1616 4069 καὶ
1642 4015 1864 4088 μαῖαν.
1954 3997 2224 4090 μάμμην
2263 3998 2390 4089 γὰρ
2432 3991 2715 4068 Αττικοὶ

469 4109 586 4175 καὶ
628 4110 969 4195 μαμμαὶαν
1011 4105 1142 4195 τὴν
1183 4108 1434 4196 μητέρα
1476 4109 1781 4173 καλοῦσι.
1860 4112 2165 4175 Iamblich.
2206 4130 2262 4173 ν.
2291 4111 2469 4190 Pyth.
2504 4107 2602 4187 11,
2632 4106 2714 4168 56

471 4238 532 4297 .p
568 4216 714 4279 114:
756 4208 885 4298 τὴν
926 4209 1137 4278 παῖδα
1180 4209 1258 4277 ἐκ
1302 4208 1571 4276 παίδων
1617 4207 1984 4291 cardonam)
2024 4204 2198 4275 κατὰ
2241 4204 2369 4293 τὴν
2402 4201 2714 4292 Δωρικήν
