3166 4871
587 271 706 334 198

580 441 887 522 σκῆπτρα
933 433 1206 520 ἔχοντας
1252 435 1564 502 εἰσιέναι“
1616 443 1689 504 cf.
1734 443 1918 503 schol.
1962 436 2132 520 λέγει
2194 429 2231 500 ὃ
2291 431 2410 510 τὰς
2462 428 2823 518 θεατρικὰς

579 538 878 624 ἱστορίας
940 534 1327 623 συγγράψας
1387 543 1440 618 (J
1453 544 1590 616 uba)
1649 535 1757 603 διὰ
1815 540 2022 603 τοῦτο
2077 550 2219 615 τοῖς
2273 549 2823 621 τριταγωνισταῖς

578 637 697 717 τὰς
778 631 1165 724 ὑποκρίσεις
1237 641 1380 705 τῶν
1457 636 2011 706 δυναστευόντων
2075 639 2514 723 παρέχεσθαι,
2592 629 2819 723 ἐπειδὴ

576 730 786 828 ἧττον
830 742 967 808 ἐστὶ
1016 732 1366 826 παθητικὰ
1411 743 1526 806 καὶ
1579 736 1991 827 ὑπέρογκα).
2077 749 2491 825 Tritagonista
2534 751 2729 807 autem
2761 748 2819 807 in

582 870 764 913 scena
824 852 952 912 fere
1012 852 1176 911 nullo
1222 855 1352 911 erat
1412 869 1660 912 numero
1720 853 2167 928 primatumque
2226 851 2412 910 actori
2471 850 2823 910 auctoritate

585 954 835 1018 multum
885 953 1153 1014 cedebat.
1240 952 1373 1026 Quo
1419 971 1666 1013 munere
1712 952 1960 1013 functus
2006 956 2100 1012 est
2131 953 2461 1013 Aeschines
2504 957 2565 1012 et
2607 953 2820 1012 iterum

583 1058 921 1133 iterumque
968 1074 1006 1115 a
1049 1055 1451 1116 Demosthene
1504 1056 1946 1133 perstringitur,
1990 1055 2153 1132 quod
2212 1056 2268 1115 in
2317 1059 2449 1115 arte
2492 1053 2822 1114 histrionali

580 1157 831 1236 gradum
880 1161 999 1217 tam
1061 1157 1378 1234 ignobilem
1440 1158 1702 1217 tenuerit
1758 1175 1957 1234 neque
2001 1158 2061 1216 in
2125 1158 2394 1217 altiorem
2453 1154 2823 1216 ascenderit.

580 1260 635 1319 d.
666 1279 786 1320 cor.
821 1263 940 1320 129
981 1256 1154 1332 (270)
1203 1290 1328 1327 ,,-
1356 1248 1480 1317 τὸν
1511 1248 1726 1317 καλὸν
1757 1242 2124 1336 ἀνδριάντα
2152 1254 2269 1317 καὶ
2298 1242 2824 1337 τριταγωνιστὴν

583 1348 800 1441 άκρον
841 1393 926 1402 -
936 1361 1086 1421 “ib.
1119 1365 1242 1424 209
1274 1359 1478 1434 (297);
1524 1354 1663 1439 ,ἐμὲ
1710 1354 1802 1433 δὲ,
1848 1352 1905 1419 ῶ
1948 1350 2453 1439 τριταγωνιστά,
2497 1353 2654 1438 περὶ
2682 1354 2823 1417 τῶν

577 1457 982 1543 πρωτείων.
1066 1509 1078 1520 .
1092 1463 1237 1522 “ib.
1270 1467 1411 1540 265,
1458 1467 1577 1525 267
1614 1460 1814 1537 (315);
1869 1452 2403 1542 ,ἐγραμμάτευες
2447 1452 2579 1539 ἐγω
2623 1445 2748 1521 δ”
2709 1479 2820 1542 ηκ-

579 1560 966 1645 κλησίαζον,
1020 1558 1625 1643 ἐτριταγωνίστεις,
1684 1556 1815 1643 ἐγω
1870 1550 1928 1625 ‹5'
1975 1555 2324 1644 ἐθεώρουν
2378 1596 2465 1606 —
2516 1549 2823 1642 πονηρὸν

581 1656 749 1727 ὄντα
791 1662 905 1727 καὶ
943 1662 1230 1747 πολίτην
1273 1662 1386 1726 καὶ
1429 1657 1998 1746 τριταγωνιστήν“
2052 1668 2123 1728 cf.
2167 1670 2244 1728 ib.
2279 1672 2401 1730 262
2447 1666 2654 1744 (314);
2699 1666 2755 1726 d.
2784 1664 2822 1725 f.

580 1771 617 1830 l.
651 1774 774 1832 246
806 1769 1002 1848 (418),
1033 1774 1153 1832 337
1187 1768 1380 1845 (449),
1414 1775 1538 1832 200
1569 1767 1765 1844 (403).
1798 1806 1879 1815 -
1911 1769 2168 1848 Operam
2200 1772 2446 1830 navavit
2474 1769 2822 1844 Aeschines,

580 1873 863 1950 quamdiu
895 1873 1129 1933 fabulas
1160 1875 1297 1950 egit,
1342 1873 1664 1934 Theodoro
1712 1878 1772 1934 et
1800 1872 2180 1933 Aristodemo
2213 1872 2599 1933 histrionibus
2628 1869 2823 1942 (Dem.

579 1975 635 2034 d.
665 1974 701 2034 f.
734 1976 771 2035 1.
804 1980 925 2038 246
974 1974 1174 2049 (418);
1228 1964 1619 2053 ,,Θεόδωρος
1662 1970 1773 2033 καὶ
1819 1960 2295 2053 Ἀριστόδημος,
2341 1961 2442 2046 οἷς
2496 1957 2696 2044 οὗτος
2736 1961 2822 2031 τὰ

577 2072 770 2155 τρίτα
812 2071 1031 2155 λέγων
1074 2071 1441 2136 διετέλεσεν
1487 2078 1616 2135 —.“
1704 2077 2048 2138 Notandum
2095 2084 2205 2156 est,
2248 2077 2469 2137 nullius
2511 2076 2818 2137 tertiarum

579 2181 798 2240 actoris
858 2198 1072 2241 nomeu
1139 2181 1457 2240 memoriae
1518 2197 1651 2239 esse
1717 2180 1997 2239 traditum
2067 2181 2179 2240 nisi
2235 2178 2570 2240 Aeschinis.
2675 2179 2819 2237 'Pra-

575 2282 955 2359 goediarum,
1013 2283 1070 2342 in
1119 2282 1336 2359 quibus
1380 2283 1710 2342 Aeschines
1768 2283 1976 2342 tertias
2031 2283 2250 2359 egerit,
2307 2297 2821 2358 personarumque

574 2383 839 2461 ipsarum
887 2384 1180 2445 nonnulla
1224 2403 1261 2444 a
1306 2385 1714 2445 Demosthene
1770 2389 2309 2445 commemorantur
2355 2385 2625 2445 nomina:
2681 2382 2735 2442 d.
2779 2381 2819 2441 f.

574 2488 612 2546 l.
644 2490 766 2547 246
814 2484 993 2559 (418)
1041 2486 1339 2546 inimicum
1385 2485 1791 2562 reprehendit,
1839 2485 2001 2563 quod
2048 2488 2106 2546 in
2154 2487 2425 2547 oratione
2464 2486 2822 2546 Timarchea

573 2589 772 2648 locum
837 2586 1136 2665 quendam
1200 2605 1233 2646 e
1276 2587 1580 2648 Phoenice
1636 2588 1962 2665 Euripidea
2016 2588 2390 2665 desumptum
2455 2589 2821 2663 recitaverit3

579 2690 695 2749 hac
738 2691 897 2750 enim
945 2691 1006 2750 in
1052 2690 1280 2761 fabula,
1334 2708 1366 2750 e
1413 2708 1535 2767 qua
1579 2707 1789 2750 versus
1834 2708 1975 2750 suos
2036 2692 2415 2767 prompserit,
2460 2691 2819 2751 Aeschinem

576 2811 883 2869 nunquam
928 2796 1133 2870 partes
1177 2793 1386 2869 egisse,
1433 2793 1660 2870 quippe
1706 2811 1887 2869 quum
1921 2812 1958 2852 a
1987 2792 2309 2854 Theodoro
2342 2798 2401 2854 et
2443 2792 2819 2853 Aristodemo

574 2895 794 2973 quibus
856 2895 1186 2955 Aeschines
1254 2895 1463 2955 tertias
1514 2894 1736 2973 egerit,
1800 2911 2121 2972 numquam
2174 2897 2253 2955 sit
2316 2900 2482 2973 acta,
2552 2878 2818 2967 „Avu-

572 2984 816 3075 γόνην
862 2990 943 3056 δὲ
987 2988 1510 3072 Σοφοκλέους
1552 2985 1883 3068 πολλάκις
1923 2989 2045 3074 μὲν
2093 2982 2448 3075 θεόδωρος
2495 2984 2821 3066 πολλάκις

571 3091 642 3157 δὲ
672 3081 1138 3177 Αριστόδημος
1166 3085 1622 3175 υποκέκριται,
1667 3090 1741 3157 ἐν
1784 3092 1824 3176 ᾖ
1850 3094 2268 3178 πεποιημένα
2309 3090 2571 3176 ἰαμβεῖα
2599 3094 2841 3168 καλῶς·

575 3193 689 3258 καὶ
718 3191 1203 3279 συμφερόντως
1246 3185 1403 3279 υμῖν
1448 3187 1775 3272 πολλάκις
1819 3186 2023 3273 αὐτὸς
2053 3190 2332 3280 εἰρηκώς
2375 3195 2490 3260 καὶ
2534 3185 2819 3278 ἀκριβῶς

569 3292 1082 3380 ἐξεπιστάμενος
1139 3296 1527 3380 παρέλιπεν.
1577 3334 1658 3343 -
1704 3299 1923 3363 ταῦτα
1979 3298 2217 3364 τοίνυν
2258 3296 2333 3362 ἐν
2375 3299 2474 3383 τῷ
2534 3291 2817 3380 δράματι

566 3389 798 3483 τούτῳ
832 3399 1199 3482 σκέψασθε,
1246 3392 1284 3463 ὃ
1329 3398 1606 3482 Κρέων
1651 3399 2023 3487 Αἰσχίνης
2054 3394 2165 3465 οἶα
2212 3400 2428 3484 λέγων
2454 3400 2818 3485 πεποίηται

568 3502 668 3583 τῷ
711 3503 959 3585 ποιητῇ
992 3551 1005 3565 .
1043 3552 1055 3565 .
1093 3505 1142 3563 .“
1182 3507 1255 3566 ib.
1303 3510 1420 3566 337
1479 3508 1681 3580 (449):
1734 3540 1851 3580 „—-
1900 3502 1957 3567 εἰ
2002 3493 2113 3567 ὅτε
2159 3501 2281 3586 μὲν
2322 3493 2416 3566 τὰ
2464 3501 2817 3568 Θυέστου

566 3600 678 3665 καὶ
724 3603 867 3666 τῶν
912 3599 1042 3666 ἐπὶ
1096 3603 1334 3691 Τροίᾳ
1377 3599 1581 3668 κακὰ
1624 3594 1988 3690 ἠγωνίζετο
2032 3612 2152 3651 -—“
2206 3610 2262 3670 d.
2307 3630 2429 3671 cor.
2477 3614 2598 3672 180
2643 3609 2816 3684 (288)

571 3738 708 3783 „—-
752 3703 822 3768 σὲ
869 3703 942 3769 δὲ
985 3694 1137 3788 μηδ’
1180 3697 1371 3789 ἥρωα
1413 3701 1537 3769 τὸν
1580 3701 1888 3791 τυχόντα,
1944 3698 2121 3772 ἀλλὰ
2160 3701 2433 3772 τούτων
2476 3701 2632 3771 τινὰ
2672 3707 2817 3771 τῶν

565 3794 701 3869 άπὸ
730 3806 851 3891 τῆς
882 3809 1143 3892 σκηνῆς,
1175 3802 1697 3892 Κρεσφόντην
1728 3801 1770 3892 ἢ
1803 3809 2162 3892 Κρέοντα
2191 3801 2232 3893 ἢ
2266 3800 2351 3874 ὃν
2377 3806 2451 3873 ἐν
2483 3807 2814 3892 Κολλυτῷ

563 3930 730 3973 ποτε
782 3903 1185 3992 Οἰνόμαον
1228 3912 1451 3986 κακῶς
1492 3907 1854 3994 ἐπέτριψας
1888 3962 1899 3974 .
1935 3962 1946 3974 .
1986 3962 1997 3973 .
2032 3919 2109 3978 ib.
2143 3922 2262 3979 267
2297 3914 2499 3990 (315):
2552 3948 2670 3989 „—
2700 3902 2817 3987 τὰς

563 4005 785 4096 ῥήσεις
829 4000 907 4088 ἃς
951 4009 1338 4095 ἐλυμαίνου,

773 4106 979 4191 ‚5me
1025 4117 1288 4196 νεκρῶν
1331 4117 1697 4198 κευθμῶνα
1741 4114 1852 4179 καὶ
1898 4110 2147 4181 σκότου
2191 4106 2441 4191 achia&
2522 4116 2629 4179 καὶ

769 4218 1261 4302 »Κακαγγελι-ῑν
1301 4217 1428 4301 μὲν
1475 4216 1619 4283 ἴσθι
1661 4214 1752 4302 μὴ
1801 4209 2093 4283 θέλοντά
2132 4224 2276 4302 με·“
