3166 4871
980 325 1068 380 De
1105 326 1313 380 nomin.
1346 326 1407 379 in
1443 343 1608 390 ·αιος.
1678 328 1712 392 s
1749 328 1830 379 72.
2444 331 2566 392 199

321 495 401 563 ab
443 520 567 562 una
618 502 948 580 eademque
995 503 1227 581 radice,
1286 522 1464 581 quam
1517 502 1701 564 fuisse
1747 508 1984 580 oportet
2025 502 2232 562 levare.
2323 504 2415 563 De
2458 503 2573 565 hac

319 604 525 666 radice
572 624 730 683 quae
760 604 1057 683 siguificat
1098 604 1401 685 torquere3
1443 606 1709 684 volvere,
1751 606 2078 684 involvere,
2108 604 2358 684 eiusque
2387 606 2574 685 stirpe

319 707 446 785 agit
473 707 625 767 Fick
658 708 706 786 1,
738 704 878 767 542.
951 709 1089 769 Huc
1133 710 1288 769 enim
1335 710 1596 788 pertinet
1639 696 1869 787 κύρβις
1914 709 2192 769 columna
2234 726 2389 787 quae
2420 712 2573 770 verti

321 814 542 888 potest,
587 805 917 890 κυρβασία
963 812 1134 891 tiara,
1178 800 1444 892 κορυφή
1492 829 1777 871 cacumen
1827 816 2035 871 vertex
2080 808 2356 890 (wirbel)‚
2400 801 2573 891 κρώ-

320 929 485 971 κιον
528 912 674 991 falx,
716 903 1067 993 κρωβύλος
1111 914 1350 994 schopf‚
1407 914 1554 991 alia,
1613 914 1714 974 lat.
1759 912 1990 987 corbiS,
2049 911 2396 993 cucurbita,
2452 919 2575 992 got.

320 1014 636 1075 hvairban.
739 1016 953 1093 Itaque
1011 1010 1295 1096 κυρβαίη
1352 1013 1526 1094 μᾶζα
1591 1016 1830 1077 videtur
1895 1014 2234 1093 significare
2302 1035 2575 1094 massam,

322 1136 482 1196 quae
524 1118 928 1198 pmagitatur,
988 1119 1437 1196 circumagitur,
1499 1119 1807 1194 miscetur,
1850 1121 1917 1178 ut
1962 1136 2074 1178 nos
2120 1118 2396 1197 dicimus,
2454 1120 2570 1180 den

319 1220 447 1298 teig
491 1221 845 1297 umruhren,
905 1225 973 1282 ut
1016 1219 1222 1281 eadem
1267 1220 1395 1281 fere
1440 1219 1793 1297 significatio
1851 1220 2092 1293 evadat,
2150 1239 2306 1298 quae
2368 1224 2461 1281 est
2512 1221 2572 1282 in

320 1322 547 1384 Suidae
590 1317 901 1403 κυρκαίη.
987 1324 1153 1384 Nihil
1197 1322 1546 1383 mutandum
1593 1322 1654 1383 iu
1685 1340 1900 1383 versus
1926 1321 2116 1383 forma
2146 1322 2384 1400 qualem
2414 1324 2575 1385 vitae

323 1426 704 1487 Herodoteae
748 1426 985 1487 codices
1028 1426 1280 1509 tradunt
1341 1425 1523 1486 multo
1570 1424 2012 1514 quamxSuidae
2069 1425 2346 1503 meliore,
2384 1420 2575 1487 'cuius

321 1527 713 1605 imperativus
757 1547 968 1607 parum
1016 1530 1315 1589 consentit
1359 1545 1493 1589 cum
1537 1527 1937 1604 praecedente
1969 1533 2090 1607 opt.
2121 1520 2220 1607 εἴη
2252 1531 2312 1589 et
2354 1546 2466 1605 per
2508 1547 2575 1589 se

319 1631 564 1708 ineptus
609 1636 715 1692 est.
795 1630 1018 1692 Sensus
1064 1635 1184 1692 est:
1229 1649 1466 1709 semper
1510 1650 1547 1691 a
1592 1634 1819 1691 mactra
1848 1631 2163 1707 proveniat
2192 1648 2391 1692 massa
2418 1631 2573 1692 bene

320 1734 562 1810 agitata.
650 1732 1024 1812 Quamquam
1082 1752 1203 1794 non
1261 1753 1414 1812 nego
1473 1735 1534 1793 in
1594 1733 1886 1810 ejusmodi
1949 1734 2214 1794 carmine
2273 1734 2575 1819 populari,

323 1836 495 1897 cuius
553 1837 771 1897 multas
833 1836 1104 1898 diversas
1163 1837 1385 1898 formas
1445 1836 1814 1897 circumferri
1858 1836 2062 1897 solitas
2106 1839 2574 1896 consentaneum

323 1942 442 2017 est,
505 1938 764 1999 eundem
822 1958 1061 2000 versum
1123 1941 1299 2000 etiam
1355 1940 1474 1998 alia
1518 1938 1712 1999 forma
1755 1956 1884 1999 esse
1932 1942 2261 2016 cantatum,
2317 1938 2575 1999 fortasse

322 2047 444 2100 tam
490 2039 750 2119 diversa,
796 2046 862 2102 ut
902 2060 1117 2103 versus
1152 2042 1314 2121 apud
1345 2040 1589 2102 Suidam
1629 2058 1889 2118 sequens
1902 2084 1919 2119 ‚
1962 2042 2063 2118 qui
2108 2041 2171 2101 in
2217 2041 2573 2102 sententiam

324 2144 477 2203 bene
523 2142 808 2223 quadrat,
853 2145 1031 2205 etiam
1078 2144 1154 2204 ad
1203 2144 1452 2205 formam
1497 2146 1676 2221 aptus
1720 2147 1894 2205 esset.
1979 2143 2096 2203 Hic
2140 2143 2322 2219 igitur
2366 2161 2576 2204 versus

324 2264 398 2305 ex
429 2245 551 2307 alio
584 2246 841 2323 quodam
875 2248 1137 2307 carmine
1171 2246 1434 2308 eiusdem
1466 2246 1823 2323 sententiae,
1864 2244 1971 2306 sed
2004 2244 2165 2306 haud
2197 2245 2577 2306 mediocriter
2642 2308 2649 2315 ,

325 2349 599 2410 diversae
646 2351 888 2428 formae,
934 2353 1208 2428 sumptus
1253 2367 1384 2410 esse
1428 2347 1687 2408 videtur.
1729 2377 1814 2389 —
1859 2340 2160 2429 Κυρβαίη
2190 2348 2371 2425 igitur
2401 2367 2575 2409 voca·

325 2453 528 2513 bulum
574 2453 995 2531 perantiquum
1043 2458 1101 2514 et
1147 2452 1401 2513 dialecto
1449 2452 1631 2512 alicui
1674 2451 1982 2530 proprium
2032 2469 2165 2512 esse
2211 2452 2504 2513 existimo.

499 2553 832 2634 λογατος
876 2556 1067 2617 Strab.
1118 2553 1169 2634 1,
1215 2552 1327 2615 59:
1372 2550 1498 2613 νῦν
1540 2548 1667 2632 μὲν
1708 2539 1966 2633 γέφυρά
2010 2545 2193 2613 ἐστιν
2235 2540 2277 2632 ἡ
2325 2542 2576 2613 συνάπ·

322 2669 537 2716 τουσα
563 2642 779 2737 αὐτὴν
809 2648 970 2736 (τὴν
983 2647 1155 2738 πρὸς
1179 2645 1650 2736 Συρακούσαις
1670 2652 1905 2735 νῆσον)
1931 2644 2103 2735 πρὸς
2125 2645 2252 2735 τὴν
2274 2642 2577 2736 ἤπειρον·

321 2747 667 2838 πρότερον
712 2753 784 2819 δὲ
826 2756 1049 2838 χῶμα,
1099 2744 1192 2830 ὥς
1235 2772 1442 2839 φησιν
1475 2745 1804 2832 Ἴβυκος,
1867 2752 2147 2837 λογαίου
2195 2752 2433 2832 λίθου,
2493 2741 2576 2817 ὃν

321 2859 522 2920 καλεῖ
564 2852 905 2921 ἐκλεκτόν.
995 2860 1348 2940 Legendum
1396 2879 1527 2921 esse
1571 2866 1826 2939 apparet
1869 2844 2054 2919 οὕτω
2099 2853 2171 2919 δὲ
2216 2859 2411 2918 καλεῖ
2451 2848 2578 2918 τὸν

323 2953 665 3023 ἐκλεκτόν.
755 2964 852 3025 Sic
898 2963 1122 3024 dictum
1168 2967 1342 3041 putat
1401 2962 1614 3024 Strabo
1674 2966 1742 3023 ut
1797 2957 2055 3041 νεηνίαι
2114 2951 2390 3040 λογάδες
2434 2961 2577 3022 Hdt.

322 3066 369 3145 1,
417 3062 517 3125 36.
607 3049 913 3145 Ἀργείων
958 3057 1022 3124 οἱ
1064 3060 1266 3144 χίλιοι
1313 3054 1589 3144 λογάδες
1633 3065 1824 3125 Thuc.
1856 3064 1912 3141 5,
1956 3059 2058 3140 67,
2101 3065 2174 3124 al.
2260 3062 2377 3124 Sed
2422 3063 2575 3123 idem

323 3167 670 3246 significare
715 3167 971 3245 videtur,
1024 3168 1187 3245 quod
1236 3162 1424 3226 λίθοι
1470 3156 1748 3245 λογάδες
1791 3183 1889 3244 ap.
1931 3167 2111 3226 Paua.
2157 3163 2214 3242 7,
2257 3160 2359 3241 22,
2403 3161 2451 3222 3·
2504 3155 2578 3221 ἐν

331 3269 592 3350 Φαραῖς
622 3265 694 3329 δὲ
726 3262 800 3329 ἐν
830 3267 930 3349 τῷ
961 3255 1143 3329 ἄλσει
1177 3259 1400 3345 βωμὸς
1429 3263 1653 3327 λίθων
1684 3257 1997 3347 λογάδων
2026 3259 2186 3340 ἐστί,
2229 3268 2264 3327 i.
2289 3285 2341 3327 e.
2371 3284 2404 3327 e
2432 3267 2579 3344 lapi-

326 3373 501 3434 dibus
564 3391 685 3432 non
750 3373 1058 3450 quadratis
1121 3389 1319 3450 neque
1385 3372 1505 3432 alio
1577 3369 1835 3447 quodam
1906 3369 2082 3429 modo
2148 3369 2417 3430 formatis
2482 3368 2579 3430 vel

325 3476 563 3554 dolatis,
607 3494 804 3553 neque
850 3494 926 3534 ex
970 3474 1312 3553 lapicidinis
1350 3475 1547 3534 allatis
1578 3471 1686 3534 sed
1718 3471 2069 3533 informibus
2099 3475 2285 3549 atque
2316 3471 2581 3550 rudibus,

326 3597 397 3639 ex
464 3578 693 3656 campis
755 3577 856 3638 ubi
918 3578 1135 3654 passim
1174 3577 1385 3655 jacent
1428 3576 1697 3637 collectis
1742 3573 1931 3653 (quod
1978 3576 2229 3635 Romani
2276 3574 2580 3635 vocabant

326 3699 482 3757 opus
526 3681 838 3756 incertum,
883 3680 953 3742 Ο.
977 3679 1214 3757 Mnller,
1257 3678 1495 3740 Handb.
1527 3678 1586 3738 d.
1616 3677 1798 3739 Arch.
1829 3677 1864 3749 ξ
1891 3673 2036 3756 269,
2064 3672 2162 3757 2);
2206 3677 2397 3738 Thuc.
2421 3674 2477 3754 4,
2508 3674 2578 3736 4:

325 3778 441 3842 καὶ
502 3772 1005 3880 ἐγχειρήσαντες
1067 3770 1485 3861 εἰργάζοντο,
1554 3769 1822 3861 σιδήρια
1875 3774 1999 3857 μὲν
2058 3769 2392 3859 λιθουργὰ
2449 3795 2579 3838 ουκ

328 3877 628 3964 ἔχοντες,
687 3873 984 3964 λογάδην
1029 3878 1101 3944 δὲ
1147 3878 1470 3962 φέροντες
1517 3876 1788 3956 λίθους,
1842 3876 1956 3940 καὶ
1999 3876 2443 3961 ξυνετίθεσαν
2486 3868 2580 3952 ὡς

329 3975 617 4047 ἕκαστόν
662 4003 727 4046 τι
772 3981 1143 4067 ξυμβαίνοι,
1190 3985 1263 4046 cf.
1296 3986 1374 4045 id.
1414 3983 1473 4063 4,
1518 3983 1619 4044 31.
1664 3981 1722 4064 6,
1751 3981 1852 4045 66.
1939 3984 2095 4045 Hinc
2125 3983 2319 4046 Suis:
2365 3972 2580 4061 Λογά-

329 4086 485 4170 δην,
530 4081 918 4160 ἐπιλέκτους.
1003 4082 1419 4166 Θουκυδίδης
1464 4076 1522 4146 δ’
1526 4133 1539 4146 .
1631 4076 1921 4165 Σιδήρια
1951 4131 2160 4147 .....
2207 4080 2576 4165 ξυμβαίνοι.

329 4186 461 4252 Καὶ
491 4180 774 4271 λογάδες
811 4186 1017 4252 λίθοι.
1077 4175 1181 4251 Ἐκ
1210 4179 1521 4269 λογάδων
1549 4183 1772 4249 λίθων
1801 4175 2203 4267 ἐκτισμένος.
2250 4180 2580 4260 τουτέστι,

329 4291 469 4353 τῶν
536 4278 832 4353 εὐτελῶν
896 4288 1010 4353 καὶ
1072 4290 1351 4372 μικρῶν.
1461 4293 1555 4353 Ab
1618 4292 1923 4370 Hesychio
1986 4279 2186 4369 λογάς
2248 4287 2580 4368 explicatur
