3166 4871
542 288 666 350 302

546 483 673 524 mos
721 466 946 525 exstitit
990 465 1341 526 obsecrandi
1388 486 1459 525 ac
1503 466 1758 543 rogandi
1805 485 1915 543 per
1944 468 2153 544 genios
2183 466 2431 526 aliorum
2464 465 2784 535 hominum,

541 569 796 645 primum
833 568 1090 629 fortasse
1121 570 1563 646 imperatorum,
1610 568 1822 629 deinde
1869 571 2045 630 etiam
2091 571 2360 647 aliorum,
2402 587 2555 647 quos
2600 568 2784 628 ceteri

543 667 733 747 pluris
779 670 1174 731 aestimabant
1231 690 1302 731 ac
1350 672 1808 732 venerabantur.
1898 673 1981 732 ita
2024 673 2300 732 Tibullus
2346 671 2452 743 (IV
2485 674 2540 743 5,
2570 673 2632 738 8)
2680 671 2784 731 Oe·

544 772 803 833 rinthum
867 792 1121 851 puerum
1194 793 1304 851 per
1375 775 1613 851 genium
1681 775 1958 852 implorat
2026 794 2098 836 ac
2170 775 2415 852 parasiti
2482 773 2784 834 dominum

540 875 888 951 saepissime
944 877 1184 950 qenium
1239 875 1566 954 appellant.
1653 876 1757 936 sed
1808 877 1903 936 hic
1950 896 2076 937 mos
2123 896 2256 937 mox
2317 876 2390 935 ab
2448 876 2785 936 hominibus

542 976 729 1055 magis
795 977 1048 1037 eruditis
1109 978 1417 1056 neglectus
1477 984 1536 1037 et
1595 978 1758 1055 apud
1801 980 2060 1039 rusticos
2116 983 2343 1038 tantum
2404 979 2658 1038 usitatus
2700 978 2783 1038 vi-

541 1079 717 1140 detur
797 1079 996 1142 fuisse.
1106 1100 1238 1140 nam
1305 1082 1621 1142 Petronius
1689 1082 2002 1142 libertinos
2073 1086 2300 1142 tantum
2373 1100 2483 1158 per
2544 1082 2783 1157 genium

541 1183 925 1259 implorantes
989 1188 1170 1260 atque
1234 1184 1605 1244 obtestantes
1667 1183 1835 1261 facit,
1897 1190 1962 1244 ut
2024 1204 2072 1244 c.
2122 1188 2225 1245 62:
2284 1185 2495 1259 qenios
2554 1189 2785 1242 vestros

543 1286 738 1344 iratos
800 1283 1084 1358 habeam,
1148 1304 1195 1343 c.
1250 1291 1360 1348 74:
1417 1287 1506 1346 ita
1562 1289 1805 1361 yenium
1864 1303 2056 1346 meum
2110 1288 2448 1362 propitium
2510 1284 2781 1358 habeam,
2824 1320 2832 1328 -

544 1407 594 1447 c.
628 1390 741 1449 37:
788 1389 1059 1462 iquoscet
1102 1389 1248 1447 mihi
1287 1390 1511 1464 qenins
1557 1394 1713 1462 tuuS,
1763 1408 1810 1448 c.
1847 1394 1925 1451 75
1972 1389 2239 1450 Scintilla
2282 1389 2782 1450 Trimalchionem

538 1505 659 1565 per
727 1492 966 1564 qoniam
1048 1492 1179 1549 eius
1258 1492 1470 1549 Gaium
1546 1493 1912 1565 appellando
1989 1509 2214 1567 roqare
2273 1496 2489 1567 coepit.
2607 1492 2783 1551 etiam

543 1592 676 1651 aliis
720 1591 886 1668 locis,
929 1592 1148 1669 quibus
1193 1594 1407 1670 genius
1448 1593 1702 1652 alicuius
1749 1599 2261 1674 commemoratur,
2305 1599 2363 1654 et
2392 1612 2509 1654 non
2543 1594 2782 1671 quidem

545 1713 581 1753 a
627 1694 1033 1754 deierantibus
1094 1699 1197 1755 aut
1241 1696 1625 1773 rogantibus,
1685 1714 1921 1773 semper
1982 1696 2047 1755 fit
2090 1697 2164 1755 ab
2209 1696 2544 1756 hominibus
2590 1697 2786 1755 minus

543 1796 814 1856 eruditis.
901 1797 984 1856 ita
1029 1816 1078 1857 c.
1112 1801 1188 1857 21
1245 1797 1388 1856 dicit
1420 1798 1718 1871 Quartilla
1758 1800 2070 1858 meretrix:
2116 1799 2299 1858 etiam
2331 1799 2599 1858 dormire
2626 1796 2788 1857 vobis

543 1900 603 1958 in
660 1904 855 1958 mente
911 1908 1038 1970 est,
1104 1917 1235 1959 cum
1299 1901 1520 1959 sciatis
1565 1900 1785 1974 Priapi
1841 1902 2021 1974 qem‘o
2075 1901 2466 1974 perviqilium
2519 1899 2725 1960 deberi
2740 1902 2788 1974 Ζ),

542 2020 590 2062 c.
637 2006 717 2064 53
782 2000 1244 2062 Trimalchionis
1307 2004 1612 2061 actuarius
1673 2004 1922 2063 recitat:
1994 2003 2389 2062 Mithridates
2453 2018 2661 2063 servus
2726 2004 2789 2061 in

542 2119 784 2164 crucem
827 2108 1003 2163 actus
1063 2108 1185 2177 est,
1248 2106 1392 2178 quia
1460 2105 1572 2163 Gai
1630 2106 1827 2194 nostri
1883 2108 2061 2179 qenio
2107 2104 2553 2177 malediaeerat,
2610 2123 2656 2163 c.
2706 2109 2784 2165 57

544 2207 862 2266 Hermeros
923 2207 1172 2267 libertus
1232 2207 1409 2283 genio
1473 2206 1693 2267 domini
1772 2209 1996 2286 gratias
2063 2208 2198 2284 agit.
2306 2208 2478 2268 etiam
2540 2207 2787 2267 aliorum

544 2310 901 2385 scriptorum
952 2309 1097 2385 loci,
1158 2313 1547 2386 quotcunque
1595 2309 1826 2388 inveni,
1886 2311 1961 2370 ab
2025 2311 2136 2370 hac
2196 2310 2615 2370 observatione
2667 2329 2784 2370 non

544 2410 824 2472 videntur
884 2410 1225 2472 abhorrere.
1311 2412 1420 2488 ita,
1477 2417 1543 2472 ut
1605 2430 1798 2490 pauca
1857 2413 2097 2472 afferam
2154 2413 2461 2490 exempla,
2521 2412 2791 2490 Caligula

544 2515 761 2573 taratros
805 2514 1044 2572 honesti
1088 2515 1321 2573 ordinis
1367 2516 1796 2587 condemnavit,
1844 2517 2005 2588 quod
2046 2532 2344 2589 nunquam
2388 2532 2507 2589 per
2548 2516 2790 2590 yenium

543 2633 715 2674 suum
776 2616 1148 2676 deierassent
1204 2613 1390 2688 (Suet.
1453 2617 1578 2677 Cal.
1623 2614 1755 2692 27),
1799 2617 2027 2677 Seneca
2073 2616 2191 2695 (ep.
2242 2622 2352 2693 12,
2396 2616 2460 2689 2)
2521 2618 2786 2676 villicum

546 2737 655 2796 per
736 2719 973 2796 genium
1038 2718 1258 2778 domini
1321 2719 1614 2778 iurantem
1677 2719 1850 2790 facit,
1914 2720 2074 2796 apud
2138 2720 2475 2779 Iuvenalem
2540 2720 2623 2792 (11
2683 2718 2789 2794 98)

546 2820 818 2882 minister
864 2823 1020 2882 iurat
1069 2838 1192 2897 per
1235 2822 1530 2881 ,lunonem
1592 2821 1831 2882 domini.
1920 2824 2092 2882 etiam
2137 2824 2234 2882 lex
2280 2824 2336 2882 in
2389 2823 2622 2901 Ulpiani
2670 2822 2792 2900 dig.

546 2925 658 2983 XII
701 2930 766 3001 2,
820 2930 921 3002 13,
970 2928 1005 2985 6
1067 2922 1147 2997 (si
1191 2925 1327 2999 quis
1388 2926 1681 2984 iuraverit
1744 2925 1804 2983 in
1865 2940 1937 2983 re
1970 2926 2347 2999 pecuniaria
2382 2941 2505 2999 per
2546 2926 2791 2999 qenium

540 3027 846 3101 principis
907 3027 1063 3086 dare
1115 3042 1184 3086 se
1243 3043 1362 3086 non
1424 3033 1713 3101 oportere
1772 3033 1828 3086 et
1888 3029 2257 3100 peieraverit
2317 3072 2330 3085 .
2384 3072 2397 3085 .
2460 3029 2792 3102 imperator

547 3137 747 3188 noster
793 3145 924 3189 cum
961 3135 1149 3202 patre
1193 3129 1522 3202 rescripsit
1557 3127 1829 3204 fustibus
1858 3144 1990 3187 eum
2019 3129 2439 3203 castiqandum
2468 3126 2790 3200 dimittere)

546 3236 704 3291 certe
780 3251 896 3292 non
960 3230 1036 3291 ad
1099 3231 1364 3291 homines
1424 3231 1660 3290 honesti
1726 3229 1829 3291 sed
1892 3231 2190 3291 inferioris
2252 3231 2478 3292 ordinis
2540 3235 2789 3308 spectat.

544 3334 692 3393 alios
741 3333 903 3394 locos
948 3334 1171 3393 omitto.

631 3519 666 3590 ἓ
701 3525 757 3580 4.
828 3522 929 3576 De
977 3520 1395 3587 quibusdam
1439 3521 1665 3577 verbis
1711 3520 2042 3589 singulari
2083 3521 2291 3577 modo
2333 3520 2703 3589 usurpatis.

719 3640 918 3699 Pauca
977 3642 1088 3699 iam
1151 3641 1362 3701 addam
1428 3640 1502 3700 de
1565 3643 1985 3701 nonnullorum
2035 3641 2427 3719 singularium
2475 3641 2789 3701 verborum

548 3762 689 3812 usu,
750 3743 851 3820 qui
901 3743 1161 3802 Petronii
1208 3745 1488 3822 proprius
1534 3750 1658 3822 est,
1719 3744 1825 3804 sed
1887 3746 1945 3803 in
2004 3744 2277 3804 omnibus
2324 3744 2455 3804 libri
2503 3745 2793 3822 partibus,

552 3865 667 3905 uon
716 3850 943 3906 tantum
992 3846 1049 3904 in
1093 3847 1183 3924 iis,
1228 3865 1382 3923 quae
1428 3848 1711 3906 rusticum
1761 3865 2092 3906 sermonem
2138 3865 2284 3923 prae
2330 3865 2395 3907 se
2439 3847 2658 3918 ferunt,
2706 3848 2789 3906 in·

552 3950 809 4009 venitur.
899 3948 1002 4008 sed
1050 3948 1106 4008 id
1157 3955 1362 4026 repeto
1409 3948 1645 4008 minime
1692 3949 1831 4008 mihi
1878 3951 1939 4009 in
1985 3950 2182 4010 animo
2229 3967 2360 4009 esse
2407 3949 2604 4010 omnia
2650 3969 2790 4009 enu-

548 4070 810 4127 merare,
872 4070 1027 4129 quae
1098 4052 1157 4110 in
1236 4057 1540 4111 structura
1611 4053 2040 4113 sententiarum
2116 4052 2190 4111 ab
2259 4070 2370 4112 usu
2431 4051 2789 4128 optimorum

545 4155 902 4232 scriptorum
979 4153 1343 4230 abhorrent,
1421 4155 1705 4230 quoniam
1781 4155 2107 4232 Studerus,
2174 4154 2552 4229 Ludwigius,
2622 4155 2689 4214 A.
2758 4175 2793 4214 a

547 4257 844 4318 Gucricke
924 4257 996 4317 de
1067 4256 1263 4316 multis
1325 4245 1594 4334 partibus
1664 4257 1808 4316 satis
1878 4257 1991 4316 iam
2053 4257 2492 4335 quaesiverunt.
2599 4276 2792 4335 pauca
