3166 4871
594 296 764 366 102,
917 295 926 308 “
1559 267 1566 276 ⁴
1622 289 1876 346 Zacher

761 470 916 530 Hinc
960 471 1131 546 sequi
1176 470 1315 530 mihi
1360 468 1628 548 videtur,
1672 472 1765 547 ut,
1820 469 1997 529 etiam
2042 469 2092 529 si
2137 470 2337 546 prisco
2383 469 2641 546 quodam
2685 473 2828 530 tem·

591 589 740 651 pore
782 591 904 633 non
949 571 1227 632 distincta
1271 571 1492 633 fuerint
1533 570 1753 632 suffixa
1795 587 1836 629 a
1864 575 1925 632 et
1952 575 1993 630 ἃ
2036 570 2257 648 quibus
2285 572 2593 632 abstracta¹
2615 571 2830 633 forma·

591 676 812 736 bantur
855 693 892 735 a
934 674 1161 736 suffixis
1205 690 1246 732 a
1289 678 1349 735 et
1392 679 1433 732 ἃ
1477 678 1759 735 concreta
1804 673 2170 753 notantibus,
2214 677 2274 734 et
2308 674 2449 735 licet
2477 673 2761 735 suffixum
2791 681 2832 735 ΐι

591 780 852 855 utraque
894 777 1332 855 significatione
1378 795 1454 838 ex
1483 792 1524 835 a
1553 776 1858 855 quondam
1900 781 2106 837 natum
2150 778 2245 857 sit,
2287 780 2485 838 tamen
2518 782 2586 839 ut
2614 780 2833 840 ceteris

590 879 934 941 nationibus
979 880 1068 940 sic
1111 879 1359 940 Graecis
1403 878 1544 940 inde
1588 879 1660 939 ab
1706 899 1777 941 eo
1821 883 2105 958 tempore,
2149 898 2270 955 quo
2302 898 2339 939 a
2368 880 2585 941 ceteris
2613 881 2831 942 disces-

589 985 828 1060 serunt,
877 979 1064 1042 infixa
1105 980 1289 1042 fuerit
1331 982 1510 1059 plane
1555 982 1795 1043 diversa
1835 982 2047 1042 horum
2094 981 2443 1044 suffixorum
2487 985 2723 1061 natura,
2765 987 2834 1043 nt

593 1086 653 1143 in
700 1085 934 1145 Graeca
977 1083 1218 1162 quidem
1265 1085 1474 1174 lingua
1517 1104 1639 1146 non
1670 1084 1934 1162 potuerit
1964 1085 2265 1146 abstracta
2284 1085 2551 1148 „nominis
2578 1085 2832 1147 alicuius

591 1188 754 1249 notio
821 1206 895 1247 ex
963 1193 1246 1248 concreta
1311 1187 1570 1248 derivari
1633 1206 1707 1248 ea
1764 1207 1886 1265 qua
1945 1187 2287 1249 Lobeckius
2348 1190 2523 1267 putat
2581 1187 2832 1249 ratione.

592 1289 709 1350 Sed
770 1295 1040 1351 veterum
1103 1295 1164 1351 et
1228 1310 1264 1350 a
1325 1291 1646 1351 maioribus
1706 1291 1817 1351 sibi
1886 1291 2265 1368 traditorum,
2329 1289 2524 1352 forma
2580 1291 2834 1368 parium,

591 1392 1023 1470 significatione
1054 1393 1454 1454 differentium
1486 1394 1915 1455 vocabulorum
1947 1395 2136 1454 secuti
2179 1393 2512 1471 analogiam
2542 1381 2835 1455 vocabula
2920 1463 2929 1468 ‚

592 1496 720 1556 sive
765 1497 1011 1572 antiqua
1053 1496 1182 1556 sive
1226 1495 1300 1556 ab
1344 1495 1491 1575 ipsis
1533 1495 1830 1557 fabricata
1872 1496 1933 1557 in
1979 1512 2017 1556 o
2064 1497 2402 1557 desinentia
2454 1501 2517 1557 ct
2557 1498 2834 1557 concreta

595 1599 820 1659 utentia
878 1598 1337 1676 significatione,
1398 1603 1623 1660 mutata
1681 1600 1879 1660 vocali
1934 1598 2122 1678 finali,
2182 1603 2363 1676 prout
2404 1599 2686 1660 voluntas
2731 1601 2837 1659 aut

593 1701 878 1778 loquendi
924 1702 1251 1762 necessitas
1310 1702 1570 1781 ferebat,
1628 1707 1733 1763 aut
1787 1699 1864 1762 ad
1910 1701 2071 1763 aliud
2116 1720 2309 1780 genus
2351 1705 2583 1763 tantum
2641 1707 2835 1763 trans-

593 1803 890 1882 ferebant,
929 1809 1169 1865 servata
1199 1805 1441 1865 notione
1473 1810 1773 1883 concreta,
1816 1811 1922 1865 aut
1949 1804 2250 1868 abstracta
2279 1804 2585 1866 donabant
2612 1803 2833 1881 signifi-

593 1907 858 1967 catione:
920 1907 1067 1985 quin
1126 1908 1302 1968 etiam
1363 1907 1519 1968 hanc
1575 1907 1695 1968 illis
1753 1907 2245 1986 significationem
2304 1907 2703 1986 injungebant
2756 1925 2834 1966 ne

591 2028 815 2088 genere
860 2008 1098 2087 quidem
1147 2014 1391 2072 mutato.
1477 2011 1697 2088 Neque
1740 2014 1940 2072 tamen
1985 2011 2164 2088 plane
2215 2009 2465 2071 eandem
2519 2011 2836 2087 utriusque

591 2112 1029 2173 abstractorum
1075 2115 1289 2175 classis
1334 2114 1741 2175 condicionem
1787 2132 1917 2174 esse
1962 2132 2039 2175 ex
2083 2115 2369 2192 exemplis
2402 2132 2585 2191 supra
2612 2130 2834 2191 propo·

590 2215 721 2275 sitis
779 2215 1094 2292 intelligas.
1195 2217 1349 2277 Nam
1409 2218 1469 2276 in
1530 2232 1605 2286 ος
1673 2215 1910 2294 quidem
1985 2217 2308 2277 terminata
2363 2216 2670 2278 abstracta
2728 2216 2832 2276 vix

588 2317 893 2396 invenias,
950 2336 1106 2396 quae
1164 2318 1596 2396 significatione
1661 2323 1891 2379 tantum
1936 2323 2165 2379 mutata
2209 2337 2284 2379 ex
2328 2318 2640 2397 adjectivis
2682 2317 2834 2379 deri·

590 2423 733 2481 vata
776 2420 908 2498 sint,
953 2420 1059 2482 sed
1105 2422 1302 2483 omnia
1346 2421 1508 2500 quod
1553 2420 1790 2483 videam
1837 2422 1915 2482 ab
1959 2423 2103 2500 ipsis
2149 2421 2449 2484 radicibus
2481 2423 2608 2483 sive
2638 2421 2837 2483 verbis

592 2523 776 2583 ducta
820 2527 978 2600 sunt,
1023 2529 1086 2583 ct
1127 2525 1456 2602 barytonOs
1485 2526 1907 2605 pronuntiata,
1936 2529 1996 2585 et
2024 2526 2074 2587 si
2106 2543 2261 2602 quae
2291 2524 2595 2602 adjectiva
2625 2524 2834 2585 eadem

591 2626 784 2686 forma
827 2626 904 2686 ab
947 2626 1154 2688 iisdem
1200 2626 1504 2688 radicibus
1549 2627 1732 2688 ducta
1775 2633 1931 2705 sunt,
1976 2646 2049 2688 ea
2092 2627 2325 2688 finalem
2373 2631 2617 2706 acuunt,
2664 2631 2729 2688 ut
2757 2628 2835 2687 ab

590 2729 714 2788 illis
774 2728 1218 2791 discernantur:
1286 2749 1408 2808 qua
1473 2735 1759 2792 accentus
1820 2731 2196 2809 diversitate,
2256 2748 2434 2808 quam
2494 2729 2836 2791 Lobeckins

581 2831 708 2908 jam
753 2831 1176 2894 animadvertit
1219 2834 1415 2894 Paral.
1462 2830 1583 2891 340
1616 2852 1765 2913 sqq„
1809 2834 2042 2895 Graeca
2084 2834 2291 2912 lingua
2325 2852 2459 2894 cum
2489 2833 2838 2894 sanseritica

592 2935 918 3012 conspirat.
1003 2937 1214 3012 Itaque
1258 2935 1559 2997 abstracta
1604 2940 1745 2997 sunt
1784 2925 2000 3015 αἶθος,
2044 2927 2249 3009 ἔλεος,
2292 2932 2537 3015 μῶκος,
2583 2929 2837 3014 σίφλος,

595 3030 904 3110 τέτανος,
964 3027 1253 3116 κόμπος,
1310 3035 1540 3118 γῦρος,
1583 3018 1830 3118 ὦχρος,
1871 3028 2180 3118 βράγχος,
2223 3027 2490 3116 τρόχος,
2535 3037 2837 3116 adJectiva

591 3127 811 3213 αἰθός,
856 3130 1056 3214 ἔλεός,
1097 3131 1325 3219 μωκός
1355 3147 1467 3203 cet.
1554 3141 1845 3203 Suffixum
1891 3157 1928 3199 o
1972 3140 2174 3220 igitur,
2218 3141 2456 3218 quoties
2498 3139 2574 3201 ad
2607 3158 2835 3201 mascu-

593 3242 716 3327 lina
773 3243 1074 3304 abstracta
1132 3244 1446 3305 formanda
1502 3244 1850 3320 adhibetur,
1909 3261 2145 3320 semper
2201 3247 2321 3321 est,
2379 3242 2543 3321 quod
2599 3248 2838 3321 vocant,

599 3345 964 3422 primarium.
1052 3346 1245 3406 Etiam
1289 3348 1351 3407 in
1400 3347 1513 3406 hac
1543 3365 1612 3408 re
1643 3346 1847 3424 lingua
1891 3364 2115 3407 sanscr.
2151 3346 2466 3407 consentit.
2506 3347 2699 3424 Bopp.
2728 3346 2840 3406 Kr.

594 3445 696 3506 Gr.
735 3446 771 3515 ἓ
803 3443 1005 3525 575,4.
1053 3443 1252 3526 584‚1.
1326 3449 1552 3511 Suffixo
1585 3455 1625 3508 ᾶ
1654 3454 1850 3510 autem
1880 3448 2133 3528 prinium
2165 3449 2405 3527 quidem
2437 3450 2575 3510 item
2607 3467 2641 3511 e
2681 3447 2837 3508 radi·

594 3548 768 3608 cibus
813 3547 1164 3609 derivantur
1208 3551 1506 3613 abstracta
1547 3551 1908 3631 plerumque
1953 3556 2218 3629 oxytona
2259 3553 2318 3612 in
2365 3570 2406 3631 η
2452 3549 2546 3625 (ιιι
2585 3552 2649 3612 in
2691 3551 2835 3629 ling.

592 3667 816 3710 sanscr.
845 3651 1037 3729 Bopp.
1068 3651 1104 3711 1.
1122 3653 1159 3713 l.
1186 3650 1328 3733 575,
1365 3653 1483 3733 15),
1528 3674 1782 3731 quorum
1815 3656 1987 3733 quasi
2020 3654 2333 3716 couterina
2363 3659 2507 3716 sunt
2534 3653 2836 3733 adjectiva

593 3754 719 3814 sive
774 3754 1012 3816 omnino
1071 3756 1311 3816 nomina
1369 3763 1653 3817 concreta
1710 3758 1770 3817 in
1831 3773 1906 3826 ος
1961 3756 2170 3818 eodem
2229 3757 2364 3818 loco
2423 3761 2558 3818 orta
2600 3760 2662 3817 et
2703 3757 2838 3834 ipsa

592 3859 887 3934 oxytona:
950 3840 1182 3937 ἇρωγή
1239 3843 1529 3939 ἀρωγός,
1588 3844 1730 3939 ᾠδή
1783 3843 2038 3933 ἀοιδός,
2095 3848 2268 3939 μονή
2310 3847 2546 3939 μόνος,
2603 3848 2833 3936 κλοπή

592 3947 869 4033 κλοπάς,
905 3950 1153 4039 πομπή
1198 3949 1486 4039 πομπάς,
1532 3951 1753 4042 σκοπὴ
1799 3951 2054 4033 σκοπός
2083 3963 2188 4041 al.;
2234 3961 2451 4023 deinde
2486 3964 2684 4023 autem
2716 3961 2835 4022 hoc

591 4060 807 4122 suffixo
865 4061 1042 4123 etiam
1086 4064 1437 4142 utebantur,
1496 4065 1840 4141 ubicunque
1893 4065 2176 4143 adjectivi
2232 4065 2485 4125 alicuius
2528 4064 2830 4127 notionem

592 4165 887 4225 abstracte
931 4182 1158 4244 ponere
1202 4166 1498 4245 volebant,
1550 4171 1610 4227 et
1653 4167 1727 4227 ab
1759 4167 2070 4254 adjectivis
2100 4167 2314 4245 quovis
2346 4167 2520 4229 modo
2566 4166 2834 4227 diverso·
2917 4196 2923 4202 ·

591 4285 842 4345 rumque
886 4266 1236 4330 suffixorum
1280 4287 1396 4346 ope
1439 4268 1708 4331 formatis
1768 4269 2125 4331 derivabant
2181 4269 2395 4349 stirpis·
2429 4269 2626 4331 vocali
2666 4268 2836 4329 finali
