3166 4871
1036 293 1123 349 De
1155 291 1359 348 nomin.
1394 294 1453 347 in
1488 311 1657 357 -αισς.
1725 293 1759 363 g
1794 297 2602 360 38.109

344 474 476 533 sich
541 472 640 532 die
695 472 1071 549 vorstellung
1128 491 1248 533 von
1309 472 1442 532 dem
1507 474 2122 554 entgegengesetzten
2183 473 2472 534 zustande
2519 504 2601 513 —-

346 576 457 636 der
501 577 674 653 ruho,
718 576 827 636 des
869 575 1259 636 stillstehens.
1346 575 1552 636 Daher
1597 566 1672 634 εὐ
1715 575 1814 635 od.
1859 560 2173 650 ἀσφαλῶς
2224 569 2600 655 βεβηκέναι,

345 679 464 739 fest
508 679 749 755 stehen,
807 678 926 739 fest
967 679 1309 756 begrflndet
1351 680 1513 756 sein3
1580 678 1702 738 und
1754 697 1865 739 aus
1918 677 2054 738 dem
2108 678 2405 739 kurzeren
2450 678 2598 756 perf.

340 781 693 859 herleitung
757 781 868 841 des
934 781 1091 841 auch
1157 780 1390 860 redupl.
1454 773 1779 855 βέβαιος“.
1887 780 2130 842 Curtius
2183 782 2277 841 Et.
2330 800 2388 840 n.
2440 776 2597 838 634:

338 884 870 961 „Beachtenswert
911 885 991 943 ist
1034 883 1130 944 die
1175 882 1527 962 bedentung
1571 902 1692 944 von
1725 877 2079 962 ’βέβα-ιο-ς,
2124 883 2233 960 das
2272 884 2397 944 sich
2442 901 2597 960 ganz

339 1006 419 1047 an
466 987 589 1048 den
633 985 1076 1063 perfectstamm
1120 984 1283 1061 βεβα
1325 987 1807 1065 ausgeschritten
1853 987 2008 1064 sein,
2067 986 2183 1048 fest
2236 987 2448 1046 stehen
2493 1003 2595 1046 an-

339 1089 644 1167 schliesst,
683 1088 814 1148 und
862 1107 978 1149 von
1022 1081 1319 1168 βέβηλος,
1363 1089 1473 1149 das
1518 1108 1594 1149 zu
1623 1083 1909 1166 βέβαιος,
1952 1088 2190 1149 obwohl
2219 1090 2279 1149 in
2311 1089 2595 1149 auderem

336 1193 534 1269 sinne,
576 1191 901 1269 gleichsam
947 1192 1057 1252 das
1100 1192 1305 1270 passiv
1349 1185 1590 1253 bildet“.

652 1293 1013 1354 Difficillima
1055 1300 1150 1356 est
1192 1295 1459 1372 quaestio
1507 1294 1582 1355 de
1629 1295 1927 1356 vocabulo

513 1389 628 1458 38.
716 1401 928 1475 γαῖα,
993 1391 1160 1476 γέα,
1223 1394 1343 1477 γῆ,
1411 1394 1520 1476 γᾶ.
1630 1398 2011 1459 Grammatici
2073 1398 2275 1474 graeci
2340 1395 2591 1457 formam

335 1500 701 1576 primitivam
744 1500 1041 1578 putabant
1086 1491 1231 1578 γέα,
1287 1500 1428 1561 inde
1484 1519 1594 1578 per
1652 1502 2122 1562 commotionem
2182 1498 2401 1560 factum
2457 1516 2593 1559 esse

332 1598 440 1680 γῆ,
499 1609 561 1662 et
606 1620 914 1680 paragoge
956 1602 1154 1663 ionica
1193 1608 1366 1681 γαῖα.
1452 1603 1780 1664 Herodian.
1824 1603 1916 1665 ed.
1961 1604 2151 1664 Lentz
2196 1603 2245 1681 Ι,
2290 1597 2432 1679 283,
2477 1598 2588 1660 29:

331 1699 502 1782 γέα,
547 1697 620 1780 ἐς
664 1685 750 1764 οὗ
793 1702 876 1784 γῆ
919 1699 1278 1785 συνῃρέθη.
1357 1707 1435 1785 11,
1465 1702 1608 1784 319,
1639 1703 1715 1764 27
1765 1695 1848 1765 τὰ
1893 1699 1983 1777 εἷς
2012 1724 2052 1786 η
2082 1694 2354 1785 θηλυκὰ
2387 1720 2590 1781 μονο-

333 1796 640 1880 σύλλαβα
683 1798 759 1865 ἐκ
790 1800 1236 1885 συναιρέσεως
1262 1805 1701 1888 περισπᾶται,
1747 1803 1883 1889 γέα
1924 1805 2047 1889 γῆ,
2098 1801 2219 1867 νέα
2263 1804 2374 1887 νῆ,
2416 1800 2589 1866 πλέα

329 1905 492 1988 πλῆ.
584 1911 632 1985 Ι,
676 1906 944 1988 271,17
1002 1917 1185 1988 γαῖα
1241 1895 1395 1970 ἀπὸ
1449 1907 1595 1969 τοῦ
1650 1907 1761 1990 γῆ.
1853 1907 2119 1990 531,1Ο
2177 1899 2418 1970 τᾶδιὰ
2461 1905 2586 1968 τοῦ

333 2029 454 2071 aaa
496 2000 879 2091 παρώνυμα
919 2002 1362 2092 παραγόμενοι
1395 2006 1482 2072 ἐκ
1528 2010 1861 2124 θηλυκῶν
1903 1956 1996 2084 ele,
2039 2031 2081 2072 α
2123 2000 2165 2092 ἢ
2210 2006 2300 2083 εἰς
2337 2029 2377 2091 η
2409 2004 2585 2071 ἐκτε-

333 2099 706 2192 ταμένσν”
674 2132 805 2193 εχει
847 2106 928 2175 τὸ
975 2134 1046 2189 α,
1101 2104 1348 2196 σελήνη
1377 2109 1741 2229 (σεληναία,
1796 2101 2012 2194 ἅμαξα
2056 2103 2373 2192 ἆμαξαὶα,
2418 2097 2589 2193 ουρά

331 2201 602 2298 aeonia,
646 2202 907 2296 ἀρχαία,
952 2203 1302 2297 ἀναγκαία.
1377 2204 1582 2278 Ὅθεν
1627 2211 1826 2299 ἐχρῆν
1869 2212 1983 2277 καὶ
2025 2207 2108 2278 τὸ
2153 2223 2338 2296 γαῖα
2382 2209 2587 2276 &xvci-

331 2318 611 2394 νεσθαι,
665 2314 872 2401 χωρὶς
916 2314 974 2380 εἰ
1015 2310 1105 2399 μή
1147 2307 1211 2433 ἡ.
1237 2310 1533 2402 ποσότης
1577 2318 1721 2381 τῶν
1765 2318 2127 2395 συλλαβῶν
2169 2326 2353 2379 ποιεῖ
2396 2332 2583 2378 συνε-

329 2417 716 2500 σταλμένσν
772 2411 850 2483 τὸ
897 2441 954 2483 α.
1015 2420 1298 2484 τοιαῦτα
1349 2414 1472 2504 γὰρ
1527 2414 1613 2484 τὰ
1667 2414 2064 2498 δισύλλαβα,
2121 2428 2348 2502 γραῖα,
2404 2428 2584 2500 μαῖα.

329 2527 560 2586 Eadem
590 2527 668 2605 11,
704 2524 798 2603 11,
828 2523 929 2586 25.
999 2527 1176 2600 Quod
1206 2526 1420 2588 falsum
1453 2546 1603 2607 esse,
1637 2529 1764 2607 jam
1794 2529 1868 2588 H.
1891 2528 2232 2604 Stephanus
2260 2526 2585 2604 perspexit,

329 2629 436 2705 qui
481 2647 526 2689 s.
559 2648 616 2687 v.
657 2635 814 2706 γαΙα
869 2648 1017 2715 „ego
1062 2634 1292 2707 tamen,
1335 2630 1556 2709 inquit,
1603 2628 1685 2710 γῆ
1730 2626 1820 2691 ex'
1851 2624 1996 2709 ye'a,
2041 2636 2104 2690 at
2146 2623 2264 2707 γέα
2306 2647 2380 2689 ex
2424 2633 2582 2706 γαῖα

327 2731 654 2791 formatum
699 2724 884 2793 dico“.
971 2733 1050 2792 Et
1091 2733 1207 2794 hoc
1252 2732 1495 2810 quidem
1541 2738 1797 2812 constat⁷
1842 2752 1962 2794 non
2006 2738 2161 2811 γαῖα
2206 2751 2281 2793 ex
2326 2728 2428 2810 γῆ,
2473 2729 2582 2791 sed

323 2830 411 2912 γῆ
454 2852 531 2894 ex
576 2840 731 2912 γαῖα
776 2838 980 2895 uatum
1025 2853 1159 2897 esse
1220 2833 1382 2909 (nam
1427 2835 1504 2896 de
1548 2829 1666 2915 γέα
1720 2835 1910 2897 forma
1963 2854 2142 2913 quam
2185 2836 2419 2895 incerta
2461 2831 2613 2923 sint.

325 2937 692 3014 testimonia,
735 2956 873 2998 mox
915 2938 1284 3017 videbimus,
1342 2939 1730 3015 quamobrem
1778 2940 1904 3017 jam
1952 2958 2082 3000 eam
2128 2929 2475 3015 mittamus),
2517 2935 2581 2996 id

327 3040 495 3117 quod
560 3058 635 3100 ex
691 3041 1050 3119 scriptorum
1112 3058 1225 3101 usu
1283 3048 1554 3120 apparet.
1652 3043 1850 3118 Atque
1904 3038 1989 3120 γῆ
2048 3041 2287 3118 quidem
2345 3039 2578 3099 Atthidi

331 3161 652 3203 commune
696 3148 786 3204 est
828 3161 963 3203 cum
1007 3143 1153 3205 Iade
1212 3144 1579 3205 recentiore:
1638 3145 1896 3221 prosaici
1941 3148 2104 3204 certe
2150 3143 2474 3220 scriptores
2519 3144 2582 3200 et

326 3246 512 3305 ionici
573 3250 635 3305 et
693 3247 856 3307 attici
920 3247 1052 3307 sola
1115 3247 1230 3307 hac
1289 3245 1484 3308 forma
1544 3232 1796 3307 utuntur
1867 3245 2086 3320 (forma
2144 3241 2356 3324 γαιῶν
2417 3243 2577 3320 apud

329 3348 707 3408 Herodotum
750 3349 854 3425 IV,
904 3345 1042 3427 198,
1094 3366 1274 3426 quam
1320 3348 1652 3411 deteriores
1698 3349 1943 3426 qnidam
1990 3348 2227 3409 codices
2270 3348 2580 3424 praebent,

313 3452 448 3529 jam
491 3468 531 3511 a
577 3450 1011 3512 Valckenaerio
1058 3452 1307 3529 explosa
1349 3457 1461 3529 est,
1503 3451 1612 3513 sed
1655 3456 1959 3513 extremae
1990 3451 2347 3513 Graecitatis
2392 3451 2574 3529 scrip·

324 3558 492 3617 tores
533 3554 792 3630 prosaici
834 3542 1132 3614 interdum
1181 3554 1371 3615 forma
1415 3561 1573 3634 γαῖα
1604 3553 1914 3629 utuntur):
1958 3556 2018 3614 in
2058 3554 2273 3614 ceteris
2303 3553 2577 3614 dialectis

323 3657 692 3717 vocabulum
738 3657 994 3717 sonabat
1036 3653 1152 3735 ra:
1195 3657 1521 3718 Herodian.
1553 3675 1625 3718 π.
1667 3674 1817 3736 μον.
1861 3656 1994 3735 λεξ.
2040 3677 2099 3734 p.
2129 3654 2187 3735 7,
2237 3655 2311 3713 14
2358 3655 2573 3729 (Lenta

327 3760 404 3836 11,
449 3754 594 3836 912,
642 3756 735 3829 7):
801 3750 1095 3837 ἔτρεψαν
1154 3752 1224 3819 δὲ
1282 3749 1363 3820 τό
1418 3778 1458 3840 η
1514 3760 1617 3834 (in.
1661 3780 1718 3820 v.
1760 3758 1865 3840 γῆ)
1920 3754 2012 3831 εἰς
2058 3779 2099 3819 α
2144 3755 2417 3838 Δωριεῖς
2462 3752 2576 3817 καὶ

329 3853 598 3931 Αἰολεῖς
650 3856 764 3921 καὶ
806 3856 1104 3922 Βοιωτοὶ
1161 3859 1245 3941 γᾶ
1301 3856 1635 3942 λέγοντες,
1680 3851 1772 3935 ὡς
1817 3848 2316 3924 ἄσυναλεὶπτσυ
2361 3848 2575 3921 αὐτοῦ

325 3951 768 4042 ὑπάρχοντος.
861 3964 1033 4025 Γαῖα
1062 3966 1361 4027 Homerus
1404 3967 1715 4046 ceterique
1758 3972 1895 4044 post
1934 3968 2101 4028 illum
2146 3972 2359 4045 poetae
2406 3984 2572 4027 usur·

323 4072 643 4143 paverunt.
730 4068 932 4145 Atque
976 4070 1274 4130 Homerus
1332 4070 1571 4147 quidem
1633 4071 1810 4131 etiam
1866 4066 1952 4150 γῆ
2011 4069 2204 4131 forma
2264 4087 2407 4130 usus
2465 4074 2574 4148 est,

323 4168 432 4230 sed
476 4170 589 4246 ita,
647 4174 715 4231 ut
770 4172 903 4249 ipsa
961 4171 1138 4233 huius
1195 4190 1342 4233 usus
1399 4174 1461 4235 in
1516 4173 1771 4251 singulis
1826 4174 2188 4234 carminibus
2233 4172 2574 4250 frequentia

321 4271 660 4350 intelligere
704 4275 920 4353 possis,
963 4280 1122 4354 γαῖα
1148 4293 1277 4337 esse
1306 4274 1555 4337 formam
1587 4277 2003 4353 antiquiorem.
2074 4278 2227 4337 Nam
2274 4276 2573 4337 rarissime
