3166 4871
2500 288 2622 353 297

383 477 595 550 patur,
655 491 704 530 c.
738 475 846 531 68:
904 471 1067 529 sicut
1117 469 1311 528 Venus
1353 474 1622 544 spectat,
1678 470 1935 545 itemque
1983 470 2160 541 quase·
2204 487 2251 526 c.
2296 470 2406 529 39:
2453 472 2624 526 terra

384 573 827 633 cor-rotundato
869 574 1046 647 quasi
1088 588 1256 632 ovum
1302 577 1362 631 et
1406 571 1613 647 fragm.
1647 575 1746 648 34,
1792 575 1853 630 1:
1899 586 2061 629 uxor
2105 570 2405 645 leqieimus
2449 568 2623 629 debet

384 677 562 751 quasi
603 692 820 735 census
865 675 1073 734 amari.
1097 671 1145 747 ⁴)
1645 671 1649 675 ’

554 778 686 838 Alia
717 776 1103 856 comparandi
1142 776 1292 836 ratio
1323 796 1441 837 non
1490 776 1727 836 videtur
1771 776 1880 835 nisi
1927 776 2002 837 ab
2049 774 2384 835 hominibus
2429 775 2622 836 minus

385 881 558 940 cultis
614 883 900 957 usurpata
963 880 1169 939 fuisse.
1275 898 1408 938 nam
1455 879 1503 938 si
1549 879 1684 956 quis
1742 896 1876 938 cum
1938 879 2168 955 aliquo,
2227 876 2323 938 vel
2388 878 2622 937 homine

385 983 480 1041 vel
525 983 714 1043 bestia
759 983 855 1042 vel
898 1001 963 1042 re
1009 981 1444 1057 comparandus
1487 985 1612 1057 est,
1672 981 1886 1040 dicitur
1931 999 2047 1039 non
2095 981 2143 1039 is
2190 998 2349 1056 esse,
2408 979 2511 1056 qui
2558 998 2621 1039 re

384 1104 528 1144 vera
577 1089 695 1157 est,
757 1083 863 1143 sed
922 1084 1012 1156 id,
1077 1102 1333 1161 quocum
1395 1088 1794 1160 comparatur.
1879 1083 1962 1140 ita
2008 1101 2056 1141 c.
2104 1084 2211 1142 38:
2260 1082 2619 1158 phantasia,

385 1204 502 1245 non
549 1187 737 1260 homo,
786 1207 835 1245 c.
867 1190 974 1249 43:
1022 1186 1358 1258 discordia,
1402 1202 1522 1244 non
1560 1185 1752 1256 homo,
1802 1203 1849 1245 c.
1881 1189 1994 1245 44:
2031 1184 2239 1258 piper,
2282 1199 2403 1243 non
2431 1183 2621 1256 Ιιοηιο,

385 1310 434 1349 c.
465 1294 575 1351 58:
618 1291 895 1365 masma-9,
938 1306 1058 1348 non
1102 1289 1411 1364 mayister,
1459 1306 1506 1347 c.
1544 1292 1654 1348 74:
1700 1288 1914 1360 codex,
1958 1303 2079 1345 non
2107 1287 2343 1358 mulier,
2391 1305 2438 1345 c.
2476 1290 2621 1347 134:

385 1397 574 1452 lorum
621 1394 681 1451 in
727 1409 919 1467 aqua,
982 1409 1102 1451 non
1161 1392 1432 1466 inquinet.
1537 1391 1861 1451 nonnullos
1921 1409 1996 1450 ex
2052 1389 2184 1449 aliis
2229 1390 2621 1466 scriptoribus

385 1496 549 1555 locos
595 1496 892 1571 congessit
933 1496 1001 1555 R.
1047 1494 1193 1553 Ellis
1237 1494 1312 1553 ad
1362 1493 1574 1554 Catull.
1618 1496 1758 1571 115,
1797 1496 1854 1571 8,
1897 1492 2114 1571 quibus
2160 1491 2299 1551 addi
2345 1496 2621 1569 possunt:

383 1598 559 1674 ApuL
605 1601 739 1658 met.
789 1598 929 1658 VIII
978 1600 1085 1675 25,
1140 1597 1429 1657 Ammian.
1474 1597 1740 1656 Marcell.
1778 1596 1945 1656 XVII
1992 1601 2088 1674 11,
2134 1601 2187 1671 1,
2233 1596 2350 1655 Cic.
2397 1596 2455 1654 in
2502 1597 2621 1655 Pis.

383 1702 543 1777 apud
589 1704 752 1763 Serv.
793 1700 874 1760 ad
922 1702 1099 1778 Verg.
1147 1700 1293 1760 Aen.
1326 1701 1467 1760 VIII
1503 1704 1654 1777 1393
1703 1700 1821 1760 Cic.
1867 1698 1941 1758 ad
1991 1701 2108 1758 Att.
2140 1698 2252 1758 VII
2289 1703 2383 1769 13,
2417 1703 2469 1758 6.

553 1803 753 1882 Atque
800 1805 949 1863 haec
992 1803 1282 1863 hactenus
1312 1803 1385 1863 de
1416 1802 1977 1881 comparationibus.
2066 1820 2176 1859 nec
2218 1801 2410 1859 minus
2440 1818 2620 1877 saepe

383 1906 573 1983 plebei
622 1907 680 1964 in
729 1905 1122 1983 colloquendo
1169 1906 1522 1982 Imaginibus
1567 1912 1627 1963 et
1670 1901 2158 1962 translationibus
2212 1904 2491 1973 utuntur,
2548 1921 2619 1961 ac

384 2008 634 2067 maxime
680 2008 919 2085 quidem
975 2009 1033 2065 in
1093 2007 1449 2084 quibusdam
1508 2008 1688 2065 certis
1742 2005 2021 2065 formulis.
2111 2021 2260 2082 quas
2307 2023 2441 2063 cnm
2486 2002 2619 2064 Stu-

383 2110 564 2169 (lerus
624 2109 702 2185 (p.
752 2106 858 2182 84)
906 2109 1344 2168 accuratissime
1391 2109 1733 2186 collegerit,
1792 2112 2063 2184 repetere
2119 2125 2240 2166 non
2303 2125 2454 2184 opus
2512 2112 2616 2167 est.

384 2232 563 2273 unum
611 2216 808 2271 tamen
854 2210 1142 2271 adnotare
1199 2212 1390 2271 liceat.
1479 2212 1696 2271 multae
1754 2212 1913 2271 enim·
1966 2211 2175 2270 harum
2230 2210 2618 2270 formularum

382 2317 466 2375 ita
511 2315 867 2391 compositae
911 2318 1082 2385 sunt,
1141 2319 1206 2374 ut
1250 2316 1426 2392 plura
1470 2315 1655 2374 verba
1700 2314 1773 2373 ab
1819 2312 2026 2373 eadem
2070 2313 2272 2373 littera
2316 2314 2620 2389 incipiant.

381 2420 465 2479 ita
511 2438 937 2497 nonnunquam
986 2418 1175 2479 oritur
1219 2419 1562 2479 allitteratio
1618 2437 1795 2496 quam
1855 2435 2156 2478 vocamus
2251 2415 2617 2477 notissimum

383 2527 473 2583 est
517 2523 674 2582 hanc
719 2520 964 2582 formam
1023 2522 1162 2581 inde
1216 2522 1291 2581 ab
1345 2522 1770 2599 antiquissimis
1828 2521 2194 2597 temporibus
2257 2519 2417 2597 apud
2480 2522 2619 2580 scri·

382 2629 585 2702 ptores
627 2627 927 2685 Romanos
973 2626 1259 2697 inveniri,
1303 2625 1386 2704 ita
1429 2629 1661 2702 tamen,
1706 2629 1773 2684 ut
1818 2625 2148 2702 posteriore
2194 2626 2389 2683 aetate
2436 2625 2621 2701 magis

383 2729 689 2806 magisque
746 2730 1078 2788 evanescat.
1139 2726 1239 2801 (cf.
1296 2728 1579 2805 imprimis
1637 2725 1932 2787 Naekium
1990 2727 2049 2785 in
2095 2726 2306 2786 Rhein.
2353 2727 2502 2785 Mus.
2536 2727 2619 2784 III

387 2836 547 2892 1829
606 2849 663 2907 p.
711 2835 833 2892 324
872 2849 1038 2907 seqq.
1101 2831 1440 2907 Maelilyum
1506 2831 1564 2889 in
1622 2830 1697 2889 N.
1751 2829 2086 2888 schweize1·.
2150 2829 2300 2887 Mus.
2355 2847 2408 2886 a.
2457 2832 2619 2889 1864

382 2953 439 3009 p.
472 2937 593 2992 207
619 2951 785 3008 seqq.
831 2934 900 2991 E.
943 2933 1138 2991 Loch:
1185 2931 1261 2990 de
1307 2951 1419 2991 usu
1465 2932 1630 2990 allitt.
1674 2930 1834 3007 apud
1881 2937 2038 3008 poet.
2081 2930 2181 2989 lat.
2227 2930 2367 2988 diss.
2398 2931 2619 3005 Regi'm.

386 3033 590 3104 1865.)
637 3036 766 3092 erat
809 3037 1005 3093 autem
1056 3034 1157 3092 uni
1203 3035 1459 3092 sermoni
1511 3032 1810 3092 cotidiano
1856 3030 2186 3107 familiaris,
2230 3030 2303 3090 ab
2348 3031 2618 3090 oratione

382 3135 650 3196 sollemni
693 3134 820 3194 fere
880 3136 1121 3194 omnino
1180 3135 1393 3194 aliena.
1480 3135 1560 3193 ita
1609 3135 1665 3194 in
1715 3134 2000 3193 Varronis
2046 3133 2241 3192 satiris
2286 3133 2619 3210 Menippeis

382 3238 728 3316 saepissime
772 3237 1111 3315 invenitur,
1172 3256 1290 3296 non
1338 3238 1530 3297 solum
1577 3238 1637 3296 in
1685 3236 2047 3313 proverbiis,
2102 3254 2257 3313 quae
2312 3236 2616 3295 titulorum

380 3342 508 3402 loco
554 3341 748 3400 satiris
794 3341 1204 3418 superscripta
1243 3345 1398 3416 sunt,
1443 3339 1549 3400 sed
1580 3341 1752 3399 etiam
1787 3340 1845 3399 in
1878 3339 2022 3416 ipsis
2055 3338 2368 3399 satirarum
2398 3340 2619 3398 verbis.

381 3451 504 3504 tum
568 3444 742 3503 etiam
807 3443 865 3502 in
929 3443 1188 3502 carmine
1249 3442 1488 3502 Publilii
1552 3441 1722 3519 Syri,
1793 3441 1954 3520 quod
2016 3441 2380 3501 Trimalchio
2440 3460 2488 3500 c.
2537 3445 2615 3502 55

381 3547 600 3617 laudat,
646 3547 703 3606 in
751 3564 1114 3622 unoquoque
1163 3545 1288 3604 fere
1333 3543 1510 3604 versu
1558 3546 1818 3622 itemque
1863 3546 1923 3604 in
1954 3543 2225 3605 omnibus
2257 3544 2614 3604 comicorum
2674 3538 2678 3541 ’

380 3649 695 3708 latinorum
746 3648 1095 3725 fragmentis
1126 3648 1465 3724 saepissime
1497 3649 1817 3707 invenitur.
1907 3667 1937 3707 e
1984 3648 2251 3707 Petronii
2289 3647 2439 3706 libro
2471 3646 2617 3706 haec

381 3753 594 3811 afferre
641 3752 785 3810 satis
831 3751 963 3829 erit,
1005 3769 1347 3828 quanquam
1387 3769 1503 3810 non
1539 3769 1775 3828 semper
1805 3749 2131 3810 diiudicare
2164 3751 2367 3822 ausim,
2417 3754 2615 3810 utrum

380 3854 655 3914 consulto
687 3854 947 3930 scriptor
967 3853 1128 3913 hunc
1160 3871 1440 3913 sonorum
1474 3860 1824 3913 concentum
1856 3854 2139 3930 petiverit
2169 3870 2384 3913 necne:
2432 3872 2479 3912 c.
2512 3856 2616 3914 34:

551 4104 596 4169 ⁴)
631 4101 900 4156 Indicabo
945 4100 1255 4170 stragmenta
1302 4102 1449 4155 sicut
1491 4100 1549 4153 in
1587 4100 1720 4155 edit.
1758 4099 1964 4156 Buech.
2011 4118 2060 4155 a.
2111 4104 2237 4154 1862
2274 4099 2327 4153 in
2365 4100 2615 4154 ordinem

378 4189 603 4242 redacta
640 4194 787 4253 sunt,
824 4201 1140 4256 quanquam
1179 4187 1349 4240 multa
1383 4185 1727 4240 Buechelero
1763 4187 1881 4240 iure
1918 4186 1997 4241 ita
2033 4191 2298 4255 suspecta
2333 4191 2517 4251 erant,
2556 4191 2619 4240 ut

379 4273 433 4326 in
473 4273 604 4327 edit.
641 4272 952 4328 recentiore
989 4288 1036 4325 a.
1081 4275 1199 4325 1871
1242 4272 1454 4340 aliquot
1489 4287 1722 4340 prorsus
1755 4271 2049 4326 omitteret.
