3166 4871
574 315 699 377 254

573 485 996 555 videanturflss).
1109 486 1430 547 Nonnullis
1505 495 1705 546 autem
1767 487 1939 563 locis,
2017 487 2119 563 qui
2187 484 2623 562 quodammodo
2698 486 2816 545 huc

573 591 908 669 pertinent,
966 588 1157 664 magis
1202 594 1268 648 nt
1312 594 1545 665 orator,
1602 607 1779 664 quam
1828 594 1893 649 ut
1937 589 2269 647 venustatis
2312 588 2584 664 poeticae
2621 587 2816 665 judex

574 692 719 752 dicit
762 692 1136 768 sententiam,
1183 692 1350 750 velut
1391 692 1558 750 Brut.
1588 695 1702 752 40:
1754 696 2064 762 „ornatum
2111 691 2171 750 in
2218 689 2470 750 dicendo
2518 708 2588 749 ac
2639 689 2814 767 plane

573 794 904 856 oratorem“
949 794 1273 852 Homerum
1305 794 1604 870 appellat:
1650 811 1954 870 perverse,
1996 792 2223 871 siquid
2267 792 2457 853 video,
2545 794 2817 871 Apparet

574 900 728 958 enim
783 899 947 957 hunc
1004 896 1199 955 minus
1243 915 1315 954 ex
1361 897 1506 955 artis
1552 896 1923 974 praeceptis,
1982 914 2159 972 quam
2205 914 2282 955 ex
2326 913 2506 956 sensu
2551 893 2812 972 quodam

576 1001 831 1061 naturali
874 1002 956 1059 ita
1001 1017 1302 1073 narrasse,
1351 1002 1415 1058 ut
1459 1017 1749 1058 sumniam
1796 998 2133 1074 legentibus
2163 998 2448 1074 praebeat
2470 996 2815 1058 delectatio·

573 1123 725 1165 neni.
834 1102 1175 1164 Ciceronem
1239 1107 1472 1178 autem,
1527 1119 1888 1178 quamquam
1948 1101 2076 1160 sine
2123 1100 2302 1160 dubio
2349 1102 2669 1161 Homerum
2716 1116 2813 1159 ve·

574 1208 882 1267 hementer
926 1203 1360 1273 admirabatur,
1422 1204 1534 1263 hoc
1592 1222 1807 1281 parum
1872 1203 2236 1263 intellexisse
2283 1222 2394 1264 nec
2437 1202 2814 1280 perspexisse

572 1311 736 1369 hunc
779 1327 851 1369 ea
895 1309 1149 1368 maxime
1196 1325 1260 1366 re
1305 1326 1342 1364 a
1387 1306 1600 1365 ceteris
1646 1304 1886 1366 differre
1917 1306 2131 1382 poetis,
2177 1306 2339 1383 quod
2382 1312 2655 1367 naturam
2686 1304 2814 1364 fere

573 1413 757 1474 solam
805 1410 1014 1471 ducem
1059 1415 1444 1487 sequeretur,
1500 1408 1634 1468 aliis
1697 1427 1941 1486 quoque
1986 1427 2061 1468 ex
2108 1410 2255 1469 locis
2298 1410 2635 1469 luculenter
2678 1426 2815 1486 cog·

575 1514 859 1575 noscitur.
957 1511 1264 1572 Interdum
1310 1512 1465 1571 enim
1528 1505 1823 1587 ejusmodi
1863 1512 1918 1571 ei
1968 1511 2173 1572 tribuit
2203 1512 2615 1589 cogitationes,
2659 1532 2815 1589 quae

575 1616 721 1694 quin
800 1614 876 1674 ab
955 1615 1086 1692 ejus
1154 1614 1347 1673 animo
1415 1631 1721 1689 sensuque
1797 1614 2143 1690 longissime
2210 1612 2508 1691 disJuncta
2573 1615 2818 1691 fuerint,

573 1718 833 1780 dubitari
891 1717 990 1776 vix
1057 1717 1262 1794 possit.
1375 1717 1467 1775 Au
1541 1717 1858 1793 quisquam
1939 1717 2249 1792 negaverit
2323 1734 2607 1795 perverse
2681 1735 2812 1776 eum

564 1821 859 1900 Judicare‚
904 1838 1056 1895 cum,
1098 1824 1414 1897 postquam
1464 1819 1744 1896 exposuit
1787 1819 1914 1878 sine
1958 1818 2137 1879 dubio
2183 1820 2455 1879 consulto
2488 1820 2813 1881 Homerum

571 1926 657 1985 ita
709 1941 834 1983 rem
879 1922 1232 1998 instituisse,
1293 1927 1358 1981 ut
1405 1921 1613 1981 Ulixes
1691 1940 1810 1980 non
1872 1925 1993 1980 tam
2063 1922 2482 1998 pulcherrimis
2541 1921 2814 1984 Sirenum

574 2026 867 2103 cantibus,
910 2043 1086 2100 quam
1132 2042 1240 2100 spe
1286 2024 1641 2100 cognitionis
1683 2024 1998 2100 augendae
2042 2024 2404 2101 alliceretur,
2444 2025 2530 2084 ita
2558 2044 2814 2102 pergere

572 2149 693 2190 non
750 2127 978 2188 dubitet
1044 2124 1127 2197 (d.
1178 2126 1277 2185 fin.
1322 2130 1378 2200 5,
1422 2124 1564 2195 49):
1645 2125 1846 2198 „Vidit
1898 2127 2194 2186 Homerus
2254 2127 2496 2204 probari
2552 2125 2812 2188 fabulam

572 2251 690 2292 non
722 2248 916 2308 posse,
956 2229 1009 2288 si
1041 2227 1443 2288 cantiunculis
1475 2234 1681 2288 tantus
1713 2228 1805 2287 vir
1832 2228 2098 2288 irretitus
2127 2234 2460 2289 teneretur:
2504 2230 2810 2290 scientiam

569 2333 951 2411 pollicentur,
1024 2348 1203 2407 quam
1266 2350 1386 2390 non
1446 2334 1574 2390 erat
1637 2331 1844 2389 mirum
1916 2331 2245 2407 sapientiae
2304 2330 2519 2410 cupido
2581 2333 2812 2408 patriae

566 2435 855 2495 cariorem
900 2451 1046 2494 esse.
1150 2432 1349 2510 Atque
1397 2434 1597 2493 omnia
1641 2431 1884 2511 quidem
1935 2433 2124 2510 scire,
2182 2434 2613 2512 cujuscumque
2653 2435 2813 2496 modi

562 2539 699 2613 sint,
730 2554 952 2613 cupere
983 2537 1370 2605 curiosorum,
1418 2533 1554 2594 duci
1587 2553 1728 2596 vero
1760 2536 2050 2613 majorum
2083 2554 2283 2596 rerum
2315 2537 2814 2614 contemplatione

565 2639 642 2699 ad
701 2636 1081 2714 cupiditatem
1139 2636 1422 2697 scientiae
1485 2654 1851 2697 summorum
1923 2639 2185 2699 virorum
2259 2647 2351 2700 est
2417 2639 2806 2716 putandum.“

566 2738 788 2798 Verum
848 2739 1003 2798 enim
1061 2738 1111 2798 si
1166 2739 1535 2815 quaerimus,
1612 2745 1672 2798 et
1733 2745 1946 2800 cantus
2020 2739 2293 2803 Sirenum
2366 2743 2813 2821 pulchritudine

566 2840 1077 2902 vehementissime
1122 2846 1479 2902 commotum
1524 2859 1658 2902 esse
1705 2846 1766 2901 et
1811 2843 1956 2903 satis
1999 2843 2187 2904 fuisse
2233 2845 2529 2905 curiosum
2580 2847 2811 2906 Ulixem

562 2944 898 3004 luculenter
955 2944 1251 3003 Homerus
1312 2943 1457 3003 dicit
1477 2941 1576 3016 ⁶⁴).
1696 2946 1847 3006 Sunt
1905 2963 2148 3022 quoque
2205 2948 2308 3006 alii
2369 2947 2513 3020 loci,
2590 2948 2689 3009 nbi
2749 2950 2809 3008 in

564 3045 820 3107 eundem
872 3043 1092 3122 judicii
1139 3064 1401 3105 errorem
1449 3046 1661 3107 Cicero
1718 3047 1946 3108 incidit.
2035 3048 2190 3108 Nam
2236 3047 2294 3108 d.
2336 3049 2457 3109 div.
2502 3054 2557 3122 2,
2604 3054 2682 3111 25
2729 3052 2813 3110 ita

563 3148 822 3208 disserit:
874 3148 971 3220 „Si
998 3192 1014 3208 .
1044 3192 1059 3208 .
1089 3192 1104 3207 .
1137 3148 1280 3208 nihil
1309 3148 1376 3209 fit
1407 3156 1581 3209 extra
1614 3150 1818 3227 fatum,
1867 3150 2013 3209 nihil
2046 3151 2235 3210 levari
2266 3169 2331 3211 re
2362 3150 2567 3213 divina
2596 3159 2810 3231 potest.

563 3250 696 3310 Hoc
739 3250 922 3310 sentit
966 3251 1280 3325 Homerus,
1325 3269 1458 3310 cum
1506 3256 1858 3328 querentem
1907 3251 2117 3313 Jovem
2162 3252 2423 3333 inducit,
2467 3255 2631 3332 quod
2675 3255 2810 3317 Sar-

562 3351 857 3427 pedonem
902 3349 1084 3410 fllium
1131 3372 1168 3411 a
1213 3361 1405 3412 morte
1450 3357 1670 3413 contra
1715 3353 1900 3413 satum
1948 3356 2184 3432 eripere
2232 3374 2349 3415 non
2394 3356 2650 3433 posset.“
2714 3356 2809 3430 (cf.

559 3453 628 3512 ΙΙ.
675 3457 774 3532 16,
814 3451 1151 3526 431-38).
1196 3483 1282 3494 -
1328 3455 1542 3531 Neque
1590 3456 1767 3516 aliter
1800 3455 2199 3534 judicandum
2247 3463 2338 3518 cst
2380 3459 2456 3519 de
2501 3460 2599 3538 iis,
2652 3478 2809 3538 quse

730 3685 801 3751 ⁰³)
831 3680 904 3738 ct.
939 3683 1109 3738 Tusc.
1137 3688 1185 3751 5,
1213 3689 1342 3738 114:
1379 3684 1672 3739 Traditum
1710 3693 1797 3740 est
1831 3684 1995 3741 etiam
2022 3686 2315 3741 Homerum
2353 3704 2579 3744 caecum
2614 3689 2809 3745 fuisse.

559 3767 647 3825 At
697 3768 818 3840 ejus
863 3769 1164 3837 picturam,
1202 3785 1312 3823 non
1350 3770 1546 3837 poesin
1589 3770 1862 3825 videmus.
1939 3771 2093 3836 Quae
2129 3773 2315 3840 regie,
2361 3789 2505 3842 quae
2541 3790 2662 3842 ora,
2711 3776 2807 3844 qui

560 3856 718 3910 locus
773 3852 1059 3911 Graeciae.
1115 3868 1256 3921 quae
1315 3854 1535 3923 species
1593 3855 1882 3924 formaque
1937 3872 2184 3925 pugnae,
2239 3872 2383 3926 quae
2429 3860 2603 3926 acies,
2658 3861 2808 3929 qnod

559 3938 864 4009 remigium,
899 3939 994 4009 qui
1032 3945 1216 3992 motus
1254 3940 1558 4006 hominum,
1596 3940 1697 4009 qui
1735 3939 1973 3995 serarum
2009 3957 2125 3995 non
2158 3942 2237 3997 ita
2271 3944 2529 4013 expictus
2565 3953 2682 4014 est,
2731 3956 2791 4001 ut

562 4039 705 4094 quae
740 4023 865 4093 ipse
900 4040 1013 4077 non
1050 4023 1273 4091 viderit,
1311 4040 1412 4079 nos
1451 4033 1513 4079 ut
1549 4026 1890 4094 videremus,
1924 4026 2215 4082 effecerit?

729 4112 801 4176 Μ)
836 4109 1119 4164 Credibile
1156 4117 1244 4163 est
1278 4124 1395 4164 eam
1438 4126 1659 4180 quoque
1695 4111 1768 4166 ob
1804 4127 2075 4178 caussam,
2113 4121 2177 4165 nt
2199 4114 2270 4167 ab
2294 4114 2443 4168 omni
2468 4115 2808 4172 curiositatis

558 4194 875 4264 suspicione
901 4194 1115 4250 Ulixem
1145 4203 1469 4258 removeret,
1507 4197 1831 4252 Ciceronem
1862 4198 2033 4251 verba
2068 4193 2255 4253 πολλὰ
2297 4194 2460 4264 εἰδώς
2496 4200 2529 4254 1.
2558 4201 2592 4256 1.
2624 4203 2805 4255 minus

555 4287 809 4333 accurate
847 4280 1022 4334 verbo
1060 4280 1339 4342 „doctior-⁸
1382 4281 1631 4336 vertisse.
