3166 4871
522 310 643 371 422

526 487 680 563 palis
745 485 1271 544 administrationis
1326 505 1549 562 genere
1609 486 2024 548 versabantur:
2084 505 2154 545 ac
2201 486 2363 563 quod
2409 488 2541 564 ipsa
2587 489 2765 564 hujus

520 589 915 649 institutionis
963 596 1179 647 natura
1225 587 1382 648 ferre
1427 588 1685 666 videtur,
1730 592 1968 668 saepius
2007 590 2081 650 ab
2112 590 2566 667 imperatoribus
2596 609 2762 667 prae·

521 691 658 752 fecti
726 692 823 750 vel
885 697 1194 751 curatores
1255 693 1706 769 municipiorum
1764 694 2137 753 creabantur.
2241 694 2468 753 Tamen
2513 694 2572 752 hi
2621 711 2763 770 quo·

520 813 639 871 que
700 812 1139 870 nonnunquam
1199 794 1526 854 minoribus
1579 796 1929 856 muneribus
1971 796 2227 873 publicis
2285 798 2455 855 extra
2500 796 2764 855 ordinem

519 895 1071 973 praeponebantur,
1119 897 1219 956 vel
1266 898 1423 957 sicut
1467 899 1707 975 saepius
1753 897 2147 970 centuriones,
2192 898 2265 958 ab
2311 898 2766 975 imperatoribus

520 999 918 1068 mittebantur,
968 1003 1032 1057 ut
1077 1000 1347 1059 homines
1392 999 1613 1061 invisos
1660 1000 2076 1061 interficerent.

692 1101 1187 1176 Primipilarium,
1249 1103 1348 1178 qui
1397 1106 1715 1179 equestres
1761 1104 2021 1163 honores
2066 1107 2436 1174 recusarent,
2483 1103 2763 1180 majorem

524 1204 711 1264 fuisse
759 1222 1068 1264 numerum
1119 1223 1337 1264 censeo
1383 1224 1560 1281 qnam
1613 1225 1820 1265 eorum
1872 1206 1972 1282 qui
2022 1225 2124 1265 eos
2154 1210 2524 1282 appeterent,
2568 1225 2767 1281 quam-

521 1326 695 1384 quam
746 1308 901 1366 tituli
952 1307 1024 1365 de
1073 1307 1163 1366 his
1210 1309 1383 1383 plura
1431 1310 1708 1368 afferunt.

692 1411 915 1469 Eorum
965 1411 1096 1487 qui,
1160 1415 1227 1469 ut
1274 1411 1453 1471 altius
1499 1412 1924 1482 eveherentur,
1982 1411 2398 1488 imperatorem
2446 1413 2540 1470 vel
2586 1411 2768 1470 duces

520 1512 821 1572 exercitus
884 1514 1320 1589 sequebantur,
1387 1514 1587 1573 multis
1649 1512 2161 1573 extraordinariae
2218 1533 2398 1573 curae
2444 1514 2768 1573 committe-

521 1617 755 1684 bantur,
792 1634 949 1690 quac
986 1633 1192 1674 omues
1227 1615 1445 1674 militiis
1477 1614 1856 1692 equestribus
1890 1615 2178 1690 dignitate
2210 1615 2332 1674 fere
2378 1634 2553 1692 pares
2583 1619 2770 1675 erant.

700 1719 1209 1794 Frequentissime
1254 1724 1452 1777 autem
1502 1723 1833 1777 castrorum
1880 1719 2259 1794 praefectura
2304 1720 2377 1777 ab
2410 1720 2480 1778 iis
2525 1718 2769 1794 gereba-

520 1825 644 1894 tur,
703 1839 773 1878 ex
837 1838 958 1896 qua
1018 1839 1190 1896 cura,
1252 1840 1612 1897 quamquam
1676 1821 1849 1880 initio
1914 1839 2106 1897 aeque
2159 1821 2396 1898 plebeja
2457 1840 2526 1880 ac
2573 1821 2769 1897 primi·

519 1923 727 1999 pilaris
788 1922 1049 1996 dignitas
1113 1921 1251 1996 fuit,
1313 1922 1593 1982 inferiore
1653 1929 1846 1982 aetate
1912 1923 2293 2000 praefectura
2340 1922 2591 1999 legionis
2635 1940 2767 2000 pro·

519 2024 677 2083 fecta
740 2029 844 2082 est.
936 2025 1153 2100 Neque
1211 2043 1351 2084 vero
1399 2044 1587 2101 parva
1634 2025 1820 2084 fuisse
1865 2024 2107 2085 videtur
2154 2043 2358 2084 eorum
2406 2026 2607 2102 copia,
2665 2025 2766 2100 qui

521 2128 581 2187 in
646 2127 864 2186 militiis
928 2126 1246 2186 ordinariis
1306 2128 1812 2203 proveherentur3
1877 2133 2058 2203 atque
2113 2128 2172 2187 in
2233 2127 2475 2187 urbanis
2529 2127 2763 2204 quidem

519 2229 741 2288 militiis
792 2230 997 2306 plures
1049 2231 1469 2307 inveniuntur,
1514 2249 1691 2306 quam
1741 2232 1797 2289 in
1847 2230 2339 2307 provincialibus;
2385 2249 2496 2291 nec
2545 2249 2660 2289 non
2709 2231 2763 2288 in

520 2351 586 2392 re
634 2331 827 2390 navali
878 2332 1243 2409 aliquotiens
1289 2339 1525 2392 veteres
1573 2334 1959 2394 centuriones
2005 2333 2417 2392 versabantur.

694 2435 840 2495 Cum
905 2437 1090 2511 igitur
1153 2437 1210 2496 in
1280 2438 1553 2497 omnibus
1620 2438 1956 2496 militiarum
2020 2437 2311 2511 gradibus
2371 2434 2530 2496 haud
2592 2437 2766 2514 pauci

521 2538 920 2614 primipilares
990 2546 1317 2598 occurrant
1375 2539 1430 2598 in
1494 2539 1807 2616 republica
1864 2539 2334 2599 administranda
2385 2540 2641 2598 rariores
2685 2540 2769 2598 in·

522 2640 858 2699 veniuntur.
950 2640 1043 2699 Ad
1088 2646 1525 2717 procuratur-as
1557 2646 1692 2716 post
1725 2641 2011 2701 Hadriani
2058 2641 2291 2701 demum
2339 2645 2589 2700 aetatem
2638 2660 2768 2718 per·

520 2743 727 2802 venire
795 2746 1148 2818 coeperunt,
1212 2762 1281 2802 ac
1339 2762 1414 2803 ne
1475 2750 1596 2803 tum
1646 2743 1892 2821 quidem
1939 2763 2010 2803 ex
2075 2745 2207 2822 ipso
2254 2743 2615 2821 primipilatu
2662 2742 2765 2802 sed

520 2845 653 2903 aliis
714 2844 1061 2903 muneribus
1120 2846 1477 2922 interjectis;
1542 2844 1666 2905 fere
1731 2865 1934 2906 omnes
1995 2852 2421 2922 procuraturas
2466 2852 2661 2905 autem
2708 2845 2766 2904 in

520 2948 844 3022 provinciis
890 2950 1222 3023 gesserunt.

693 3049 749 3109 Si
801 3049 1115 3107 commoda
1160 3051 1539 3109 emeritorum
1590 3051 2013 3126 primipilorum
2063 3056 2233 3109 erant
2265 3068 2495 3126 magna,
2544 3050 2768 3126 majora

521 3152 930 3227 sequebantur
964 3154 1240 3210 iteratum
1275 3152 1716 3229 primipilatum.
1807 3154 1894 3211 Ac
1925 3152 2173 3212 fuerunt
2204 3158 2262 3211 et
2293 3154 2392 3229 qui
2420 3152 2572 3211 duos
2602 3152 2772 3211 dein·

522 3273 665 3330 ceps
712 3254 1108 3331 primipilatus
1152 3259 1435 3330 gererent
1480 3261 1539 3329 et
1583 3256 1685 3330 qui
1734 3274 1770 3313 a
1803 3255 2021 3313 militiis
2052 3255 2435 3331 equestribus
2465 3255 2536 3312 ad
2571 3255 2769 3330 primi-

521 3357 769 3432 pilarem
848 3356 1196 3431 dignitatem
1270 3358 1484 3416 iterum
1548 3357 2004 3427 descenderent,
2082 3356 2138 3415 id
2221 3356 2381 3433 quod
2443 3357 2768 3433 praecipue

522 3459 678 3518 omni
742 3457 921 3518 laude
985 3460 1373 3535 maximisque
1434 3460 1710 3535 praemiis
1757 3459 2002 3537 dignum
2050 3458 2408 3534 habebatur,
2477 3476 2607 3516 uam
2658 3460 2768 3517 etsi

521 3562 787 3637 praemia
834 3562 1160 3637 missionis,
1213 3580 1367 3638 quae
1413 3563 1781 3638 simplicibus
1827 3561 2292 3637 primipilaribus
2339 3560 2651 3636 dabantur,
2697 3562 2767 3619 iis

523 3664 722 3723 denuo
779 3663 919 3723 data
981 3682 1110 3723 esse
1158 3665 1394 3724 minime
1441 3665 1762 3724 verisimile
1809 3670 1931 3739 cst,
1990 3672 2186 3743 tamen
2235 3682 2438 3723 omnes
2486 3680 2768 3739 procura·

522 3771 688 3826 turae
743 3784 966 3843 casque
1029 3768 1589 3843 quaestuosissimae
1651 3787 1781 3826 curn
1840 3767 1896 3826 iu
1960 3768 2136 3837 Urbe,
2184 3772 2307 3826 tum
2354 3767 2410 3825 in
2460 3765 2770 3841 provincia

521 3874 896 3945 acceperunt.

692 3970 806 4029 Sed
865 3975 930 4030 ut
983 3976 1309 4031 extremum
1374 3972 1590 4030 habeat
1645 3971 1873 4047 aliquid
1921 3971 2244 4047 disputatio
2292 3989 2447 4047 mea,
2509 3971 2765 4047 primum

522 4077 702 4149 atque
750 4075 1054 4149 proprium
1104 4074 1551 4150 primipilarium
1601 4075 1987 4133 institutionis
2029 4073 2172 4134 illud
2216 4074 2342 4142 suit,
2390 4072 2550 4149 quod
2586 4073 2768 4149 impe-

523 4182 753 4234 ratores
800 4175 912 4233 hac
958 4176 1187 4234 ratione
1235 4176 1502 4235 ordinem
1554 4177 1814 4234 virorum
1863 4176 2342 4235 fidelissimorum
2385 4193 2455 4233 ae
2487 4175 2765 4250 peritissi-

524 4295 747 4334 morum
805 4277 915 4335 sibi
965 4284 1351 4351 creaverunt,
1412 4297 1664 4355 quorum
1729 4278 1867 4336 fidei
1930 4296 2108 4336 unum
2168 4276 2451 4353 quodque
2512 4275 2767 4334 officium
