3166 4871
1031 351 1118 407 De
1151 354 1355 407 nomin.
1390 352 1449 406 ln
1484 370 1650 419 -αιος,
1711 356 1743 420 5
1781 358 1858 407 15.
2473 358 2558 420 49

306 515 513 589 πάντ’
546 515 825 590 ἔντοσθ’
868 515 1074 610 αὐτῆς
1116 521 1438 611 κεραμήια
1484 521 1699 591 λεπτὰ
1742 529 2058 603 ποιοῦσα,
2103 532 2236 593 Nic.
2265 533 2444 593 Ther.
2477 529 2564 591 810

310 628 549 711 τεῦχος
592 622 975 712 κεραμήιον.
1066 635 1179 694 His
1220 635 1365 710 ipsis
1410 634 1685 695 versibus
1730 635 2185 713 demonstratur,
2228 634 2406 711 etiam
2443 635 2559 696 for-

315 753 469 796 mam
514 725 867 814 κεράμειος
909 738 1188 797 usitatam
1232 735 1436 815 faiae,
1489 754 1686 814 neque
1730 740 1899 798 recte
1941 735 2315 798 Dindorfium
2359 742 2562 816 postu·

320 838 466 917 lare,
509 843 578 899 ut
607 838 769 917 apud
798 839 959 900 Plut-
989 845 1051 900 et
1076 839 1293 899 Zenobc
1322 839 1677 899 restituatur
1720 835 2012 918 κεραμεᾶ
2054 840 2180 899 sive
2224 829 2564 917 κεράμινα.

318 941 415 1019 At,
459 940 681 1019 dicent,
725 946 1037 1019 poetarum
1083 945 1311 1002 tantum
1358 940 1606 1001 dictioni
1649 945 1790 1018 apta
1834 947 1925 1002 est
1969 942 2159 1001 forma
2203 931 2566 1019 κεράμειος,

320 1050 386 1103 ut
439 1032 748 1121 χρύσειος
806 1050 867 1104 et
919 1032 1231 1121 χάλκειος·
1283 1044 1359 1103 ab
1418 1044 1602 1121 epicis
1659 1056 1780 1120 pro·
1823 1032 2105 1123 χρύσεος
2172 1049 2234 1105 et
2284 1033 2565 1121 χάλκεος
2599 1048 2622 1063 ‘

322 1152 711 1222 usurpantur.
798 1146 966 1220 Quae
1026 1147 1266 1224 quidem
1327 1148 1600 1223 quaestio
1660 1164 2003 1223 quanquam
2058 1152 2152 1207 est
2194 1145 2566 1224 difficillima,

324 1266 520 1324 neque
567 1248 692 1308 sere
739 1249 971 1309 absolvi
1015 1249 1269 1327 poterit,
1306 1249 1418 1309 nisi
1465 1267 1646 1326 quum
1694 1248 2280 1309 determinationum
2326 1265 2460 1320 ειος
2506 1253 2568 1308 et

324 1366 432 1419 εος
495 1350 697 1411 indole
762 1351 1112 1412 diversitate
1177 1369 1251 1411 ae
1315 1350 1719 1412 vicissitudine
1790 1351 2133 1411 accuratius
2197 1356 2259 1412 et
2321 1351 2570 1411 uberius

323 1457 674 1531 quaeretur,
729 1458 929 1513 tamen
987 1471 1183 1531 pauca
1230 1455 1359 1531 jam
1414 1452 1527 1514 hoc
1572 1454 1704 1514 loco
1750 1453 1941 1513 obiter
1985 1453 2172 1529 magis
2216 1454 2567 1531 praecipere

322 1547 514 1629 lub'et,
557 1555 776 1632 quibus
817 1538 995 1633 spero
1038 1554 1167 1617 fore
1210 1562 1279 1617 ut
1320 1560 1617 1635 patescat,
1674 1556 1775 1633 qui
1819 1557 1898 1616 sit
1939 1555 2026 1616 rei
2069 1559 2279 1616 status.
2366 1557 2567 1632 Atque

324 1656 441 1716 ltoc
486 1657 725 1734 quidem
768 1662 973 1719 notum
1003 1664 1113 1737 est,
1155 1659 1428 1739 primitus
1457 1658 1928 1719 terminationem
1962 1674 2069 1727 εος
2100 1657 2352 1718 eandem
2382 1657 2566 1718 fuisse

324 1766 513 1837 atque
570 1777 732 1838 ειος,
791 1761 923 1821 sive
983 1765 1241 1838 utraque
1294 1780 1373 1821 ex
1428 1761 1565 1835 ε]ὀς
1621 1765 1757 1821 orta
1798 1766 1912 1838 est,
1973 1760 2100 1820 sive
2146 1777 2280 1830 ειος
2322 1760 2382 1820 in
2429 1760 2568 1835 ejog

324 1861 545 1922 deinde
605 1863 821 1924 omisso
859 1863 905 1938 j
949 1862 1009 1922 in
1071 1876 1180 1933 εος
1237 1867 1578 1923 extenuata.
1666 1861 1859 1936 Quam
1905 1861 1981 1922 ob
2025 1881 2148 1922 rem
2192 1863 2312 1939 jam
2358 1863 2567 1940 primis

326 1965 700 2042 temporibus
744 1966 901 2026 inter
942 1983 1008 2027 sc
1052 1969 1360 2026 mutantur
1390 1982 1524 2035 ειος
1552 1970 1614 2026 et
1642 1980 1779 2035 εοςι
1823 1965 1985 2042 apud
2017 1965 2339 2026 Homerum
2372 1966 2566 2042 ipsum

327 2068 548 2128 habes:
596 2052 919 2142 ἀδελφεός
962 2052 1332 2143 ἀδελφειός,
1378 2060 1597 2146 α’ίγεος
1639 2061 1905 2146 αἴγειος,
1952 2056 2144 2139 βόεος
2170 2056 2409 2141 βόεεος,
2453 2056 2567 2126 κά-

327 2186 489 2229 νεον
530 2159 828 2243 κάνειον,
872 2159 1109 2249 κήλεος
1138 2160 1416 2250 κήλειος,
1458 2159 1699 2249 κήδεος
1732 2158 2018 2248 κήὸἐιος,
2063 2158 2364 2248 σιδήρεος
2394 2158 2569 2249 σιδή-

328 2289 534 2350 ρειος,
572 2261 858 2350 χάλκεος
904 2262 1226 2350 χάλκειος.
1314 2261 1600 2351 ταύρεος
1662 2273 1840 2332 habet
1884 2272 2206 2348 Hesiodus,
2262 2260 2571 2351 τοέύρειος

330 2375 648 2435 Homerus.
721 2375 838 2437 Sed
868 2377 1203 2454 posteriore
1230 2380 1501 2453 tempore
1533 2381 1596 2435 et
1622 2376 1974 2453 praesertim
2003 2377 2063 2433 in
2093 2376 2276 2434 attica
2314 2374 2570 2434 dialecto

328 2484 560 2539 certum
605 2478 903 2556 quendam
948 2479 1187 2539 dicendi
1234 2495 1403 2539 usum
1449 2478 1837 2540 constitutum
1881 2495 2010 2538 csse
2055 2478 2236 2556 aiunt,
2282 2482 2347 2537 ut
2374 2477 2569 2554 adjec-

328 2581 475 2641 tivis
517 2581 825 2641 materiam
869 2580 1325 2657 designantibus
1382 2582 1444 2640 in
1490 2582 1675 2640 attica
1718 2579 1973 2640 dialecto
2017 2580 2334 2640 conveniat
2375 2580 2572 2639 termi-

327 2686 494 2745 natio
538 2699 667 2758 εος,
709 2689 896 2745 conix.
941 2680 1076 2760 οῦς,
1119 2684 1178 2744 in
1208 2688 1519 2761 poetarum
1564 2701 1712 2743 vero
1759 2683 2019 2743 dictione
2065 2698 2215 2752 ειος.
2304 2682 2400 2742 Sic
2445 2680 2573 2741 fere

330 2787 715 2865 praecipiunt
756 2787 1143 2863 grammatici.
1227 2785 1345 2846 Sed
1391 2804 1606 2862 parum
1651 2791 1950 2847 accurate.
2022 2786 2174 2844 Nam
2221 2786 2324 2861 qui
2368 2801 2574 2843 omnes

331 2889 440 2950 has
484 2907 668 2950 voces
713 2889 1025 2965 collegerit
1066 2895 1248 2966 atque
1292 2889 1645 2966 inspexerit,
1700 2888 1990 2965 intelliget
2035 2887 2139 2947 ille
2183 2886 2455 2964 quidem,
2511 2885 2572 2945 in

332 2993 683 3052 universum
740 2991 860 3051 duo
915 3010 1141 3069 genera
1194 2990 1432 3051 dicendi
1492 2990 1733 3052 diversa
1793 3009 1950 3067 esse,
2006 3005 2262 3067 quorum
2322 2988 2573 3048 alterum

334 3101 425 3156 est
470 3096 737 3172 atticum,
794 3095 1046 3155 alterum
1093 3113 1213 3153 non
1261 3097 1575 3171 poetarum
1593 3087 1894 3171 ‘omnium
1946 3092 2053 3152 sed
2099 3095 2408 3169 poetarum
2454 3089 2574 3166 epi-

334 3216 567 3274 corum,
634 3201 942 3273 poetarum
1001 3197 1131 3256 aevi
1196 3194 1600 3272 alexandrini,
1668 3194 1928 3281 denique
1988 3192 2350 3270 scriptorum
2406 3189 2577 3251 iadis.

332 3300 515 3361 Attici
575 3317 721 3360 vero
782 3303 1025 3376 poetae,
1084 3299 1299 3358 scenici
1356 3298 1520 3374 dico,
1591 3281 1946 3373 plerumque
2005 3294 2389 3356 consentiunt
2441 3310 2576 3352 cum

331 3403 621 3480 prosaicis
663 3401 879 3478 atticis,
923 3400 1219 3461 interdum
1266 3415 1439 3460 usum
1473 3397 1713 3459 dicendi
1745 3398 1854 3459 sibi
1887 3399 2193 3475 proprium
2225 3398 2578 3473 sequuntur.

333 3506 607 3581 Ipsorum
652 3509 853 3563 autem
900 3504 1205 3563 nominum
1251 3501 1326 3562 de
1369 3502 1588 3579 quibus
1631 3502 1890 3579 agimus,
1949 3499 2104 3560 duae
2148 3503 2292 3560 suut
2336 3498 2580 3574 classes,

333 3608 522 3668 altera
566 3624 772 3667 eorum
820 3625 978 3683 quae
1021 3607 1080 3665 in
1126 3606 1311 3666 attica
1352 3603 1610 3665 dialecto
1664 3604 2137 3664 termlnationem
2185 3618 2294 3672 εος
2337 3600 2580 3677 habent,

338 3711 398 3770 in
445 3711 645 3770 ionica
674 3724 829 3779 ειος,
873 3708 1065 3769 altera
1107 3723 1314 3768 eorum
1362 3723 1518 3784 quae
1562 3707 1756 3766 ionice
1799 3706 1859 3765 in
1908 3722 2016 3776 εος
2058 3705 2358 3780 desinunt,
2401 3702 2581 3762 attice

335 3813 396 3873 in
443 3827 595 3882 ειος.
690 3810 860 3872 Illius
905 3810 1115 3871 classis
1156 3810 1304 3869 haec
1346 3812 1489 3869 sunt
1530 3807 1856 3869 vocabula:

335 4004 660 4095 ἀδελφεός
686 4017 758 4078 Η.
772 4016 944 4077 Pind.
955 4021 1110 4094 trag.
1125 4013 1266 4076 fflt.
1281 4013 1411 4074 dor.
1513 3996 1868 4090 ἇὸελφειός
1907 4012 1982 4074 Η.
2006 4007 2257 4088 Phocyl.
2289 4010 2402 4088 Ep.
2429 4011 2585 4086 post.

338 4115 482 4180 ἰτέα
526 4120 604 4180 H.
634 4119 778 4181 Hdt.
808 4119 952 4180 Eur.
981 4118 1082 4179 Ar.
1515 4107 1682 4204 ἰτεὶη
1724 4118 1842 4195 ΑΡ.
1867 4116 1978 4175 Rh.

339 4212 588 4282 κάνεον
632 4220 773 4282 inde
818 4221 899 4280 ab
938 4220 1125 4280 Hems
1515 4207 1792 4277 κάνειον
1834 4219 2007 4278 Hom.

340 4314 627 4402 κρόκεος
668 4324 739 4382 Ρ.
771 4323 915 4382 Dur.
1516 4309 1836 4399 κροκήιος
1882 4320 1941 4378 h.
1982 4319 2045 4378 in
2089 4318 2220 4377 Cer.

2252 4431 2285 4483 4
