3166 4871
530 231 655 292 236
1543 224 1806 279 Zacher

532 408 648 464 vet.
675 420 898 485 naum,
944 390 1368 481 ἀνώνυμος
1417 421 1557 463 vero
1605 422 1677 462 ex
1724 388 1979 479 όιόματ
2027 404 2139 478 vel,
2183 403 2342 479 quod
2376 404 2515 461 mihi
2560 402 2786 462 rectius

533 506 800 583 videtur,
859 527 934 566 ex
981 526 1134 565 nom.
1180 495 1423 582 ὄνομα,
1471 510 1537 565 ut
1580 492 1857 584 ἄναιμος
1914 490 2192 583 ὅμαιμος
2237 495 2595 583 ἐΰσσελμος
2641 489 2783 582 ἀρί-

532 623 736 687 οημος
784 594 1121 687 ἄσπερμος
1165 592 1578 685 ἀμφίστομος
1623 609 1697 666 al.
1771 610 2023 668 Temere
2056 609 2322 685 Boppius
2354 609 2489 685 Vgl.
2518 607 2618 668 Gr.
2648 604 2785 684 1112,

535 706 653 767 174
713 706 1166 789 et'Benfeyius
1224 712 1405 769 sz.
1436 711 1524 787 11,
1585 707 1663 767 83
1730 717 1968 787 praeter
2024 699 2300 790 παλάμῃ
2348 711 2525 771 etiam
2577 709 2783 768 thema

528 810 846 890 παλαματ
878 811 1218 889 παλαμαν,
1247 811 1528 872 Kuhnius
1558 814 1663 871 KZ
1686 814 1764 889 11,
1795 809 1917 870 393
1938 810 2265 891 ιπαλαμον
2298 810 2600 889 quondam
2634 812 2781 871 exti-

529 915 669 975 tisse
692 909 1281 991 affirmzzntsqnnrnm
1303 914 1629 973 formarum
1652 915 1880 974 nullum
1899 915 2140 975 omnino
2162 919 2353 976 exstat
2376 914 2781 975 testimonium

529 1016 690 1088 (nam
722 1016 1098 1076 substantiva
1128 1017 1349 1076 debilia
1379 1014 1579 1076 theod.
1609 1022 1728 1075 vet.
1759 1018 1968 1092 υοΙηια,
1997 1036 2119 1093 ags.
2145 1017 2336 1089 solme
2366 1035 2441 1076 ex
2472 1016 2657 1076 firmis
2688 1016 2775 1074 th.

528 1123 645 1181 vet.
674 1120 883 1191 voluta,
927 1136 1052 1178 sax.
1083 1123 1199 1179 vet.
1243 1120 1326 1195 pl.
1355 1114 1601 1196 nmmos,
1647 1138 1769 1195 ags.
1793 1119 1947 1191 fo‘lm
1978 1124 2119 1179 nata
2148 1122 2305 1195 sunt,
2349 1123 2408 1178 et
2438 1138 2527 1195 gr.
2557 1112 2781 1194 πέλμα

529 1222 691 1283 solea
734 1222 945 1298 planta
999 1222 1220 1281 rectius
1266 1240 1398 1281 cum
1446 1240 1568 1298 ags.
1608 1223 1735 1293 film
1781 1222 1880 1281 lat.
1917 1223 2096 1296 pellis
2143 1221 2419 1299 componi
2465 1220 2702 1280 videtur
2744 1239 2781 1278 a

529 1324 773 1402 Fick.1,
817 1321 983 1395 667).
1073 1317 1145 1380 δί
1162 1319 1457 1401 δυμνος
1501 1330 1698 1384 autem
1746 1324 1987 1384 omnino
2035 1343 2152 1384 non
2199 1323 2485 1384 traditum
2516 1327 2626 1400 est,
2669 1322 2780 1381 sed

529 1426 859 1486 Hermanni
901 1427 1249 1503 conjectura
1279 1431 1482 1485 natum
1514 1430 1574 1485 ct
1603 1445 1640 1485 a
1670 1425 1975 1486 Boeckhio
2009 1429 2313 1502 receptum
2356 1444 2454 1502 ap.
2482 1424 2655 1484 Pind.
2685 1424 2780 1484 01.

531 1530 639 1604 ΙΙΙ,
684 1526 784 1605 35,
840 1528 939 1587 ubi
1000 1528 1138 1588 boni
1199 1528 1436 1588 codices
1492 1528 1619 1587 fere
1675 1547 1882 1589 omnes
1928 1529 2152 1588 habent
2194 1517 2322 1587 οὖν
2367 1516 2779 1603 βαθυζώνου

531 1619 863 1707 διδύμοισι
908 1624 1098 1687 παισὶ
1144 1618 1386 1708 Λήδας,
1432 1632 1611 1707 pauci
1656 1620 1951 1708 διδύμεσι
1982 1631 2080 1691 vel
2111 1620 2430 1708 διδύμοις,
2476 1629 2780 1690 deterrimi

529 1732 772 1809 quidam
805 1733 1171 1792 recensionis
1204 1732 1668 1808 Moschopuleae
1715 1723 2076 1810 διδύμμοις,
2123 1733 2284 1812 quod
2315 1752 2352 1792 a
2382 1732 2778 1809 Moschopulo

528 1836 818 1911 scriptum
842 1852 971 1894 esse
1002 1839 1270 1913 apparet,
1303 1853 1486 1911 quum
1519 1841 1706 1897 metro
1742 1837 1979 1912 longam
2010 1836 2299 1912 syllabam
2331 1836 2491 1912 exigi
2520 1825 2778 1895 videret:

529 1944 588 1998 et
632 1937 722 1999 Ol.
767 1937 936 2013 XIII,
984 1934 1091 2015 21,
1147 1937 1255 2019 *ubi
1312 1955 1515 1997 omnes
1575 1938 1711 1998 libri
1771 1939 1999 1999 habent
2040 1925 2082 2017 ἢ
2128 1936 2319 1997 θεῶν
2378 1943 2640 1997 ναοῖσιν
2684 1931 2776 1996 οἰ-

527 2036 730 2098 ωνῶν
786 2036 1068 2119 βασιλῆα
1122 2033 1405 2118 δίδυμον
1464 2024 1760 2120 ἐπέθηκ’.
1866 2041 2078 2117 Itaque
2136 2060 2322 2117 quum
2380 2041 2530 2100 haec
2583 2040 2779 2100 forma

531 2142 705 2202 nullis
749 2142 1101 2203 testimoniis
1146 2144 1227 2203 sit
1269 2144 1526 2221 firmata,
1589 2163 1709 2204 non
1754 2143 2009 2204 debebat
2051 2164 2089 2204 a
2132 2145 2282 2204 viris
2326 2143 2519 2205 doctis
2564 2143 2777 2220 (Zeyss

530 2246 633 2304 KZ
669 2241 763 2322 17,
810 2240 952 2321 420,
997 2245 1225 2305 Walter
1255 2247 1357 2305 KZ
1395 2243 1488 2323 12,
1534 2243 1678 2324 406,
1721 2249 1935 2324 Bugge
1964 2247 2069 2306 ΚΖ
2106 2243 2200 2324 19,
2244 2242 2395 2323 423)
2441 2262 2549 2324 pro
2597 2264 2774 2323 argu-

530 2350 729 2406 mento
796 2346 1067 2408 adhiberi
1135 2349 1193 2408 in
1262 2348 1708 2424 quaestionibus
1771 2349 2192 2427 grammaticis.
2294 2348 2414 2408 Sed
2481 2352 2547 2409 ut
2610 2352 2776 2408 recte

529 2450 912 2510 Hermannus
956 2468 1031 2509 ex
1071 2455 1260 2510 metro
1292 2452 1676 2529 concluserit,
1719 2452 2042 2512 Pindarum
2074 2440 2419 2528 διδῦμνοις
2449 2452 2776 2528 scripsisse,

527 2555 725 2611 tamen
785 2551 1014 2612 nullum
1073 2570 1148 2613 ex
1194 2542 1305 2612 hac
1349 2553 1541 2622 forma
1594 2559 2011 2630 argumentum
2067 2555 2271 2632 colligi
2324 2558 2549 2632 potest,
2604 2538 2774 2612 ἁπά-

528 2652 779 2730 λαμνος
837 2671 912 2713 ex
975 2639 1321 2732 ἅπάλαμος
1373 2656 1474 2716 vel
1525 2645 1796 2735 καλάμη
1854 2662 2057 2717 natum
2115 2675 2293 2732 esse„
2349 2657 2443 2716 Ex
2502 2650 2776 2734 δίδυμος

532 2757 689 2817 enim
735 2755 953 2818 suffixo
999 2773 1080 2815 νο
1127 2775 1248 2815 non
1293 2756 1483 2833 potuit
1527 2756 1787 2817 derivari
1835 2759 1947 2818 nisi
1993 2747 2353 2835 διδύμινος,
2397 2776 2474 2817 ex
2518 2740 2774 2815 ἀπάλα-

529 2876 652 2938 μος
705 2877 827 2919 non
892 2859 1002 2918 nisi
1066 2844 1502 2936 ἀπαλάμινος.
1611 2859 1698 2920 cf.
1742 2861 1868 2920 Leo
1914 2862 2123 2937 Meyer
2181 2862 2312 2937 Vgl.
2358 2860 2460 2921 Gr.
2501 2860 2586 2938 11,
2632 2856 2774 2918 562.

533 2963 721 3022 Multo
781 2961 975 3021 minus
1032 2954 1305 3039 δίδυμος
1351 2981 1426 3022 ex
1472 2955 1789 3040 δι’δυμνος
1846 2964 2010 3023 nasci
2070 2964 2289 3041 potuit,
2346 2962 2510 3040 quod
2569 2967 2776 3022 censet

532 3067 740 3141 Buggc
785 3065 820 3124 l.
852 3065 888 3124 1.
975 3064 1092 3125 Sed
1155 3058 1428 3143 δίδυμος
1487 3050 1836 3142 ἄπάλαμος
1891 3069 1952 3126 et
2010 3059 2327 3144 δίδυμνος
2383 3050 2773 3143 ἀπάλαμνος

533 3186 608 3227 ex
667 3166 876 3228 iisdem
935 3166 1238 3227 radicibus
1297 3167 1568 3228 derivata
1626 3173 1767 3227 sunt
1819 3167 2073 3228 diversis
2117 3167 2350 3228 suffixis
2392 3168 2551 3227 idem
2597 3167 2770 3244 signi·

531 3270 877 3346 ficantibus,
934 3269 1153 3330 suffixo
1197 3286 1283 3347 μο
1330 3271 1463 3346 illa,
1520 3269 1738 3331 suffixo
1795 3287 1925 3346 μνο
1971 3270 2171 3331 haee..
2227 3271 2495 3347 Utroque
2553 3268 2771 3329 suffixo

531 3373 840 3450 finguntur
903 3373 1142 3432 nomina
1200 3373 1458 3450 agentis,
1518 3372 1577 3432 id
1640 3372 1801 3450 quod
1856 3372 1931 3433 de
1989 3372 2209 3433 suffixo
2253 3389 2381 3449 μνο
2417 3372 2544 3449 jam
2588 3388 2775 3448 supra

530 3495 587 3553 p.
618 3472 735 3533 231
787 3474 1355 3552 demonstravimus,
1417 3473 1493 3533 dc
1538 3473 1752 3535 suffixo
1809 3491 1929 3552 -μο
1977 3494 2099 3535 non
2144 3476 2336 3535 minus
2371 3479 2640 3552 constat,
2698 3472 2773 3532 cf.

532 3571 872 3654 φαίδιμος,
918 3571 1271 3655 κέρτομος,
1311 3566 1616 3654 χάλιμος,
1672 3563 1914 3656 ἄνεμος
1960 3578 2059 3638 lat.
2103 3579 2366 3650 animus,
2409 3565 2629 3655 θυμός
2672 3578 2774 3636 lat.

525 3680 736 3754 sumus
780 3697 894 3739 scr.
940 3674 1188 3752 ἀΙιίὶηιά,
1236 3665 1553 3757 ὄρχαμος,
1607 3669 1984 3758 πλόκαμος,
2040 3669 2360 3758 ποταμός.
2452 3679 2540 3741 cf.
2582 3680 2775 3757 Bopp.

533 3782 671 3858 Vgl.
717 3781 816 3843 Gr.
859 3779 977 3841 111²
1032 3781 1067 3853 ᾖ
1114 3777 1236 3838 805
1267 3799 1398 3859 sqq.
1473 3782 1542 3841 L.
1588 3783 1795 3859 Meyer
1841 3783 1972 3860 Vgl.
2030 3782 2131 3843 Gr.
2174 3784 2257 3860 11,
2302 3778 2424 3839 295
2454 3800 2611 3860 sqq„
2672 3783 2775 3860 qui

532 3884 873 3945 accuratius
904 3884 1273 3961 distinguere
1304 3884 1611 3945 debebant
1641 3886 1754 3945 hoc
1785 3885 2063 3946 suffixum
2093 3901 2179 3964 μο
2225 3886 2300 3945 ab
2344 3884 2611 3946 eiusdem
2658 3885 2772 3945 for·

531 4006 662 4047 mae
707 3971 923 4047 suffixo
967 4006 1088 4064 quo
1134 3987 1439 4048 abstracta
1481 3987 1808 4064 finguntur.

702 4089 870 4164 Quae
917 4108 1099 4166 quum
1147 4091 1228 4150 ita
1271 4090 1419 4169 sint,
1480 4110 1597 4151 non
1643 4110 1681 4151 a
1722 4080 1992 4171 παλάμη
2037 4090 2143 4152 sed
2189 4109 2227 4150 a
2270 4091 2458 4151 verbo
2511 4090 2773 4168 quodam

534 4177 930 4271 ἀπάλαμνος
1003 4193 1337 4254 derivatum
1412 4212 1541 4254 esse
1614 4194 1870 4255 videtur.
1979 4192 2295 4269 Quodnam
2360 4197 2559 4255 autem
2625 4192 2774 4255 illud
