3166 4871
529 280 652 340 230

527 456 643 515 illis
682 462 985 534 praestare
1015 459 1177 519 visos
1222 477 1367 531 esse,
1412 461 1762 538 praesertim
1796 478 1928 519 cum
1976 478 2078 520 eas
2107 460 2283 519 animi
2330 464 2511 536 atque
2542 459 2765 536 ingenii

529 559 871 639 facultates,
933 580 1085 638 quae
1133 580 1265 622 cum
1312 561 1389 622 ad
1447 581 1648 640 nsum,
1692 569 1815 623 tum
1860 561 1936 621 ad
1997 563 2422 639 rempublicam
2479 566 2766 640 spectant,

526 662 798 739 majoris,
854 667 921 723 ut
967 669 1097 723 erat
1142 665 1318 725 homo
1364 666 1695 743 Romanus,
1739 665 1983 736 faceret,
2042 684 2221 741 quam
2281 683 2439 743 quae
2481 664 2559 725 ad
2606 668 2768 725 artes

527 766 876 843 litterasque
939 770 997 825 et
1053 766 1129 826 ad
1190 786 1386 828 rernm
1453 768 1851 846 cognitionem
1925 768 2056 827 usui
2118 772 2272 828 sunt.
2296 764 2368 840 ¹⁰)
2479 765 2767 828 Omnibus

529 873 722 928 autem
786 867 844 929 in
909 869 1088 930 rebus
1150 870 1394 947 ingenia
1439 872 1840 931 Romanorum
1891 870 2134 932 Graecis
2181 869 2579 949 praeferenda
2636 887 2768 931 esse

528 990 660 1031 eum
692 990 833 1031 vere
886 976 1129 1050 putasse
1161 992 1334 1050 nego,
1381 992 1742 1050 quamquam
1798 972 2098 1033 interdum
2144 974 2325 1033 nimia
2353 974 2444 1033 sui
2491 971 2768 1050 opinione

528 1073 606 1133 ad
653 1075 806 1134 hanc
850 1077 1203 1136 sententiam
1252 1095 1389 1137 eum
1419 1075 1773 1154 perductum
1821 1094 1953 1136 esse
1997 1074 2279 1136 credibile
2316 1081 2423 1135 est.
2510 1075 2603 1135 Ita
2645 1092 2766 1135 rem

529 1196 593 1237 se
640 1177 886 1248 habere,
945 1182 1011 1238 ut
1055 1180 1351 1256 omittam,
1410 1198 1565 1256 quae
1612 1198 1696 1240 or.
1730 1182 1849 1240 132
1895 1179 2021 1239 sine
2067 1179 2248 1239 dubio
2294 1196 2412 1238 nou
2458 1197 2532 1238 ex
2589 1177 2768 1237 animi

532 1281 833 1339 sententia
877 1280 950 1340 de
1009 1298 1074 1341 se
1120 1282 1251 1358 ipso
1314 1281 1623 1342 disseruit:
1691 1282 1909 1349 „Nulla
1954 1299 2043 1340 me
2089 1281 2343 1358 ingenii,
2400 1279 2507 1339 sed
2553 1298 2772 1358 magna

530 1383 621 1441 vis
668 1383 850 1441 animi
885 1383 1244 1442 inflammat“
1297 1385 1635 1443 luculenter
1664 1386 1924 1461 probant
1965 1382 2125 1443 haud
2158 1384 2333 1460 pauci
2379 1383 2510 1455 loci,
2554 1382 2772 1460 quibus

530 1485 772 1562 ingenia
817 1485 1182 1546 Graecorum
1243 1486 1473 1565 magnis
1539 1485 1818 1546 laudibus
1877 1488 2069 1547 effert.
2158 1487 2338 1545 Velut
2381 1485 2438 1546 d.
2482 1504 2568 1545 or.
2606 1491 2659 1563 1,
2688 1488 2768 1547 22

530 1587 639 1647 hos
686 1606 805 1647 non
865 1588 1050 1647 solum
1100 1589 1340 1667 ingenio
1386 1593 1446 1648 ct
1509 1587 1813 1666 doctrina,
1871 1587 1974 1649 sed
2036 1589 2208 1648 etiam
2270 1589 2391 1648 otio
2451 1587 2773 1664 studioque

530 1688 839 1750 abundare
885 1690 1029 1750 dicit
1082 1697 1142 1751 et
1188 1691 1327 1751 ibid.
1377 1697 1430 1760 3,
1468 1695 1547 1752 57
1601 1692 1879 1752 Crassum
1925 1690 2195 1751 homines
2259 1690 2773 1750 excellentissimis

530 1793 787 1870 ingeniis
848 1812 918 1852 ac
963 1794 1165 1869 paullo
1230 1797 1368 1871 post
1412 1794 1785 1854 doctissimos
1839 1793 2107 1854 homiues
2171 1792 2293 1853 otio
2349 1792 2527 1853 nimio
2587 1797 2646 1853 et
2687 1793 2774 1853 in·

529 1895 718 1972 geniis
749 1894 1060 1955 uberrimis
1104 1896 1420 1956 affluentes
1465 1915 1566 1957 eos
1601 1897 2001 1974 appellantem
2049 1896 2291 1956 inducit.
2377 1896 2454 1956 Hi
2491 1894 2611 1955 duo
2657 1896 2774 1955 loci

531 1998 606 2057 ad
656 1998 963 2058 Ciceronis
1008 1999 1269 2058 Graecos
1328 1999 1613 2058 laudandi
1678 1998 1969 2058 rationem
2017 1998 2428 2058 illustrandam
2490 1998 2778 2075 aptissimi

532 2105 690 2160 sunt.
770 2101 925 2177 Ipsis
971 2102 1124 2160 euim
1159 2100 1439 2160 laudibus
1485 2101 1586 2162 otii
1620 2100 1985 2161 Graecorum
2019 2102 2373 2161 mentionem
2404 2101 2487 2160 ita
2513 2101 2781 2178 inseruit,

531 2206 597 2262 ut
641 2203 820 2262 tacite
866 2203 1184 2275 indicaret,
1244 2204 1357 2263 hoc
1419 2205 1671 2264 maxime
1736 2203 2077 2264 facultatem
2139 2203 2484 2280 praebuisse
2528 2202 2776 2264 Graecis

530 2305 607 2364 ad
654 2306 984 2366 litterarum
1031 2305 1228 2366 studia
1273 2306 1627 2383 excolenda,
1673 2324 1804 2366 cum
1838 2307 2084 2367 Romani
2127 2324 2359 2366 omnem
2407 2324 2651 2384 operam
2697 2304 2776 2365 ad

530 2408 954 2487 rempublicam
1001 2427 1238 2487 semper
1283 2408 1639 2470 conferrent.
1727 2409 2049 2470 Praeterea
2095 2429 2169 2470 ea
2213 2427 2456 2487 qnoque
2499 2426 2564 2470 re
2596 2407 2777 2470 Grae-

532 2530 735 2572 corum
797 2512 854 2570 in
899 2513 1111 2572 litteris
1156 2514 1580 2590 praestantiam
1631 2514 1864 2572 occulte
1929 2511 2259 2573 concedere
2306 2512 2560 2589 videtur,
2614 2511 2776 2589 quod

531 2615 744 2674 iterum
809 2617 991 2690 atque
1039 2615 1254 2674 iterum
1318 2632 1448 2674 cum
1497 2616 1779 2675 Romanis
1825 2630 2067 2692 quoque
2128 2632 2283 2692 opus
2338 2633 2468 2675 esse
2514 2615 2779 2675 Graecas

533 2717 782 2794 litteras,
827 2722 950 2776 tum
993 2735 1058 2777 se
1104 2719 1291 2794 ipsum
1338 2718 1430 2777 his
1475 2718 1727 2778 maxime
1773 2716 1848 2776 ad
1895 2718 2178 2777 virtutem
2211 2718 2527 2777 oratoriam
2574 2734 2779 2777 couse-

533 2818 833 2896 quendam
881 2819 1154 2897 adjutum
1204 2837 1338 2879 csse
1385 2819 1603 2880 diserte
1650 2819 1983 2897 profitetur.
2071 2819 2243 2894 Quod
2303 2838 2435 2880 cum
2479 2818 2777 2880 affirmare

533 2939 652 2981 non
701 2921 1032 2994 dubitaret,
1094 2923 1139 2982 si
1187 2922 1542 3000 simpliciter
1601 2924 1956 3001 integreque
2000 2940 2124 2982 rem
2172 2921 2640 3000 considerasset,
2700 2920 2777 2980 ad

533 3025 688 3085 hanc
736 3031 896 3086 certe
945 3026 1286 3101 opinionem
1323 3026 1651 3104 perductus
1698 3031 1856 3087 esset
1898 3057 1973 3067 —-
2027 3046 2059 3085 a
2108 3043 2228 3103 qua
2270 3024 2566 3085 interdum
2615 3023 2776 3083 hand

531 3129 711 3205 longe
751 3147 885 3187 enm
925 3128 1147 3188 afuisse
1189 3129 1484 3205 suspicari
1528 3129 1670 3188 licet
1717 3159 1803 3169 —
1845 3129 2074 3188 litteras
2105 3127 2386 3204 Graecas,
2428 3126 2775 3204 praesertim

534 3249 667 3291 cum
712 3232 988 3306 permulti
1038 3249 1141 3291 eas
1204 3230 1541 3308 opprimere
1585 3230 1920 3301 studerent,
1984 3249 2100 3291 non
2148 3235 2372 3290 tantam
2419 3229 2536 3288 vim
2593 3233 2776 3306 atque

538 3333 948 3393 auctoritatem
996 3334 1219 3394 Romae
1267 3334 1505 3410 assequi
1552 3334 1837 3410 potuisse,
1880 3332 1991 3393 nisi
2037 3352 2069 3393 e
2113 3337 2291 3410 gente
2335 3331 2516 3392 valde
2561 3332 2778 3391 ceteris

532 3435 862 3494 litterarum
919 3434 1121 3495 indole
1166 3439 1511 3513 praestante
1557 3439 1918 3495 manassent.
2006 3437 2205 3512 Atque
2252 3439 2315 3494 ut
2361 3434 2629 3495 ex‘locis
2658 3432 2777 3493 huc

536 3537 976 3614 pertinentibus
1024 3539 1346 3598 nonnullos
1391 3538 1710 3615 proferam,
1754 3538 1829 3598 ad
1877 3537 1948 3611 Q.
1979 3538 2051 3598 fr.
2086 3543 2140 3615 1,
2175 3543 2227 3611 1,
2259 3540 2336 3597 27
2385 3535 2649 3597 Graecos
2694 3564 2776 3575 —

536 3658 895 3716 quamquam
946 3642 1100 3700 enim
1147 3641 1221 3700 de
1253 3641 1324 3700 iis
1371 3642 1612 3719 proprie
1642 3658 1837 3702 sermo
1883 3645 1990 3718 est,
2035 3641 2138 3718 qui
2169 3641 2375 3701 Asiam
2405 3637 2774 3717 provinciam

534 3746 658 3802 tum
705 3761 742 3802 a
787 3743 1007 3815 Quinto
1057 3742 1345 3803 Cicerone
1390 3743 1857 3804 administratam
1903 3744 2204 3814 tenebant,
2249 3747 2441 3802 tamen
2488 3745 2614 3802 tota
2658 3741 2776 3801 loci

536 3852 753 3905 natura
808 3844 1094 3922 probatur
1154 3847 1206 3905 ei
1272 3865 1476 3907 omnes
1520 3846 1785 3908 Graecos
1830 3846 1905 3906 ob
1951 3846 2157 3906 oculos
2201 3849 2476 3905 versatos
2520 3861 2650 3904 esse
2693 3873 2776 3882 —

535 3948 800 4026 appellat
857 3948 917 4007 id
978 3966 1170 4026 genus
1229 3948 1529 4009 hominum
1591 3966 1738 4019 „non
1798 3947 1971 4008 modo
2027 3949 2088 4006 in
2153 3966 2271 4025 quo
2330 3948 2460 4022 ipso
2507 3946 2612 4024 sit,
2669 3944 2774 4005 sed

714 4185 773 4245 ¹⁰)
812 4177 882 4235 cf.
919 4195 1062 4250 quae
1099 4179 1454 4234 Drumannus
1492 4181 1525 4234 Ι.
1561 4180 1598 4233 l.
1624 4177 1724 4243 VI,
1760 4197 1814 4249 p.
1842 4183 1942 4233 526
1978 4178 2049 4233 de
2084 4177 2429 4247 singularum
2469 4176 2777 4231 litterarum

537 4281 604 4321 ex
643 4265 817 4321 nostri
855 4264 1137 4319 sententia
1175 4265 1295 4320 loco
1330 4279 1395 4318 ac
1433 4263 1707 4334 dignitate
1744 4264 1990 4319 disserit.
