<?xml version="1.0" encoding="UTF-8"?>
<!DOCTYPE html PUBLIC "-//W3C//DTD XHTML 1.0 Transitional//EN"
    "http://www.w3.org/TR/xhtml1/DTD/xhtml1-transitional.dtd">
<html xmlns="http://www.w3.org/1999/xhtml" xml:lang="en" lang="en">
 <head>
  <title>
</title>
<meta http-equiv="Content-Type" content="text/html;charset=utf-8" />
  <meta name='ocr-system' content='tesseract 3.04.00' />
  <meta name='ocr-capabilities' content='ocr_page ocr_carea ocr_par ocr_line ocrx_word'/>
</head>
<body>
  <div class='ocr_page' id='page_1' title='image "./dissertationesp00hallgoog_0568.png"; bbox 0 0 3166 4871; ppageno 0'>
   <div class='ocr_carea' id='block_1_1' title="bbox 546 271 670 331">
    <p class='ocr_par' dir='ltr' id='par_1_1' title="bbox 546 271 670 331">
     <span class='ocr_line' id='line_1_1' title="bbox 546 271 670 331; baseline 0.008 -1"><span class='ocrx_word' id='word_1_1' title='bbox 546 271 670 331; x_wconf 79' lang='lat'><strong>210</strong></span> 
     </span>
    </p>
   </div>
   <div class='ocr_carea' id='block_1_2' title="bbox 542 442 2787 727">
    <p class='ocr_par' dir='ltr' id='par_1_2' title="bbox 542 442 2787 727">
     <span class='ocr_line' id='line_1_2' title="bbox 544 442 2782 522; baseline 0 -19"><span class='ocrx_word' id='word_1_2' title='bbox 544 442 898 522; x_wconf 80' lang='lat' dir='ltr'><strong>Sophoclem</strong></span> <span class='ocrx_word' id='word_1_3' title='bbox 946 445 1234 520; x_wconf 76' lang='lat' dir='ltr'><strong>tragicum</strong></span> <span class='ocrx_word' id='word_1_4' title='bbox 1282 444 1630 504; x_wconf 83' lang='lat' dir='ltr'><strong>somniando</strong></span> <span class='ocrx_word' id='word_1_5' title='bbox 1689 444 2145 505; x_wconf 83' lang='lat' dir='ltr'><strong>redinvcuisse.“</strong></span> <span class='ocrx_word' id='word_1_6' title='bbox 2192 475 2277 485; x_wconf 89' lang='lat'><em>—</em></span> <span class='ocrx_word' id='word_1_7' title='bbox 2320 445 2782 522; x_wconf 74' lang='lat' dir='ltr'><strong>Neoptolemum</strong></span> 
     </span>
     <span class='ocr_line' id='line_1_3' title="bbox 542 545 2787 623; baseline 0 -17"><span class='ocrx_word' id='word_1_8' title='bbox 542 545 872 606; x_wconf 82' lang='lat' dir='ltr'><strong>Alexandri</strong></span> <span class='ocrx_word' id='word_1_9' title='bbox 935 546 1092 606; x_wconf 90' lang='lat' dir='ltr'><strong>bello</strong></span> <span class='ocrx_word' id='word_1_10' title='bbox 1157 547 1259 605; x_wconf 91' lang='lat' dir='ltr'><strong>illo</strong></span> <span class='ocrx_word' id='word_1_11' title='bbox 1323 547 1593 607; x_wconf 86' lang='lat' dir='ltr'><strong>comitem</strong></span> <span class='ocrx_word' id='word_1_12' title='bbox 1654 545 1868 620; x_wconf 83' lang='lat' dir='ltr'><strong>fuisse,</strong></span> <span class='ocrx_word' id='word_1_13' title='bbox 1945 547 2083 606; x_wconf 85' lang='lat' dir='ltr'><strong>alibi</strong></span> <span class='ocrx_word' id='word_1_14' title='bbox 2146 547 2430 606; x_wconf 90' lang='lat' dir='ltr'><strong>traditum</strong></span> <span class='ocrx_word' id='word_1_15' title='bbox 2488 567 2607 607; x_wconf 88' lang='lat' dir='ltr'><strong>non</strong></span> <span class='ocrx_word' id='word_1_16' title='bbox 2666 552 2787 623; x_wconf 87' lang='lat' dir='ltr'><strong>est;</strong></span> 
     </span>
     <span class='ocr_line' id='line_1_4' title="bbox 543 647 2784 727; baseline 0.001 -20"><span class='ocrx_word' id='word_1_17' title='bbox 543 647 727 708; x_wconf 81' lang='lat' dir='ltr'><strong>fuisse</strong></span> <span class='ocrx_word' id='word_1_18' title='bbox 757 650 1000 709; x_wconf 80' lang='lat' dir='ltr'><strong>comites</strong></span> <span class='ocrx_word' id='word_1_19' title='bbox 1030 648 1162 725; x_wconf 88' lang='lat' dir='ltr'><strong>ejus</strong></span> <span class='ocrx_word' id='word_1_20' title='bbox 1194 653 1429 708; x_wconf 83' lang='lat' dir='ltr'><strong>constat</strong></span> <span class='ocrx_word' id='word_1_21' title='bbox 1458 647 1830 725; x_wconf 85' lang='lat' dir='ltr'><strong>Thessalum,</strong></span> <span class='ocrx_word' id='word_1_22' title='bbox 1862 649 2335 727; x_wconf 79' lang='lat' dir='ltr'><strong>Athenodorum,</strong></span> <span class='ocrx_word' id='word_1_23' title='bbox 2362 651 2784 710; x_wconf 80' lang='lat' dir='ltr'><strong>Aristocritum</strong></span> 
     </span>
    </p>
   </div>
   <div class='ocr_carea' id='block_1_3' title="bbox 540 750 2788 4312">
    <p class='ocr_par' dir='ltr' id='par_1_3' title="bbox 541 750 2788 1629">
     <span class='ocr_line' id='line_1_5' title="bbox 541 750 2787 828; baseline 0.001 -19"><span class='ocrx_word' id='word_1_24' title='bbox 541 751 833 828; x_wconf 86' lang='lat' dir='ltr'><strong>tragicos,</strong></span> <span class='ocrx_word' id='word_1_25' title='bbox 909 750 1238 827; x_wconf 82' lang='lat' dir='ltr'><strong>Lyconem,</strong></span> <span class='ocrx_word' id='word_1_26' title='bbox 1312 750 1762 826; x_wconf 87' lang='lat' dir='ltr'><strong>Phormionem,</strong></span> <span class='ocrx_word' id='word_1_27' title='bbox 1836 752 2175 812; x_wconf 76' lang='lat' dir='ltr'><strong>Aristonem</strong></span> <span class='ocrx_word' id='word_1_28' title='bbox 2236 753 2491 812; x_wconf 89' lang='lat' dir='ltr'><strong>comicos</strong></span> <span class='ocrx_word' id='word_1_29' title='bbox 2551 756 2787 811; x_wconf 79' lang='lat' dir='ltr'><strong>actores</strong></span> 
     </span>
     <span class='ocr_line' id='line_1_6' title="bbox 543 850 2786 932; baseline 0.001 -22"><span class='ocrx_word' id='word_1_30' title='bbox 543 850 723 925; x_wconf 90' lang='lat' dir='ltr'><strong>(Plut.</strong></span> <span class='ocrx_word' id='word_1_31' title='bbox 766 852 841 912; x_wconf 90' lang='lat' dir='ltr'><strong>de</strong></span> <span class='ocrx_word' id='word_1_32' title='bbox 872 852 1052 911; x_wconf 65' lang='lat' dir='ltr'><strong>Alex.</strong></span> <span class='ocrx_word' id='word_1_33' title='bbox 1077 852 1214 912; x_wconf 86' lang='lat' dir='ltr'><strong>fort.</strong></span> <span class='ocrx_word' id='word_1_34' title='bbox 1244 853 1317 929; x_wconf 90' lang='lat'><strong>11,</strong></span> <span class='ocrx_word' id='word_1_35' title='bbox 1349 856 1419 921; x_wconf 82' lang='lat'><strong>2;</strong></span> <span class='ocrx_word' id='word_1_36' title='bbox 1464 853 1564 913; x_wconf 87' lang='lat' dir='ltr'><strong>vit.</strong></span> <span class='ocrx_word' id='word_1_37' title='bbox 1600 853 1768 912; x_wconf 84' lang='lat' dir='ltr'><strong>Alex.</strong></span> <span class='ocrx_word' id='word_1_38' title='bbox 1805 857 1900 930; x_wconf 89' lang='lat'><strong>10,</strong></span> <span class='ocrx_word' id='word_1_39' title='bbox 1923 858 2037 920; x_wconf 73' lang='lat'><strong>293</strong></span> <span class='ocrx_word' id='word_1_40' title='bbox 2088 854 2299 914; x_wconf 87' lang='lat' dir='ltr'><strong>Athen.</strong></span> <span class='ocrx_word' id='word_1_41' title='bbox 2330 855 2460 925; x_wconf 82' lang='lat' dir='ltr'><strong>XII,</strong></span> <span class='ocrx_word' id='word_1_42' title='bbox 2493 873 2548 932; x_wconf 88' lang='lat' dir='ltr'><strong>p.</strong></span> <span class='ocrx_word' id='word_1_43' title='bbox 2581 857 2704 915; x_wconf 86' lang='lat'><strong>538</strong></span> <span class='ocrx_word' id='word_1_44' title='bbox 2721 850 2786 926; x_wconf 86' lang='lat' dir='ltr'><strong>f.)</strong></span> 
     </span>
     <span class='ocr_line' id='line_1_7' title="bbox 543 1042 2787 1136; baseline 0 -19"><span class='ocrx_word' id='word_1_45' title='bbox 543 1057 801 1135; x_wconf 89' lang='lat' dir='ltr'><strong>quodam</strong></span> <span class='ocrx_word' id='word_1_46' title='bbox 873 1057 1211 1135; x_wconf 77' lang='lat' dir='ltr'><strong>dicebatur,</strong></span> <span class='ocrx_word' id='word_1_47' title='bbox 1287 1058 1391 1134; x_wconf 91' lang='lat' dir='ltr'><strong>qui</strong></span> <span class='ocrx_word' id='word_1_48' title='bbox 1448 1061 1596 1117; x_wconf 84' lang='lat' dir='ltr'><strong>teste</strong></span> <span class='ocrx_word' id='word_1_49' title='bbox 1664 1058 1920 1117; x_wconf 84' lang='lat' dir='ltr'><strong>Arriano</strong></span> <span class='ocrx_word' id='word_1_50' title='bbox 1980 1042 2111 1132; x_wconf 73' lang='grc' dir='ltr'><strong>(ἄν.</strong></span> <span class='ocrx_word' id='word_1_51' title='bbox 2162 1043 2284 1119; x_wconf 61' lang='lat'><strong>32.</strong></span> <span class='ocrx_word' id='word_1_52' title='bbox 2333 1060 2408 1136; x_wconf 90' lang='lat'><strong>11,</strong></span> <span class='ocrx_word' id='word_1_53' title='bbox 2449 1062 2550 1136; x_wconf 83' lang='lat'><strong>27,</strong></span> <span class='ocrx_word' id='word_1_54' title='bbox 2588 1057 2653 1130; x_wconf 85' lang='lat'><strong>9)</strong></span> <span class='ocrx_word' id='word_1_55' title='bbox 2724 1058 2787 1118; x_wconf 93' lang='lat' dir='ltr'><strong>in</strong></span> 
     </span>
     <span class='ocr_line' id='line_1_8' title="bbox 543 1144 2785 1237; baseline -0.001 -17"><span class='ocrx_word' id='word_1_56' title='bbox 543 1160 805 1237; x_wconf 76' lang='lat' dir='ltr'><strong>equestri</strong></span> <span class='ocrx_word' id='word_1_57' title='bbox 850 1159 1177 1219; x_wconf 77' lang='lat' dir='ltr'><strong>Alexandri</strong></span> <span class='ocrx_word' id='word_1_58' title='bbox 1222 1160 1466 1218; x_wconf 85' lang='lat' dir='ltr'><strong>cohorte</strong></span> <span class='ocrx_word' id='word_1_59' title='bbox 1523 1158 1638 1218; x_wconf 82' lang='lat' dir='ltr'><strong>fuit</strong></span> <span class='ocrx_word' id='word_1_60' title='bbox 1680 1144 2214 1237; x_wconf 63' lang='lat' dir='ltr'><strong>(„Neo³zto&#39;2.epto&lt;;</strong></span> <span class='ocrx_word' id='word_1_61' title='bbox 2255 1155 2397 1219; x_wconf 84' lang='grc' dir='ltr'><strong>τῶν</strong></span> <span class='ocrx_word' id='word_1_62' title='bbox 2441 1149 2785 1237; x_wconf 68' lang='grc' dir='ltr'><strong><em>ἑταίρωνἿ</em></strong></span> 
     </span>
     <span class='ocr_line' id='line_1_9' title="bbox 543 1260 2785 1339; baseline -0 -18"><span class='ocrx_word' id='word_1_63' title='bbox 543 1269 604 1321; x_wconf 91' lang='lat' dir='ltr'><strong>et</strong></span> <span class='ocrx_word' id='word_1_64' title='bbox 647 1263 706 1322; x_wconf 92' lang='lat' dir='ltr'><strong>in</strong></span> <span class='ocrx_word' id='word_1_65' title='bbox 738 1263 888 1322; x_wconf 85' lang='lat' dir='ltr'><strong>urbe</strong></span> <span class='ocrx_word' id='word_1_66' title='bbox 917 1262 1082 1323; x_wconf 76' lang='lat' dir='ltr'><strong>Gaza</strong></span> <span class='ocrx_word' id='word_1_67' title='bbox 1114 1260 1522 1339; x_wconf 87' lang='lat' dir='ltr'><strong>expugnanda</strong></span> <span class='ocrx_word' id='word_1_68' title='bbox 1567 1260 1916 1321; x_wconf 84' lang='lat' dir='ltr'><strong>fortitudine</strong></span> <span class='ocrx_word' id='word_1_69' title='bbox 1962 1267 2142 1339; x_wconf 90' lang='lat' dir='ltr'><strong>atque</strong></span> <span class='ocrx_word' id='word_1_70' title='bbox 2174 1262 2424 1321; x_wconf 83' lang='lat' dir='ltr'><strong>audacia</strong></span> <span class='ocrx_word' id='word_1_71' title='bbox 2453 1261 2785 1339; x_wconf 87' lang='lat' dir='ltr'><strong>praestitit;</strong></span> 
     </span>
     <span class='ocr_line' id='line_1_10' title="bbox 543 1360 2782 1442; baseline -0.002 -18"><span class='ocrx_word' id='word_1_72' title='bbox 543 1383 720 1442; x_wconf 88' lang='lat' dir='ltr'><strong>quem</strong></span> <span class='ocrx_word' id='word_1_73' title='bbox 751 1364 1046 1424; x_wconf 87' lang='lat' dir='ltr'><strong>Arrianus</strong></span> <span class='ocrx_word' id='word_1_74' title='bbox 1092 1363 1339 1424; x_wconf 86' lang='lat' dir='ltr'><strong>adnotat</strong></span> <span class='ocrx_word' id='word_1_75' title='bbox 1382 1380 1570 1439; x_wconf 86' lang='lat' dir='ltr'><strong>genus</strong></span> <span class='ocrx_word' id='word_1_76' title='bbox 1617 1382 1787 1423; x_wconf 86' lang='lat' dir='ltr'><strong>suum</strong></span> <span class='ocrx_word' id='word_1_77' title='bbox 1831 1366 1909 1423; x_wconf 90' lang='lat' dir='ltr'><strong>ab</strong></span> <span class='ocrx_word' id='word_1_78' title='bbox 1956 1363 2236 1424; x_wconf 83' lang='lat' dir='ltr'><strong>Aeacidis</strong></span> <span class='ocrx_word' id='word_1_79' title='bbox 2282 1362 2588 1440; x_wconf 82' lang='lat' dir='ltr'><strong>repetiisse</strong></span> <span class='ocrx_word' id='word_1_80' title='bbox 2632 1360 2782 1436; x_wconf 80' lang='lat' dir='ltr'><strong>(„N.</strong></span> 
     </span>
     <span class='ocr_line' id='line_1_11' title="bbox 543 1455 2788 1543; baseline -0.001 -18"><span class='ocrx_word' id='word_1_81' title='bbox 543 1463 683 1525; x_wconf 83' lang='grc' dir='ltr'><strong>τῶν</strong></span> <span class='ocrx_word' id='word_1_82' title='bbox 715 1455 999 1543; x_wconf 78' lang='grc' dir='ltr'><strong><em>ἑταίρων</em></strong></span> <span class='ocrx_word' id='word_1_83' title='bbox 1040 1462 1172 1524; x_wconf 81' lang='grc' dir='ltr'><strong>τοῦ</strong></span> <span class='ocrx_word' id='word_1_84' title='bbox 1201 1457 1547 1525; x_wconf 78' lang='grc' dir='ltr'><strong><em>Αἰακιδῶν</em></strong></span> <span class='ocrx_word' id='word_1_85' title='bbox 1596 1458 1921 1543; x_wconf 72' lang='grc' dir='ltr'><strong><em>γένουςἽ,</em></strong></span> <span class='ocrx_word' id='word_1_86' title='bbox 1962 1466 2021 1525; x_wconf 92' lang='lat' dir='ltr'><strong>id</strong></span> <span class='ocrx_word' id='word_1_87' title='bbox 2055 1465 2219 1542; x_wconf 90' lang='lat' dir='ltr'><strong>quod</strong></span> <span class='ocrx_word' id='word_1_88' title='bbox 2268 1467 2473 1526; x_wconf 85' lang='lat' dir='ltr'><strong>melius</strong></span> <span class='ocrx_word' id='word_1_89' title='bbox 2505 1464 2788 1524; x_wconf 84' lang='lat' dir='ltr'><strong>convenit</strong></span> 
     </span>
     <span class='ocr_line' id='line_1_12' title="bbox 541 1567 1620 1629; baseline -0.001 -2"><span class='ocrx_word' id='word_1_90' title='bbox 541 1569 794 1629; x_wconf 81' lang='lat' dir='ltr'><strong>fabellae</strong></span> <span class='ocrx_word' id='word_1_91' title='bbox 840 1587 878 1627; x_wconf 88' lang='lat' dir='ltr'><strong>a</strong></span> <span class='ocrx_word' id='word_1_92' title='bbox 920 1567 1299 1628; x_wconf 76' lang='lat' dir='ltr'><strong>Tertulliano</strong></span> <span class='ocrx_word' id='word_1_93' title='bbox 1347 1567 1620 1628; x_wconf 81' lang='lat' dir='ltr'><strong>traditae.</strong></span> 
     </span>
    </p>

    <p class='ocr_par' dir='ltr' id='par_1_4' title="bbox 540 1669 2786 3490">
     <span class='ocr_line' id='line_1_13' title="bbox 715 1669 2782 1752; baseline -0 -22"><span class='ocrx_word' id='word_1_94' title='bbox 715 1671 796 1730; x_wconf 88' lang='lat' dir='ltr'><strong>Ut</strong></span> <span class='ocrx_word' id='word_1_95' title='bbox 824 1670 1198 1752; x_wconf 86' lang='lat' dir='ltr'><strong>Aristodemo</strong></span> <span class='ocrx_word' id='word_1_96' title='bbox 1245 1676 1306 1729; x_wconf 90' lang='lat' dir='ltr'><strong>et</strong></span> <span class='ocrx_word' id='word_1_97' title='bbox 1335 1669 1733 1746; x_wconf 85' lang='lat' dir='ltr'><strong>Neoptolemo</strong></span> <span class='ocrx_word' id='word_1_98' title='bbox 1765 1669 2005 1730; x_wconf 81' lang='lat' dir='ltr'><strong>favebat</strong></span> <span class='ocrx_word' id='word_1_99' title='bbox 2034 1671 2368 1748; x_wconf 85' lang='lat' dir='ltr'><strong>Philippus,</strong></span> <span class='ocrx_word' id='word_1_100' title='bbox 2415 1672 2499 1730; x_wconf 85' lang='lat' dir='ltr'><strong>ita</strong></span> <span class='ocrx_word' id='word_1_101' title='bbox 2526 1670 2782 1730; x_wconf 90' lang='lat' dir='ltr'><strong>Alexan·</strong></span> 
     </span>
     <span class='ocr_line' id='line_1_14' title="bbox 543 1772 2784 1845; baseline -0.001 -11"><span class='ocrx_word' id='word_1_102' title='bbox 543 1774 652 1834; x_wconf 87' lang='lat' dir='ltr'><strong>der</strong></span> <span class='ocrx_word' id='word_1_103' title='bbox 681 1773 1008 1845; x_wconf 74' lang='lat' dir='ltr'><strong>Thessalo,</strong></span> <span class='ocrx_word' id='word_1_104' title='bbox 1057 1773 1466 1845; x_wconf 73' lang='lat' dir='ltr'><strong>Athenodoro,</strong></span> <span class='ocrx_word' id='word_1_105' title='bbox 1498 1774 1882 1832; x_wconf 73' lang='lat' dir='ltr'><strong>Aristocrito.</strong></span> <span class='ocrx_word' id='word_1_106' title='bbox 1945 1775 2011 1833; x_wconf 91' lang='lat' dir='ltr'><strong>In</strong></span> <span class='ocrx_word' id='word_1_107' title='bbox 2042 1772 2398 1833; x_wconf 85' lang='lat' dir='ltr'><strong>Thessalum</strong></span> <span class='ocrx_word' id='word_1_108' title='bbox 2432 1779 2494 1832; x_wconf 91' lang='lat' dir='ltr'><strong>et</strong></span> <span class='ocrx_word' id='word_1_109' title='bbox 2520 1773 2784 1833; x_wconf 89' lang='lat' dir='ltr'><strong>Atheno-</strong></span> 
     </span>
     <span class='ocr_line' id='line_1_15' title="bbox 542 1874 2786 1952; baseline -0.002 -15"><span class='ocrx_word' id='word_1_110' title='bbox 542 1877 751 1937; x_wconf 89' lang='lat' dir='ltr'><strong>dorum</strong></span> <span class='ocrx_word' id='word_1_111' title='bbox 808 1877 1062 1952; x_wconf 84' lang='lat' dir='ltr'><strong>primum</strong></span> <span class='ocrx_word' id='word_1_112' title='bbox 1123 1874 1438 1935; x_wconf 86' lang='lat' dir='ltr'><strong>incidimus</strong></span> <span class='ocrx_word' id='word_1_113' title='bbox 1494 1877 1553 1935; x_wconf 92' lang='lat' dir='ltr'><strong>in</strong></span> <span class='ocrx_word' id='word_1_114' title='bbox 1610 1876 1998 1951; x_wconf 87' lang='lat' dir='ltr'><strong>inscriptione</strong></span> <span class='ocrx_word' id='word_1_115' title='bbox 2055 1874 2188 1951; x_wconf 86' lang='lat' dir='ltr'><strong>illa,</strong></span> <span class='ocrx_word' id='word_1_116' title='bbox 2244 1876 2302 1935; x_wconf 89' lang='lat' dir='ltr'><strong>in</strong></span> <span class='ocrx_word' id='word_1_117' title='bbox 2363 1894 2489 1952; x_wconf 90' lang='lat' dir='ltr'><strong>qua</strong></span> <span class='ocrx_word' id='word_1_118' title='bbox 2548 1877 2786 1935; x_wconf 80' lang='lat' dir='ltr'><strong>nomina</strong></span> 
     </span>
     <span class='ocr_line' id='line_1_16' title="bbox 541 1969 2784 2055; baseline -0.002 -15"><span class='ocrx_word' id='word_1_119' title='bbox 541 1997 747 2040; x_wconf 89' lang='lat' dir='ltr'><strong>eorum</strong></span> <span class='ocrx_word' id='word_1_120' title='bbox 812 1997 932 2037; x_wconf 94' lang='lat' dir='ltr'><strong>una</strong></span> <span class='ocrx_word' id='word_1_121' title='bbox 992 1996 1123 2038; x_wconf 88' lang='lat' dir='ltr'><strong>cum</strong></span> <span class='ocrx_word' id='word_1_122' title='bbox 1170 1976 1547 2055; x_wconf 87' lang='lat' dir='ltr'><strong>Neoptolemi</strong></span> <span class='ocrx_word' id='word_1_123' title='bbox 1598 1981 1835 2037; x_wconf 86' lang='lat' dir='ltr'><strong>exstant</strong></span> <span class='ocrx_word' id='word_1_124' title='bbox 1878 1969 2003 2054; x_wconf 84' lang='lat' dir='ltr'><strong>(ap.</strong></span> <span class='ocrx_word' id='word_1_125' title='bbox 2048 1977 2416 2037; x_wconf 84' lang='lat' dir='ltr'><strong>Kochlerum</strong></span> <span class='ocrx_word' id='word_1_126' title='bbox 2461 1978 2497 2037; x_wconf 88' lang='lat' dir='ltr'><strong>l.</strong></span> <span class='ocrx_word' id='word_1_127' title='bbox 2529 1979 2564 2036; x_wconf 86' lang='lat' dir='ltr'><strong>l.</strong></span> <span class='ocrx_word' id='word_1_128' title='bbox 2610 1977 2682 2055; x_wconf 87' lang='lat'><strong>11,</strong></span> <span class='ocrx_word' id='word_1_129' title='bbox 2726 1995 2784 2054; x_wconf 88' lang='lat' dir='ltr'><strong>p.</strong></span> 
     </span>
     <span class='ocr_line' id='line_1_17' title="bbox 546 2079 2782 2157; baseline -0.002 -15"><span class='ocrx_word' id='word_1_130' title='bbox 546 2079 721 2153; x_wconf 82' lang='lat'><strong>112),</strong></span> <span class='ocrx_word' id='word_1_131' title='bbox 780 2081 857 2140; x_wconf 87' lang='lat' dir='ltr'><strong>ad</strong></span> <span class='ocrx_word' id='word_1_132' title='bbox 920 2099 1110 2141; x_wconf 88' lang='lat' dir='ltr'><strong>annos</strong></span> <span class='ocrx_word' id='word_1_133' title='bbox 1168 2084 1467 2141; x_wconf 83' lang='lat'>442—40</span> <span class='ocrx_word' id='word_1_134' title='bbox 1527 2080 1900 2157; x_wconf 88' lang='lat' dir='ltr'><strong>pertinente,</strong></span> <span class='ocrx_word' id='word_1_135' title='bbox 1969 2098 2088 2157; x_wconf 86' lang='lat' dir='ltr'><strong>qua</strong></span> <span class='ocrx_word' id='word_1_136' title='bbox 2143 2080 2472 2140; x_wconf 85' lang='lat' dir='ltr'><strong>Thessalus</strong></span> <span class='ocrx_word' id='word_1_137' title='bbox 2543 2081 2782 2156; x_wconf 86' lang='lat' dir='ltr'><strong>septies,</strong></span> 
     </span>
     <span class='ocr_line' id='line_1_18' title="bbox 543 2181 2783 2261; baseline -0.002 -17"><span class='ocrx_word' id='word_1_138' title='bbox 543 2183 968 2244; x_wconf 86' lang='lat' dir='ltr'><strong>Athenodorus</strong></span> <span class='ocrx_word' id='word_1_139' title='bbox 996 2189 1091 2243; x_wconf 89' lang='lat' dir='ltr'><strong>ter</strong></span> <span class='ocrx_word' id='word_1_140' title='bbox 1119 2185 1345 2261; x_wconf 87' lang='lat' dir='ltr'><strong>primas</strong></span> <span class='ocrx_word' id='word_1_141' title='bbox 1376 2181 1586 2259; x_wconf 85' lang='lat' dir='ltr'><strong>egisse,</strong></span> <span class='ocrx_word' id='word_1_142' title='bbox 1632 2182 1965 2242; x_wconf 82' lang='lat' dir='ltr'><strong>Thessalus</strong></span> <span class='ocrx_word' id='word_1_143' title='bbox 1994 2181 2179 2241; x_wconf 90' lang='lat' dir='ltr'><strong>semel</strong></span> <span class='ocrx_word' id='word_1_144' title='bbox 2211 2183 2540 2259; x_wconf 87' lang='lat' dir='ltr'><strong>praemium</strong></span> <span class='ocrx_word' id='word_1_145' title='bbox 2572 2182 2783 2241; x_wconf 86' lang='lat' dir='ltr'><strong>tulisse</strong></span> 
     </span>
     <span class='ocr_line' id='line_1_19' title="bbox 541 2284 2781 2361; baseline -0.001 -16"><span class='ocrx_word' id='word_1_146' title='bbox 541 2285 816 2346; x_wconf 88' lang='lat' dir='ltr'><strong>traditur.</strong></span> <span class='ocrx_word' id='word_1_147' title='bbox 901 2285 1199 2347; x_wconf 82' lang='lat' dir='ltr'><strong>Thessalo</strong></span> <span class='ocrx_word' id='word_1_148' title='bbox 1230 2284 1596 2360; x_wconf 85' lang='lat' dir='ltr'><strong>Alexander,</strong></span> <span class='ocrx_word' id='word_1_149' title='bbox 1639 2289 1792 2345; x_wconf 88' lang='lat' dir='ltr'><strong>teste</strong></span> <span class='ocrx_word' id='word_1_150' title='bbox 1822 2285 1983 2344; x_wconf 86' lang='lat' dir='ltr'><strong>Plut.</strong></span> <span class='ocrx_word' id='word_1_151' title='bbox 2014 2285 2187 2344; x_wconf 86' lang='lat' dir='ltr'><strong>Alex.</strong></span> <span class='ocrx_word' id='word_1_152' title='bbox 2222 2288 2317 2355; x_wconf 87' lang='lat'><strong>10,</strong></span> <span class='ocrx_word' id='word_1_153' title='bbox 2365 2289 2538 2361; x_wconf 89' lang='lat' dir='ltr'><strong>patre</strong></span> <span class='ocrx_word' id='word_1_154' title='bbox 2581 2284 2781 2343; x_wconf 88' lang='lat' dir='ltr'><strong>etiam-</strong></span> 
     </span>
     <span class='ocr_line' id='line_1_20' title="bbox 542 2383 2783 2466; baseline -0.001 -18"><span class='ocrx_word' id='word_1_155' title='bbox 542 2395 666 2449; x_wconf 90' lang='lat' dir='ltr'><strong>tum</strong></span> <span class='ocrx_word' id='word_1_156' title='bbox 712 2389 851 2449; x_wconf 84' lang='lat' dir='ltr'><strong>vivo</strong></span> <span class='ocrx_word' id='word_1_157' title='bbox 896 2385 1082 2461; x_wconf 90' lang='lat' dir='ltr'><strong>(circa</strong></span> <span class='ocrx_word' id='word_1_158' title='bbox 1122 2406 1172 2447; x_wconf 89' lang='lat' dir='ltr'><strong>a.</strong></span> <span class='ocrx_word' id='word_1_159' title='bbox 1220 2390 1343 2450; x_wconf 87' lang='lat'><strong>338</strong></span> <span class='ocrx_word' id='word_1_160' title='bbox 1391 2386 1462 2447; x_wconf 83' lang='lat' dir='ltr'><strong>cf.</strong></span> <span class='ocrx_word' id='word_1_161' title='bbox 1508 2385 1799 2447; x_wconf 82' lang='lat' dir='ltr'><strong>Schaefer</strong></span> <span class='ocrx_word' id='word_1_162' title='bbox 1845 2386 1882 2447; x_wconf 92' lang='lat' dir='ltr'><strong>l.</strong></span> <span class='ocrx_word' id='word_1_163' title='bbox 1914 2388 1951 2446; x_wconf 94' lang='lat' dir='ltr'><strong>l.</strong></span> <span class='ocrx_word' id='word_1_164' title='bbox 1995 2385 2104 2466; x_wconf 89' lang='lat'><strong>111,</strong></span> <span class='ocrx_word' id='word_1_165' title='bbox 2146 2405 2207 2464; x_wconf 89' lang='lat' dir='ltr'><strong>p.</strong></span> <span class='ocrx_word' id='word_1_166' title='bbox 2238 2383 2345 2460; x_wconf 84' lang='lat'><strong>57)</strong></span> <span class='ocrx_word' id='word_1_167' title='bbox 2392 2387 2592 2466; x_wconf 86' lang='lat' dir='ltr'><strong>legato</strong></span> <span class='ocrx_word' id='word_1_168' title='bbox 2638 2403 2783 2446; x_wconf 91' lang='lat' dir='ltr'><strong>usus</strong></span> 
     </span>
     <span class='ocr_line' id='line_1_21' title="bbox 541 2488 2784 2567; baseline -0.002 -15"><span class='ocrx_word' id='word_1_169' title='bbox 541 2499 631 2553; x_wconf 90' lang='lat' dir='ltr'><strong>est</strong></span> <span class='ocrx_word' id='word_1_170' title='bbox 687 2491 800 2551; x_wconf 90' lang='lat' dir='ltr'><strong>hac</strong></span> <span class='ocrx_word' id='word_1_171' title='bbox 858 2490 933 2551; x_wconf 92' lang='lat' dir='ltr'><strong>de</strong></span> <span class='ocrx_word' id='word_1_172' title='bbox 989 2504 1202 2549; x_wconf 88' lang='lat' dir='ltr'><strong>causa:</strong></span> <span class='ocrx_word' id='word_1_173' title='bbox 1275 2488 1642 2567; x_wconf 87' lang='lat' dir='ltr'><strong>Pixodarus,</strong></span> <span class='ocrx_word' id='word_1_174' title='bbox 1700 2489 1910 2550; x_wconf 85' lang='lat' dir='ltr'><strong>Cariae</strong></span> <span class='ocrx_word' id='word_1_175' title='bbox 1957 2494 2264 2567; x_wconf 83' lang='lat' dir='ltr'><strong>satrapes,</strong></span> <span class='ocrx_word' id='word_1_176' title='bbox 2324 2489 2383 2551; x_wconf 90' lang='lat' dir='ltr'><strong>id</strong></span> <span class='ocrx_word' id='word_1_177' title='bbox 2443 2490 2661 2567; x_wconf 86' lang='lat' dir='ltr'><strong>agebat</strong></span> <span class='ocrx_word' id='word_1_178' title='bbox 2715 2492 2784 2548; x_wconf 89' lang='lat' dir='ltr'><strong>ut</strong></span> 
     </span>
     <span class='ocr_line' id='line_1_22' title="bbox 542 2590 2783 2670; baseline -0.001 -18"><span class='ocrx_word' id='word_1_179' title='bbox 542 2594 719 2652; x_wconf 86' lang='lat' dir='ltr'><strong>filiam</strong></span> <span class='ocrx_word' id='word_1_180' title='bbox 774 2610 939 2652; x_wconf 86' lang='lat' dir='ltr'><strong>suam</strong></span> <span class='ocrx_word' id='word_1_181' title='bbox 987 2597 1131 2650; x_wconf 88' lang='lat' dir='ltr'><strong>natu</strong></span> <span class='ocrx_word' id='word_1_182' title='bbox 1179 2593 1493 2651; x_wconf 88' lang='lat' dir='ltr'><strong>maximam</strong></span> <span class='ocrx_word' id='word_1_183' title='bbox 1537 2590 1913 2667; x_wconf 84' lang='lat' dir='ltr'><strong>Arrhidaeo,</strong></span> <span class='ocrx_word' id='word_1_184' title='bbox 1972 2592 2238 2669; x_wconf 87' lang='lat' dir='ltr'><strong>Philippi</strong></span> <span class='ocrx_word' id='word_1_185' title='bbox 2285 2592 2439 2670; x_wconf 87' lang='lat' dir='ltr'><strong>filio,</strong></span> <span class='ocrx_word' id='word_1_186' title='bbox 2479 2594 2539 2651; x_wconf 90' lang='lat' dir='ltr'><strong>in</strong></span> <span class='ocrx_word' id='word_1_187' title='bbox 2587 2593 2783 2652; x_wconf 85' lang='lat' dir='ltr'><strong>matri-</strong></span> 
     </span>
     <span class='ocr_line' id='line_1_23' title="bbox 542 2692 2783 2770; baseline -0.001 -14"><span class='ocrx_word' id='word_1_188' title='bbox 542 2696 801 2756; x_wconf 90' lang='lat' dir='ltr'><strong>monium</strong></span> <span class='ocrx_word' id='word_1_189' title='bbox 848 2695 1032 2754; x_wconf 87' lang='lat' dir='ltr'><strong>daret.</strong></span> <span class='ocrx_word' id='word_1_190' title='bbox 1122 2693 1298 2767; x_wconf 82' lang='lat' dir='ltr'><strong>Quod</strong></span> <span class='ocrx_word' id='word_1_191' title='bbox 1345 2712 1421 2754; x_wconf 90' lang='lat' dir='ltr'><strong>ne</strong></span> <span class='ocrx_word' id='word_1_192' title='bbox 1467 2692 1658 2770; x_wconf 84' lang='lat' dir='ltr'><strong>fieret,</strong></span> <span class='ocrx_word' id='word_1_193' title='bbox 1706 2693 2051 2753; x_wconf 88' lang='lat' dir='ltr'><strong>Alexander</strong></span> <span class='ocrx_word' id='word_1_194' title='bbox 2096 2695 2173 2753; x_wconf 91' lang='lat' dir='ltr'><strong>ab</strong></span> <span class='ocrx_word' id='word_1_195' title='bbox 2203 2695 2409 2754; x_wconf 90' lang='lat' dir='ltr'><strong>amicis</strong></span> <span class='ocrx_word' id='word_1_196' title='bbox 2439 2700 2500 2755; x_wconf 83' lang='lat' dir='ltr'><strong>et</strong></span> <span class='ocrx_word' id='word_1_197' title='bbox 2528 2713 2566 2754; x_wconf 91' lang='lat' dir='ltr'><strong>a</strong></span> <span class='ocrx_word' id='word_1_198' title='bbox 2595 2699 2783 2754; x_wconf 89' lang='lat' dir='ltr'><strong>matre</strong></span> 
     </span>
     <span class='ocr_line' id='line_1_24' title="bbox 542 2780 2785 2912; baseline -0.001 -54"><span class='ocrx_word' id='word_1_199' title='bbox 542 2799 799 2858; x_wconf 90' lang='lat' dir='ltr'><strong>monitus</strong></span> <span class='ocrx_word' id='word_1_200' title='bbox 861 2789 1140 2873; x_wconf 65' lang='grc' dir='ltr'><strong><em>,πέμπει</em></strong></span> <span class='ocrx_word' id='word_1_201' title='bbox 1190 2784 1531 2855; x_wconf 81' lang='grc' dir='ltr'><strong><em>Θεσσαλὸν</em></strong></span> <span class='ocrx_word' id='word_1_202' title='bbox 1589 2788 1681 2865; x_wconf 81' lang='grc' dir='ltr'><strong>εἰς</strong></span> <span class='ocrx_word' id='word_1_203' title='bbox 1727 2789 1989 2872; x_wconf 79' lang='grc' dir='ltr'><strong><em>Καρίαν</em></strong></span> <span class='ocrx_word' id='word_1_204' title='bbox 2031 2780 2156 2855; x_wconf 80' lang='grc' dir='ltr'><strong>τὸν</strong></span> <span class='ocrx_word' id='word_1_205' title='bbox 2207 2793 2347 2854; x_wconf 77' lang='grc' dir='ltr'><strong>τῶν</strong></span> <span class='ocrx_word' id='word_1_206' title='bbox 2391 2791 2785 2912; x_wconf 76' lang='grc' dir='ltr'><strong><em>τραγῳδιῶν</em></strong></span> 
     </span>
     <span class='ocr_line' id='line_1_25' title="bbox 541 2882 2784 2980; baseline -0.002 -21"><span class='ocrx_word' id='word_1_207' title='bbox 541 2888 949 2980; x_wconf 80' lang='grc' dir='ltr'><strong><em>ὑποκριτὴν,</em></strong></span> <span class='ocrx_word' id='word_1_208' title='bbox 1027 2882 1384 2976; x_wconf 76' lang='grc' dir='ltr'><strong><em>Πιξοδάρῳ</em></strong></span> <span class='ocrx_word' id='word_1_209' title='bbox 1461 2887 1967 2975; x_wconf 72' lang='grc' dir='ltr'><strong><em>διαλεξόμενον,</em></strong></span> <span class='ocrx_word' id='word_1_210' title='bbox 2043 2886 2137 2970; x_wconf 83' lang='grc' dir='ltr'><strong>ὡς</strong></span> <span class='ocrx_word' id='word_1_211' title='bbox 2204 2889 2328 2977; x_wconf 82' lang='grc' dir='ltr'><strong>χρὴ</strong></span> <span class='ocrx_word' id='word_1_212' title='bbox 2386 2889 2510 2958; x_wconf 81' lang='grc' dir='ltr'><strong>τόν</strong></span> <span class='ocrx_word' id='word_1_213' title='bbox 2566 2887 2784 2957; x_wconf 81' lang='grc' dir='ltr'><strong><em>νόθον</em></strong></span> 
     </span>
     <span class='ocr_line' id='line_1_26' title="bbox 540 2984 2786 3081; baseline -0.002 -19"><span class='ocrx_word' id='word_1_214' title='bbox 540 2993 825 3062; x_wconf 76' lang='grc' dir='ltr'><strong><em>ἐάσαντα</em></strong></span> <span class='ocrx_word' id='word_1_215' title='bbox 870 2995 983 3060; x_wconf 84' lang='grc' dir='ltr'><strong><em>καὶ</em></strong></span> <span class='ocrx_word' id='word_1_216' title='bbox 1028 2985 1112 3060; x_wconf 77' lang='grc' dir='ltr'><strong>οὗ</strong></span> <span class='ocrx_word' id='word_1_217' title='bbox 1154 2989 1454 3080; x_wconf 82' lang='grc' dir='ltr'><strong><em>φρενήρη</em></strong></span> <span class='ocrx_word' id='word_1_218' title='bbox 1506 2985 2067 3079; x_wconf 75' lang='grc' dir='ltr'><strong><em>μεθαρμόσασθαι</em></strong></span> <span class='ocrx_word' id='word_1_219' title='bbox 2109 2991 2189 3060; x_wconf 82' lang='grc' dir='ltr'><strong>τό</strong></span> <span class='ocrx_word' id='word_1_220' title='bbox 2236 2996 2440 3081; x_wconf 87' lang='grc' dir='ltr'><strong><em>κῆδος</em></strong></span> <span class='ocrx_word' id='word_1_221' title='bbox 2485 2994 2578 3073; x_wconf 78' lang='grc' dir='ltr'><strong>εἰς</strong></span> <span class='ocrx_word' id='word_1_222' title='bbox 2623 2984 2786 3060; x_wconf 67' lang='grc' dir='ltr'><strong>Ἀλέ-</strong></span> 
     </span>
     <span class='ocr_line' id='line_1_27' title="bbox 540 3101 2781 3184; baseline -0.002 -19"><span class='ocrx_word' id='word_1_223' title='bbox 540 3101 888 3183; x_wconf 51' lang='lat' dir='ltr'><strong>§avdpovfl</strong></span> <span class='ocrx_word' id='word_1_224' title='bbox 1005 3104 1139 3178; x_wconf 84' lang='lat' dir='ltr'><strong>Quo</strong></span> <span class='ocrx_word' id='word_1_225' title='bbox 1199 3103 1529 3164; x_wconf 84' lang='lat' dir='ltr'><strong>Alexandri</strong></span> <span class='ocrx_word' id='word_1_226' title='bbox 1602 3101 1742 3163; x_wconf 89' lang='lat' dir='ltr'><strong>dolo</strong></span> <span class='ocrx_word' id='word_1_227' title='bbox 1799 3109 2118 3184; x_wconf 87' lang='lat' dir='ltr'><strong>perspecto</strong></span> <span class='ocrx_word' id='word_1_228' title='bbox 2178 3104 2492 3182; x_wconf 90' lang='lat' dir='ltr'><strong>Philippus</strong></span> <span class='ocrx_word' id='word_1_229' title='bbox 2553 3107 2781 3180; x_wconf 87' lang='lat' dir='ltr'><strong>partem</strong></span> 
     </span>
     <span class='ocr_line' id='line_1_28' title="bbox 542 3206 2784 3287; baseline -0.001 -19"><span class='ocrx_word' id='word_1_230' title='bbox 542 3209 648 3269; x_wconf 88' lang='lat' dir='ltr'><strong>filii</strong></span> <span class='ocrx_word' id='word_1_231' title='bbox 692 3210 1015 3269; x_wconf 89' lang='lat' dir='ltr'><strong>amicorum</strong></span> <span class='ocrx_word' id='word_1_232' title='bbox 1046 3208 1107 3282; x_wconf 85' lang='lat' dir='ltr'><strong>in</strong></span> <span class='ocrx_word' id='word_1_233' title='bbox 1144 3206 1384 3267; x_wconf 85' lang='lat' dir='ltr'><strong>exilium</strong></span> <span class='ocrx_word' id='word_1_234' title='bbox 1419 3207 1592 3275; x_wconf 88' lang='lat' dir='ltr'><strong>misit,</strong></span> <span class='ocrx_word' id='word_1_235' title='bbox 1637 3207 1993 3266; x_wconf 84' lang='lat' dir='ltr'><strong>Thessalum</strong></span> <span class='ocrx_word' id='word_1_236' title='bbox 2026 3211 2306 3287; x_wconf 88' lang='lat' dir='ltr'><strong>actorem,</strong></span> <span class='ocrx_word' id='word_1_237' title='bbox 2350 3208 2453 3284; x_wconf 87' lang='lat' dir='ltr'><strong>qui</strong></span> <span class='ocrx_word' id='word_1_238' title='bbox 2486 3206 2784 3283; x_wconf 85' lang='lat' dir='ltr'><strong>legatione</strong></span> 
     </span>
     <span class='ocr_line' id='line_1_29' title="bbox 544 3298 2784 3387; baseline -0.003 -17"><span class='ocrx_word' id='word_1_239' title='bbox 544 3312 650 3371; x_wconf 89' lang='lat' dir='ltr'><strong>illa</strong></span> <span class='ocrx_word' id='word_1_240' title='bbox 677 3311 956 3371; x_wconf 88' lang='lat' dir='ltr'><strong>absoluta</strong></span> <span class='ocrx_word' id='word_1_241' title='bbox 980 3309 1252 3370; x_wconf 83' lang='lat' dir='ltr'><strong>Corinthi</strong></span> <span class='ocrx_word' id='word_1_242' title='bbox 1280 3308 1517 3368; x_wconf 81' lang='lat' dir='ltr'><strong>fabulas</strong></span> <span class='ocrx_word' id='word_1_243' title='bbox 1547 3309 1739 3384; x_wconf 86' lang='lat' dir='ltr'><strong>egisse</strong></span> <span class='ocrx_word' id='word_1_244' title='bbox 1771 3309 2028 3387; x_wconf 86' lang='lat' dir='ltr'><strong>videtur,</strong></span> <span class='ocrx_word' id='word_1_245' title='bbox 2063 3298 2343 3387; x_wconf 61' lang='grc' dir='ltr'><strong><em>,ἔγραψε</em></strong></span> <span class='ocrx_word' id='word_1_246' title='bbox 2370 3303 2784 3387; x_wconf 82' lang='grc' dir='ltr'><strong><em>Κορινθίοις,</em></strong></span> 
     </span>
     <span class='ocr_line' id='line_1_30' title="bbox 542 3398 2107 3490; baseline -0.002 -19"><span class='ocrx_word' id='word_1_247' title='bbox 542 3398 728 3483; x_wconf 81' lang='grc' dir='ltr'><strong><em>ὅπως</em></strong></span> <span class='ocrx_word' id='word_1_248' title='bbox 772 3399 1257 3490; x_wconf 79' lang='grc' dir='ltr'><strong><em>ἀναπέμψωσιν</em></strong></span> <span class='ocrx_word' id='word_1_249' title='bbox 1301 3402 1376 3468; x_wconf 77' lang='grc' dir='ltr'><strong>ἐν</strong></span> <span class='ocrx_word' id='word_1_250' title='bbox 1418 3403 1654 3481; x_wconf 81' lang='grc' dir='ltr'><strong><em>πέδαις</em></strong></span> <span class='ocrx_word' id='word_1_251' title='bbox 1699 3404 2107 3488; x_wconf 79' lang='grc' dir='ltr'><strong><em>δεδεμένον.“</em></strong></span> 
     </span>
    </p>

    <p class='ocr_par' dir='ltr' id='par_1_5' title="bbox 543 3512 2788 4312">
     <span class='ocr_line' id='line_1_31' title="bbox 715 3512 2784 3591; baseline -0 -17"><span class='ocrx_word' id='word_1_252' title='bbox 715 3516 1042 3575; x_wconf 87' lang='lat' dir='ltr'><strong>Thessalus</strong></span> <span class='ocrx_word' id='word_1_253' title='bbox 1086 3520 1294 3590; x_wconf 87' lang='lat' dir='ltr'><strong>postea</strong></span> <span class='ocrx_word' id='word_1_254' title='bbox 1339 3531 1585 3590; x_wconf 88' lang='lat' dir='ltr'><strong>quoque</strong></span> <span class='ocrx_word' id='word_1_255' title='bbox 1629 3513 1689 3572; x_wconf 89' lang='lat' dir='ltr'><strong>in</strong></span> <span class='ocrx_word' id='word_1_256' title='bbox 1720 3512 2045 3573; x_wconf 84' lang='lat' dir='ltr'><strong>Alexandri</strong></span> <span class='ocrx_word' id='word_1_257' title='bbox 2090 3513 2570 3591; x_wconf 88' lang='lat' dir='ltr'><strong>expeditionibus</strong></span> <span class='ocrx_word' id='word_1_258' title='bbox 2613 3531 2784 3590; x_wconf 88' lang='lat' dir='ltr'><strong>prae-</strong></span> 
     </span>
     <span class='ocr_line' id='line_1_32' title="bbox 547 3615 2785 3696; baseline -0.003 -17"><span class='ocrx_word' id='word_1_259' title='bbox 547 3620 725 3696; x_wconf 89' lang='lat' dir='ltr'><strong>cipuo</strong></span> <span class='ocrx_word' id='word_1_260' title='bbox 781 3618 912 3695; x_wconf 87' lang='lat' dir='ltr'><strong>ejus</strong></span> <span class='ocrx_word' id='word_1_261' title='bbox 967 3615 1175 3676; x_wconf 84' lang='lat' dir='ltr'><strong>favore</strong></span> <span class='ocrx_word' id='word_1_262' title='bbox 1219 3616 1460 3692; x_wconf 85' lang='lat' dir='ltr'><strong>gavisus</strong></span> <span class='ocrx_word' id='word_1_263' title='bbox 1507 3620 1615 3675; x_wconf 87' lang='lat' dir='ltr'><strong>est.</strong></span> <span class='ocrx_word' id='word_1_264' title='bbox 1703 3616 1886 3675; x_wconf 85' lang='lat' dir='ltr'><strong>Teste</strong></span> <span class='ocrx_word' id='word_1_265' title='bbox 1926 3617 2255 3677; x_wconf 88' lang='lat' dir='ltr'><strong>Plutarcho</strong></span> <span class='ocrx_word' id='word_1_266' title='bbox 2307 3615 2408 3690; x_wconf 88' lang='lat' dir='ltr'><strong>(de</strong></span> <span class='ocrx_word' id='word_1_267' title='bbox 2446 3617 2618 3677; x_wconf 82' lang='lat' dir='ltr'><strong>Alex.</strong></span> <span class='ocrx_word' id='word_1_268' title='bbox 2649 3615 2785 3676; x_wconf 85' lang='lat' dir='ltr'><strong>fort.</strong></span> 
     </span>
     <span class='ocr_line' id='line_1_33' title="bbox 547 3712 2783 3799; baseline -0.001 -18"><span class='ocrx_word' id='word_1_269' title='bbox 547 3723 623 3799; x_wconf 87' lang='lat'><strong>11,</strong></span> <span class='ocrx_word' id='word_1_270' title='bbox 661 3725 732 3786; x_wconf 81' lang='grc'><strong>2;</strong></span> <span class='ocrx_word' id='word_1_271' title='bbox 807 3721 908 3778; x_wconf 86' lang='lat' dir='ltr'><strong>vit.</strong></span> <span class='ocrx_word' id='word_1_272' title='bbox 969 3712 1142 3779; x_wconf 85' lang='lat' dir='ltr'><strong>Alex.</strong></span> <span class='ocrx_word' id='word_1_273' title='bbox 1189 3716 1295 3790; x_wconf 80' lang='grc'><strong>29)</strong></span> <span class='ocrx_word' id='word_1_274' title='bbox 1369 3718 1529 3778; x_wconf 89' lang='lat' dir='ltr'><strong>ludis</strong></span> <span class='ocrx_word' id='word_1_275' title='bbox 1602 3718 1718 3778; x_wconf 86' lang='lat' dir='ltr'><strong>illis</strong></span> <span class='ocrx_word' id='word_1_276' title='bbox 1776 3717 2108 3794; x_wconf 86' lang='lat' dir='ltr'><strong>magnificis</strong></span> <span class='ocrx_word' id='word_1_277' title='bbox 2160 3720 2234 3780; x_wconf 89' lang='lat' dir='ltr'><strong>ab</strong></span> <span class='ocrx_word' id='word_1_278' title='bbox 2292 3718 2635 3779; x_wconf 89' lang='lat' dir='ltr'><strong>Alexandro</strong></span> <span class='ocrx_word' id='word_1_279' title='bbox 2709 3737 2783 3779; x_wconf 87' lang='lat' dir='ltr'><strong>ex</strong></span> 
     </span>
     <span class='ocr_line' id='line_1_34' title="bbox 543 3820 2787 3902; baseline -0.001 -18"><span class='ocrx_word' id='word_1_280' title='bbox 543 3824 825 3902; x_wconf 81' lang='lat' dir='ltr'><strong>Aegypto</strong></span> <span class='ocrx_word' id='word_1_281' title='bbox 883 3820 1108 3882; x_wconf 87' lang='lat' dir='ltr'><strong>reduce</strong></span> <span class='ocrx_word' id='word_1_282' title='bbox 1166 3822 1316 3897; x_wconf 85' lang='lat' dir='ltr'><strong>Tyri</strong></span> <span class='ocrx_word' id='word_1_283' title='bbox 1375 3839 1427 3880; x_wconf 87' lang='lat' dir='ltr'><strong>a.</strong></span> <span class='ocrx_word' id='word_1_284' title='bbox 1473 3825 1596 3883; x_wconf 82' lang='lat'><strong>332</strong></span> <span class='ocrx_word' id='word_1_285' title='bbox 1661 3820 1835 3881; x_wconf 79' lang='lat' dir='ltr'><strong>factis</strong></span> <span class='ocrx_word' id='word_1_286' title='bbox 1884 3821 2303 3882; x_wconf 88' lang='lat' dir='ltr'><strong>Athenodorus</strong></span> <span class='ocrx_word' id='word_1_287' title='bbox 2357 3826 2419 3882; x_wconf 87' lang='lat' dir='ltr'><strong>et</strong></span> <span class='ocrx_word' id='word_1_288' title='bbox 2461 3822 2787 3882; x_wconf 85' lang='lat' dir='ltr'><strong>Thessalus</strong></span> 
     </span>
     <span class='ocr_line' id='line_1_35' title="bbox 543 3922 2788 4001; baseline 0 -16"><span class='ocrx_word' id='word_1_289' title='bbox 543 3927 700 3987; x_wconf 84' lang='lat' dir='ltr'><strong>inter</strong></span> <span class='ocrx_word' id='word_1_290' title='bbox 745 3944 809 3985; x_wconf 91' lang='lat' dir='ltr'><strong>se</strong></span> <span class='ocrx_word' id='word_1_291' title='bbox 868 3928 1277 3999; x_wconf 82' lang='lat' dir='ltr'><strong>certaverunt,</strong></span> <span class='ocrx_word' id='word_1_292' title='bbox 1335 3941 1633 4001; x_wconf 87' lang='lat' dir='ltr'><strong>regesque</strong></span> <span class='ocrx_word' id='word_1_293' title='bbox 1680 3923 1903 4000; x_wconf 81' lang='lat' dir='ltr'><strong>Cyprii,</strong></span> <span class='ocrx_word' id='word_1_294' title='bbox 1949 3923 2283 3984; x_wconf 88' lang='lat' dir='ltr'><strong>Nicocreon</strong></span> <span class='ocrx_word' id='word_1_295' title='bbox 2330 3929 2392 3985; x_wconf 89' lang='lat' dir='ltr'><strong>et</strong></span> <span class='ocrx_word' id='word_1_296' title='bbox 2434 3922 2788 4001; x_wconf 85' lang='lat' dir='ltr'><strong>Pasicrates‚</strong></span> 
     </span>
     <span class='ocr_line' id='line_1_36' title="bbox 544 4012 2787 4106; baseline -0.002 -16"><span class='ocrx_word' id='word_1_297' title='bbox 544 4030 649 4106; x_wconf 87' lang='lat' dir='ltr'><strong>qui</strong></span> <span class='ocrx_word' id='word_1_298' title='bbox 708 4028 867 4104; x_wconf 87' lang='lat' dir='ltr'><strong>regis</strong></span> <span class='ocrx_word' id='word_1_299' title='bbox 946 4026 1200 4103; x_wconf 85' lang='lat' dir='ltr'><strong>gratiam</strong></span> <span class='ocrx_word' id='word_1_300' title='bbox 1261 4026 1715 4103; x_wconf 88' lang='lat' dir='ltr'><strong>appetiverunt,</strong></span> <span class='ocrx_word' id='word_1_301' title='bbox 1777 4016 2053 4104; x_wconf 79' lang='grc' dir='ltr'><strong><em>,,ἔλαχον</em></strong></span> <span class='ocrx_word' id='word_1_302' title='bbox 2116 4032 2259 4097; x_wconf 80' lang='grc' dir='ltr'><strong><em>τοῖς</em></strong></span> <span class='ocrx_word' id='word_1_303' title='bbox 2320 4012 2787 4102; x_wconf 72' lang='grc' dir='ltr'><strong><em>ἐνδοξοτάτοις</em></strong></span> 
     </span>
     <span class='ocr_line' id='line_1_37' title="bbox 545 4112 2787 4209; baseline -0.001 -21"><span class='ocrx_word' id='word_1_304' title='bbox 545 4118 935 4209; x_wconf 75' lang='grc' dir='ltr'><strong><em>ὑποκριταῖς</em></strong></span> <span class='ocrx_word' id='word_1_305' title='bbox 959 4133 1293 4208; x_wconf 82' lang='grc' dir='ltr'><strong><em>χορηγεῖν,</em></strong></span> <span class='ocrx_word' id='word_1_306' title='bbox 1319 4117 1742 4206; x_wconf 80' lang='grc' dir='ltr'><strong><em>Πασικράτης</em></strong></span> <span class='ocrx_word' id='word_1_307' title='bbox 1767 4112 2367 4207; x_wconf 70' lang='grc' dir='ltr'><strong><em>μὲνᾍθηνοδώρῳ,</em></strong></span> <span class='ocrx_word' id='word_1_308' title='bbox 2391 4124 2787 4207; x_wconf 70' lang='grc' dir='ltr'><strong><em>,Νικοκρέων</em></strong></span> 
     </span>
     <span class='ocr_line' id='line_1_38' title="bbox 544 4215 2784 4312; baseline -0.002 -19"><span class='ocrx_word' id='word_1_309' title='bbox 544 4227 615 4294; x_wconf 76' lang='grc' dir='ltr'><strong>δὲ</strong></span> <span class='ocrx_word' id='word_1_310' title='bbox 659 4229 994 4312; x_wconf 56' lang='grc' dir='ltr'><strong><em>θεσσαλῷ,</em></strong></span> <span class='ocrx_word' id='word_1_311' title='bbox 1036 4224 1190 4310; x_wconf 64' lang='grc' dir='ltr'><strong>περὶ</strong></span> <span class='ocrx_word' id='word_1_312' title='bbox 1236 4220 1319 4288; x_wconf 80' lang='grc' dir='ltr'><strong>ὃν</strong></span> <span class='ocrx_word' id='word_1_313' title='bbox 1363 4221 1761 4289; x_wconf 61' lang='grc' dir='ltr'><strong><em>ἐσπουδάκει</em></strong></span> <span class='ocrx_word' id='word_1_314' title='bbox 1809 4225 1923 4288; x_wconf 84' lang='grc' dir='ltr'><strong><em>καὶ</em></strong></span> <span class='ocrx_word' id='word_1_315' title='bbox 1971 4215 2175 4300; x_wconf 67' lang='grc' dir='ltr'><strong><em>αὐτὸς</em></strong></span> <span class='ocrx_word' id='word_1_316' title='bbox 2199 4215 2624 4307; x_wconf 63' lang='grc' dir='ltr'><strong><em>Ἀλέξανδρος</em></strong></span> <span class='ocrx_word' id='word_1_317' title='bbox 2657 4245 2667 4256; x_wconf 86' lang='grc'><em>·</em></span> <span class='ocrx_word' id='word_1_318' title='bbox 2702 4215 2784 4289; x_wconf 69' lang='grc' dir='ltr'><strong>οὗ</strong></span> 
     </span>
    </p>
   </div>
  </div>
 </body>
</html>
