3166 4871
1032 300 1115 356 De
1148 299 1351 354 nomin.
1385 299 1443 354 in
1479 317 1645 365 -αιος.
1712 300 1746 371 ξ
1781 303 1863 355 32.
2536 304 2619 367 99

377 477 689 556 adjectivis
737 482 998 557 cognata
1041 481 1180 539 sunt
1223 478 1529 540 abstracta
1570 479 1961 557 parifcrmia?
2032 479 2153 541 Sed
2182 479 2415 541 accedit
2443 480 2620 557 aliud,

379 579 542 658 qnod
603 581 692 640 illi
752 582 850 642 vel
911 600 1031 642 non
1092 580 1375 642 viderunt
1436 581 1536 642 vel
1595 582 1994 660 neglexerunt
2054 580 2216 655 (nam
2277 580 2620 644 Lobeckius

376 681 639 761 quidem,
684 683 787 745 ubi
833 685 1045 744 horum
1090 683 1516 746 vocabulorum
1564 685 1858 745 nonnulla
1894 687 2070 746 affert
2098 705 2155 762 p.
2188 681 2330 745 340.
2360 681 2484 743 348
2516 704 2621 764 sq„

313 800 332 818 ·
376 805 449 845 ea
477 786 660 862 plane
695 804 814 848 non
847 789 1092 864 separat
1123 807 1160 848 a
1191 785 1552 860 concretis):
1597 787 1775 846 turba
1819 788 2259 848 abstracturum
2304 789 2618 849 masculini

373 889 618 966 generis
659 889 719 949 in
766 906 841 960 ος
885 887 1316 950 desinentiumt.
1350 877 1620 967 βόμβος,
1664 878 1984 970 θόρυβος,
2030 878 2345 963 κόναβος,
2391 876 2614 965 ὄλβος,

374 975 654 1065 ὄτοβος,
715 981 955 1070 ῥέμβος
1016 989 1217 1065 (etiam
1288 988 1469 1069 adj.),
1540 980 1863 1071 στρόβος,
1935 986 2163 1072 τρίβος
2237 990 2367 1066 (sed
2442 994 2618 1059 etiam

373 1111 577 1154 coner.
631 1118 715 1141 =
766 1084 856 1153 τὸ
903 1083 1326 1174 τριβόμενον,
1389 1081 1599 1167 ὁδός),
1644 1082 1995 1170 φλοῖσβος,
2056 1084 2309 1170 φόβος;
2372 1084 2620 1174 λοιγός,

371 1184 601 1274 μόγος,
643 1183 962 1275 πάταγος,
1008 1185 1369 1276 σφάραγος,
1417 1185 1722 1275 φθόγγος
1752 1195 1808 1269 (ἱ)
1839 1174 2038 1258 conci.
2070 1183 2457 1277 εὔφθογγος
2483 1197 2617 1277 al.);

371 1292 659 1370 κέλαδος
703 1299 930 1373 (coner.
974 1293 1425 1375 δυσκέλαδος),
1470 1285 1629 1370 ὁδός
1673 1298 1772 1371 (an
1807 1319 2004 1361 concr.
2032 1298 2106 1379 ?),
2150 1285 2417 1379 όμαδος,
2462 1285 2615 1380 όρυ-

371 1389 658 1480 μαγδός,
717 1393 1016 1481 ῥοῖβδος,
1056 1391 1426 1480 χρόμαδος,
1485 1392 1669 1472 ἔλεος
1712 1400 1859 1480 (adj.
1914 1392 2102 1472 ἐλεός
2160 1422 2270 1481 pro
2332 1393 2617 1474 ἐλεεινός

373 1503 525 1564 Hsd.
565 1523 666 1581 op.
696 1500 818 1561 205
848 1491 889 1582 ἡ
923 1488 985 1561 δ’
1013 1493 1203 1563 ἐλεόν
1228 1492 1538 1582 μύρετο),·
1582 1493 1844 1584 ροτζος,·
1887 1493 2087 1576 αἶθος
2117 1503 2342 1577 (coner.
2374 1495 2615 1580 αἰθός),

371 1595 614 1686 μόθος,
654 1595 929 1685 μόχθος,
970 1602 1191 1684 μῦθος
1235 1604 1459 1681 (concr.
1500 1590 1992 1686 άπαράμυθος),
2036 1593 2334 1687 ὄλισθος,
2377 1597 2619 1683 πόθος,

373 1698 591 1785 ῥόθος
636 1710 860 1778 (coner.
905 1702 1336 1790 ἐπίρροθος),·
1392 1706 1620 1787 μῶκος
1665 1709 1894 1783 (conor.
1935 1699 2217 1788 μωκός),
2277 1694 2476 1789 ὅρκος
2512 1709 2622 1791 (Ρ),

373 1801 593 1883 πόκος
649 1811 850 1884 (etiam
909 1831 1110 1873 coner.
1154 1837 1237 1859 ==
1281 1811 1528 1892 vellus),
1586 1802 1792 1884 τόκος
1851 1811 2055 1885 (abstr.
2099 1838 2182 1860 ==
2226 1803 2306 1872 τὸ
2349 1807 2620 1893 τίκτειν,

374 1918 438 1977 ct
465 1933 670 1975 concr.
699 1938 782 1962 =
811 1905 890 1975 τὸ
920 1905 1339 1994 τικτόμενον,
1370 1916 1568 1976 activa
1598 1916 1796 1994 signif.
1825 1916 1887 1975 in
1920 1934 2214 1994 composa.
2245 1900 2620 1996 άρτιτόκος,

376 2007 824 2096 διδυμοτόκος
879 2017 1014 2092 al.),·
1070 2004 1317 2088 ἄεθλος
1374 2017 1430 2092 (Ῥ
1475 2018 1643 2080 Cart.
1686 2020 1780 2078 Et.
1824 2039 1880 2079 n.
1923 2014 2102 2097 301),
2160 2002 2361 2093 βόλος
2420 2019 2618 2086 (etiam
2643 2001 2656 2011 ’

375 2138 579 2181 coner.
626 2119 701 2181 de
745 2125 904 2199 rete,
957 2122 1004 2189 i
1028 2139 1078 2181 e.
1119 2110 1202 2180 τὸ
1247 2110 1704 2199 βαλλόμενον,
1761 2124 1874 2181 act.
1932 2121 1994 2179 in
2042 2108 2450 2201 ἑκατηβόλος
2504 2122 2623 2201 aL),

377 2212 604 2300 δόλος,
649 2219 852 2302 ζῆλος
895 2222 1122 2296 (coner.
1166 2216 1482 2304 ἐπίζηλος
1524 2221 1646 2302 ab),
1690 2212 2021 2303 θρύλλος,
2064 2207 2325 2303 ομιλος,
2381 2221 2621 2304 μῶλος,

375 2312 604 2404 ὄχλος,
648 2319 959 2404 πίτυλος,
1003 2315 1231 2404 σάλος,
1275 2321 1529 2406 σίλλος,
1574 2321 1816 2403 σίφλος
1859 2326 2000 2406 (adj.
2046 2316 2335 2406 σιφλός),
2379 2316 2620 2400 στόλος

376 2429 603 2504 (coner.
662 2428 739 2490 de
800 2430 1065 2491 exercitu
1127 2429 1227 2490 vel
1287 2427 1533 2507 classe),
1597 2417 1960 2510 σφάκελος,
2015 2413 2261 2503 ὕθλος
2318 2432 2621 2508 permulta

376 2536 646 2610 oxytona
686 2532 748 2591 in
793 2548 962 2611 -μος,
1004 2538 1074 2593 ιιι
1102 2517 1369 2613 άρδμός,
1413 2522 1681 2611 δασμός,
1725 2522 2089 2614 κηληθμός,
2132 2522 2484 2611 κλαυθμός
2528 2534 2622 2612 aL,

378 2653 562 2713 quum
622 2638 684 2696 et
752 2634 1051 2714 adjectiva
1111 2638 1171 2696 et
1214 2635 1592 2696 substantiva
1652 2639 1970 2697 concretae
2030 2637 2292 2697 notionis
2351 2637 2412 2696 in
2469 2652 2618 2714 -μος

374 2738 692 2800 innumera
734 2741 1003 2817 exstent,
1062 2741 1132 2799 ιιι
1185 2723 1459 2817 ἄνεμος,
1515 2726 1851 2817 γναθμός,
1907 2728 2172 2817 δεσμός,
2224 2727 2496 2817 ἐρετμός
2546 2738 2621 2799 al.

378 2840 795 2918 Quamobrem,
839 2842 1107 2919 exceptis
1135 2841 1447 2920 adjectivis
1476 2842 1538 2901 in
1575 2858 1750 2920 -ιμος
1779 2846 1848 2903 ιιι
1877 2825 2226 2921 άγῶγιμος,
2269 2833 2623 2920 αἱρέσιμος,

378 2936 658 3022 αἲσιμος,
704 2929 984 3022 ἄλκιμος
1015 2945 1109 3021 αι,
1153 2943 1508 3022 perdifficile
1553 2962 1735 3022 saepe
1780 2949 1873 3006 est
1903 2944 2201 3023 judicare,
2243 2944 2622 3005 abstractae

377 3066 452 3108 an
485 3051 775 3108 concreta
802 3046 1152 3124 significatio
1184 3048 1405 3125 cuique
1435 3047 1730 3109 vocabulo
1760 3047 2009 3125 propria
2038 3048 2131 3106 sit.
2203 3046 2285 3107 Ut
2314 3045 2463 3106 haec
2493 3045 2620 3105 mit·

375 3155 592 3230 tamus,
635 3150 969 3212 desinentia
996 3151 1059 3211 in
1106 3166 1256 3229 -μος
1285 3154 1514 3210 restant
1543 3151 1695 3211 haec
1726 3150 2059 3210 abstracta:
2105 3136 2352 3226 βρόμος
2396 3145 2620 3232 (coner.

377 3240 801 3334 βαρύβρομος
818 3249 938 3332 ιι),
965 3240 1187 3331 γάμος,
1217 3240 1461 3331 δρόμος
1488 3250 1805 3325 (coum-‚fle
1836 3247 2073 3328 stadio),
2102 3246 2346 3329 κῶμος,
2374 3245 2622 3328 μῶμος,

377 3343 584 3433 τόμος
637 3353 842 3429 (otiam
885 3379 970 3402 =
1011 3343 1092 3414 τὸ
1145 3347 1461 3434 τμηθέν),
1517 3344 1765 3433 τρόμος
1822 3353 2048 3427 (conor.
2106 3341 2617 3432 πάν-τρομος),
2610 3372 2623 3385 ·

379 3447 584 3536 αἶνος,
626 3446 828 3535 γόνος
859 3456 1064 3530 (etiam
1093 3475 1295 3519 coner.
1324 3455 1723 3537 progenitus),
1763 3450 1951 3528 δῖνος
1981 3455 2208 3532 (coner.
2238 3449 2623 3536 περίδινος),

378 3557 674 3673 θρῆνος,
696 3554 974 3639 κέρχνος
1003 3558 1206 3634 (etiam
1236 3559 1352 3637 adj.
1355 3558 1397 3638 ),
1440 3551 1775 3638 κίνδυνος,
1813 3548 2078 3637 κλόνος,
2119 3547 2367 3628 κτόνος
2396 3556 2623 3633 (concr.

380 3647 825 3741 αὐτοκτόνος,
881 3651 1337 3734 καιδοκτόνος
1350 3705 1368 3741 ,
1421 3651 1826 3775 ξιφόκτονος
1886 3659 2015 3741 aL),
2073 3648 2306 3739 ὄκνος,
2366 3650 2623 3732 πλάνος

378 3765 583 3838 (etiam
643 3764 763 3845 adj.
809 3762 1082 3844 errans),
1140 3753 1387 3844 πόνος,
1443 3754 1683 3835 στόνος
1742 3763 1964 3839 (coner.
2024 3749 2426 3843 ἀγάστονος,
2486 3751 2621 3822 ἁλί-

380 3879 625 3938 στονος
685 3864 814 3946 αι),
870 3860 1152 3938 τέτανος
1197 3866 1340 3945 (adj.
1382 3856 1685 3941 τετανός)
1699 3910 1719 3946 ,
1774 3855 1975 3937 τόνος
2035 3863 2257 3940 (conor.
2316 3865 2392 3925 de
2435 3862 2624 3944 fune),

378 3961 668 4049 φθόνος,
710 3958 921 4046 φόνος
961 3968 1184 4044 (conor.
1215 3954 1661 4050 ἀνδροφόνος,
1705 3957 2101 4048 δολοφόνος,
2143 3956 2475 4044 νεόφονος
2505 3965 2624 4045 aL),

374 4062 640 4152 χρόνος,
683 4051 862 4144 ῶνος
906 4071 1108 4147 (etiam
1154 4091 1352 4134 coner.
1382 4072 1459 4134 de
1490 4071 1767 4132 mercede
1798 4075 1860 4134 et
1899 4069 2145 4149 pretio);
2190 4060 2348 4150 γόος
2391 4061 2623 4147 (concr.

379 4162 712 4256 ἁβρογόος
763 4173 890 4254 aL),
948 4164 1160 4255 θρόος
1212 4173 1438 4249 (conor.
1491 4157 1695 4234 ἄλλό·
1714 4174 1958 4254 θροος,
2017 4161 2462 4251 δημό-θροος
2505 4168 2625 4246 aL),

379 4266 568 4357 νόος,
624 4265 844 4347 πλόος
887 4274 1114 4350 (coner.
1158 4264 1597 4353 ἇλί-πλους),
1656 4265 1870 4346 πνόος
1914 4273 2140 4349 (conor.
2185 4257 2625 4350 ἄντί-πνους,
