3166 4871
804 292 856 318 ²
2463 290 2589 352 309

344 460 534 521 simile
551 457 655 538 ⁵⁶),
743 478 939 537 neque
1019 479 1139 536 qua
1212 460 1668 521 ratiocinatione
1740 461 1802 521 id
1872 460 2177 523 efficiunt'
2214 464 2593 541 comprobari

340 565 543 638 potest
560 559 657 639 ⁵⁷),
702 581 836 623 eum
882 563 958 624 ab
1003 562 1344 627 Aristotelis
1386 562 1661 625 doctrina
1706 581 1956 640 prorsus
2003 564 2080 625 sit
2122 565 2403 627 alienum.

512 664 636 725 Alii
677 667 1096 745 purgationem
1142 686 1263 727 non
1303 668 1696 745 amotionem,
1752 667 1858 729 sed
1920 669 2216 729 culturam
2271 668 2591 745 quandam,

342 772 411 828 ut
461 768 545 827 ita
600 767 813 845 dicam,
870 768 1312 831 misericordiae
1357 774 1669 847 metusque
1734 787 1868 831 esse
1932 777 2204 846 censent,
2266 789 2429 849 oum,
2485 771 2588 848 qni

342 870 656 947 tragoedia
698 873 1035 934 excitentur
1075 874 1343 948 affeetus,
1386 874 1662 934 meliores
1705 878 1768 934 et
1810 873 2182 935 liberaliores
2211 874 2334 935 sint
2361 872 2588 944 eisdem

342 973 501 1034 vitae
547 975 877 1037 eommunis
929 976 1261 1037 affectibus.
1348 977 1618 1050 Quorum
1677 978 2010 1037 sententiae
2064 977 2265 1037 obstat
2314 976 2591 1054 primum,

342 1075 505 1152 quod
550 1076 905 1139 Aristoteles
948 1079 1007 1138 in
1054 1078 1359 1140 rhetorioa
1402 1084 1533 1139 arte
1578 1097 1712 1139 eam
1756 1079 2254 1157 misericordium,
2297 1097 2453 1156 quae
2497 1082 2590 1139 est

340 1179 501 1239 vitae
533 1181 876 1258 communis,
914 1178 1207 1262 χρηστοῦ
1237 1169 1458 1260 ἤθους
1489 1199 1620 1241 esse
1652 1180 1831 1259 dieit3
1876 1180 2113 1261 deinde,
2156 1200 2290 1241 eum
2324 1184 2590 1242 metuere

292 1348 307 1359 ,
343 1299 453 1341 nos
504 1283 564 1342 in
625 1284 936 1361 tragoedia
993 1284 1163 1345 nobis
1216 1284 1363 1362 ipsis
1421 1302 1608 1362 supra
1663 1283 2132 1344 demonstratum
2178 1284 2281 1363 sit,
2345 1285 2588 1361 qualem

350 1442 537 1450 ——-——.

342 1530 444 1599 ist,
494 1531 588 1586 die
636 1515 1110 1601 psychologlsohe
1156 1530 1545 1602 Erseheinnng
1593 1547 1663 1586 zu
1710 1532 2035 1602 erwlihnen,
2084 1533 2216 1589 dass
2263 1533 2355 1589 die
2401 1533 2589 1589 blosse

343 1613 589 1683 kriiftige
625 1618 919 1687 Erregung
964 1617 1106 1672 auch
1151 1614 1252 1690 der
1298 1617 1690 1673 unlustvollen
1724 1614 1963 1673 Affekte
2008 1617 2099 1674 ein
2137 1617 2472 1688 Luotgefflhl
2508 1634 2588 1673 er-

344 1700 548 1756 weokt.
619 1701 717 1756 leh
741 1702 892 1758 finde
916 1718 1022 1759 nur
1045 1703 1171 1758 eine
1194 1701 1386 1772 Stelle,
1424 1719 1511 1757 wo
1535 1703 1623 1759 ein
1650 1700 2075 1760 schmerzliohes
2099 1703 2302 1759 Geflthl
2335 1704 2588 1774 mgleieh

345 1786 429 1841 als
464 1787 695 1842 lustvoll
732 1788 1059 1844 bezeichnet
1090 1788 1248 1856 wird,
1285 1788 1419 1843 aber
1454 1786 1612 1843 nieht
1647 1786 1858 1843 sowohl
1903 1787 2004 1842 auf
2032 1786 2228 1843 Grund
2271 1789 2458 1844 seiner
2492 1791 2590 1844 Er-

350 1864 598 1941 regung,
645 1873 730 1928 sls
775 1874 900 1929 weil
947 1889 1009 1930 es
1058 1872 1312 1944 zngleich
1358 1873 1460 1927 mit
1504 1873 1964 1942 lusterregenden
2001 1874 2432 1943 Vorstellungen
2469 1890 2591 1931 ver·

356 1957 562 2027 knupst
606 1958 697 2013 ist.
784 1958 949 2015 Rhet.
985 1960 1057 2014 A.
1094 1959 1191 2013 XI.
1234 1959 1408 2026 137012,
1444 1962 1557 2013 24.“
1639 1958 1794 2013 Haeo
1837 1958 2020 2012 omnia
2061 1958 2181 2014 fere
2226 1967 2379 2014 reete
2423 1961 2592 2015 dieta.

349 2045 435 2098 Eo
470 2044 648 2113 magis
684 2045 992 2101 eavendnm
1029 2046 1189 2101 nobis
1223 2060 1296 2100 ne
1320 2044 1651 2099 nostratium
1674 2045 1746 2099 de
1771 2044 2063 2112 voluptate
2087 2045 2411 2113 doctrinam,
2446 2060 2591 2115 quae

343 2130 611 2199 gignatur
657 2130 980 2199 quorumvis
1032 2131 1331 2186 affectuum
1379 2129 1806 2198 sollicitatione,
1860 2128 2161 2186 Aristoteli
2208 2130 2590 2186 obtrudamus.

344 2212 418 2269 ef.
455 2231 584 2270 ann.
621 2221 703 2270 57.

519 2305 589 2370 ⁸⁷)
622 2302 892 2372 Bernays,
929 2304 962 2357 l.
989 2302 1023 2356 l.
1054 2306 1175 2357 178:
1216 2317 1336 2361 ..um
1375 2300 1477 2356 das
1514 2300 1868 2357 Hedonisehe
1903 2301 1960 2355 in
1989 2301 2181 2373 jedem
2216 2298 2411 2357 Affeot
2445 2302 2589 2358 blos-

346 2385 598 2457 zulegen‚
636 2385 905 2444 brauehte
930 2385 1273 2444 Aristoteles
1309 2386 1603 2443 einerseits
1640 2401 1746 2442 nor
1780 2386 1991 2442 wieder
2026 2386 2197 2442 daran
2221 2403 2289 2443 zu
2316 2388 2589 2458 erinnem,

345 2473 479 2528 dass
505 2474 674 2546 jeder
707 2471 925 2543 Affect,
971 2474 1043 2529 da
1077 2489 1138 2529 er
1170 2474 1283 2530 den
1319 2472 1626 2530 Mensohen
1660 2461 1855 2528 ausser
1890 2471 2008 2529 sich
2054 2480 2228 2541 setzt,
2278 2473 2587 2530 ekstatiseh

342 2559 444 2626 ist,
490 2560 608 2615 und
632 2560 997 2616 flandi-ersom
1041 2561 1133 2616 die
1179 2558 1356 2616 sehon
1403 2560 1462 2614 in
1500 2560 1601 2615 der
1633 2558 1914 2615 Rhetorik
1956 2559 2250 2628 gegebene
2281 2555 2588 2616 Definifion

343 2643 444 2699 den·
490 2647 632 2699 Lust
670 2637 895 2715 (ἡδονή)
940 2662 1009 2701 zu
1054 2635 1457 2714 wiederholen,
1506 2644 1736 2700 wonaeh
1783 2644 1867 2698 sie
1911 2645 2015 2699 auf
2051 2644 2206 2700 einer
2250 2645 2588 2714 pldtzliehen

342 2729 790 2801 Ersehdtterung
837 2732 955 2786 und
1002 2731 1564 2801 Wiedergewinnung
1611 2730 1713 2784 des
1760 2728 2072 2786 seelisehen
2120 2728 2588 2798 Gleiehgewiehts

340 2813 590 2884 (κίνησις
624 2821 724 2886 τῆς
758 2821 943 2887 ψυχῆς
974 2814 1076 2873 καὶ
1110 2813 1464 2883 κατάστασις
1499 2809 1698 2888 ἀθρόα
1732 2813 1834 2871 καὶ
1867 2810 2120 2885 αἰσθητὴ
2158 2811 2240 2880 εἰς
2271 2811 2375 2885 τὴν
2408 2808 2588 2888 ὑπάρ-

339 2919 560 2971 χουσαν
597 2898 772 2972 φύσιν
807 2900 971 2957 Rhet.
998 2903 1042 2968 1,
1074 2906 1149 2957 11.
1181 2919 1226 2957 z.
1250 2902 1365 2967 A),
1400 2902 1519 2958 also
1554 2899 1833 2957 ebent'alls
1867 2898 1970 2955 auf
1999 2899 2180 2956 einem
2205 2899 2589 2958 ekstatisehen

346 2985 646 3057 Vorgange
683 2987 902 3043 beruht.
970 2988 1171 3043 nithin
1217 2988 1435 3043 enthiilt
1466 2988 1622 3057 jeder
1658 2987 1878 3055 Affeot,
1921 3001 2051 3055 mag
2094 2987 2196 3041 das
2231 2986 2326 3040 ihn
2364 2987 2587 3042 hervor-

341 3069 580 3127 rnfende
625 3072 829 3145 Objeet
873 3072 1018 3128 noch
1065 3088 1129 3127 so
1175 3073 1422 3143 peinvoll
1470 3072 1822 3140 erseheinen,
1875 3072 2004 3128 weil
2048 3070 2137 3127 ein
2192 3070 2589 3140 elzstatieohes⁷

341 3155 481 3212 auch
531 3157 621 3213 ein
658 3157 1029 3214 bedonisohes
1075 3159 1333 3214 Element
1374 3163 1510 3214 ete.“
1581 3158 1782 3213 Mirum
1818 3173 1977 3223 sane,
2020 3156 2173 3226 quod
2215 3156 2394 3212 virum
2430 3171 2586 3223 saga·

343 3241 623 3298 eissimum
668 3244 820 3314 fugit
865 3243 1038 3299 verba
1071 3243 1211 3299 artis
1248 3243 1583 3312 rhetoricae,
1632 3258 1776 3313 quae
1810 3242 2084 3308 laudavit,
2129 3255 2268 3298 suae
2302 3242 2588 3298 doetrinae

343 3327 568 3383 minime
604 3326 919 3385 eonvenite.
990 3329 1112 3384 Non
1152 3329 1315 3384 enim·
1340 3322 1627 3384 ’ἔκστασιν
1660 3325 2006 3384 Aristoteles
2052 3327 2396 3397 voluptatem
2433 3327 2587 3395 dioit,

340 3413 504 3468 immo
538 3410 916 3483 κατάστασιν,
950 3430 1095 3484 quae
1129 3415 1363 3470 maxime
1400 3423 1489 3470 est
1522 3414 1798 3470 contraria
1830 3414 1930 3468 illi.
2000 3412 2268 3469 Similiter
2304 3411 2431 3466 Eth.
2467 3413 2587 3468 Nie.

342 3498 376 3552 1.
413 3498 516 3563 ΙΠ,
542 3499 602 3554 O.
635 3506 710 3568 15,
752 3505 934 3567 11192,
972 3505 1035 3556 24
1073 3501 1236 3556 dicit:
1273 3499 1374 3556 καὶ
1406 3494 1443 3572 ἦ
1475 3499 1606 3569 μὲν
1640 3496 1817 3569 λύπη
1859 3494 2176 3569 ἐξίστησι
2212 3496 2315 3553 καὶ
2350 3496 2586 3570 φθείρει

342 3579 446 3653 τὴν
480 3575 583 3640 τσῦ
616 3579 853 3657 ἔχοντος
876 3583 1065 3656 φύσιν,
1102 3578 1135 3656 ἦ
1171 3584 1240 3642 δὲ
1279 3579 1488 3656 ἡδονὴ
1525 3579 1740 3642 οὐδὲν
1775 3589 2111 3641 τοιοῦτον
2144 3590 2353 3640 ποιεῖ.
2423 3584 2586 3640 Unde

340 3677 578 3739 apparet
621 3667 725 3741 τὴν
770 3665 1045 3727 ἔκστασιν
1086 3688 1212 3728 esse
1247 3667 1505 3742 λυπηρόν
1537 3689 1594 3726 τι
1629 3687 1698 3727 ex
1729 3668 2060 3727 Aristotelis
2089 3670 2372 3726 sententia
2403 3685 2587 3739 neque

346 3755 690 3826 voluptatem
729 3752 1093 3814 ἐκστατικόν.
1164 3757 1375 3823 Quodsi
1421 3757 1564 3813 dicit
1597 3758 1848 3827 Bernays
1893 3771 2122 3828 omnem·
2154 3755 2416 3811 affectum
2460 3770 2586 3812 esse

220 3831 229 3838 ’
344 3836 692 3898 ἐκστατικόν
727 3850 785 3897 et
818 3849 1122 3913 propterea
1156 3844 1501 3914 voluptatem
1539 3843 1819 3911 quandam
1856 3841 2078 3909 habere,
2114 3857 2237 3896 eum
2273 3840 2587 3896 Aristotele

342 3927 566 3983 minime
616 3929 927 3984 consentit:
980 3929 1070 3984 sin
1121 3929 1411 3998 opinetur,
1458 3943 1676 3983 omnem
1729 3921 2006 3983 ἔκστασιν
2059 3926 2375 3982 necessario
2427 3927 2586 3995 sequi

341 4010 719 4082 κατάστασιν,
753 4030 826 4071 ne
861 4012 966 4069 hoe
1002 4014 1227 4085 quidem
1264 4021 1418 4068 reete
1444 4029 1505 4069 se
1533 4014 1726 4069 habet:
1762 4029 1956 4069 omnes
1980 4012 2126 4069 enim
2150 4012 2392 4068 effeetus
2414 4019 2587 4081 atque
2627 4085 2634 4094 υ

342 4100 505 4155 etiam
550 4100 776 4156 dolores
824 4101 1119 4170 voluptate
1167 4099 1409 4168 quadam
1456 4099 1761 4155 finirentur.
1841 4098 2016 4154 Finiri
2061 4099 2286 4168 quidem
2329 4095 2432 4153 hos
2467 4097 2586 4152 sine

341 4185 514 4240 dubio
558 4193 649 4240 est
694 4187 896 4254 suave,
942 4191 1003 4239 at
1045 4200 1228 4254 neque
1275 4200 1469 4239 omnes
1505 4184 1772 4240 finiuntur
1806 4199 1990 4253 neque
2026 4191 2220 4239 nostro
2255 4183 2377 4239 loeo
2414 4182 2485 4238 de
2521 4197 2588 4238 ea

342 4284 403 4324 re
438 4270 677 4339 eogitari
712 4285 881 4340 posse
915 4285 1087 4341 supra
1121 4269 1383 4325 vidimus.
