3166 4871
2511 274 2635 336 359

550 447 799 506 Restant
841 447 1021 521 igitur
1066 448 1333 507 coloniae
1382 447 1519 506 hae:

788 548 993 625 Capua
1674 549 1902 608 Fanum
1950 550 2252 609 Fortunae

694 647 699 652 ’
789 650 1093 728 Aquinum
1215 725 1225 734 .
1677 651 1991 711 Pisaurum

790 752 1008 813 Suessa
1680 754 2014 829 Hispellum

794 855 1119 915 Venafrum
1680 855 1887 916 Tuder

792 957 941 1018 Sora
1687 958 1855 1018 Luca

794 1060 948 1120 Nola
1432 1129 1441 1136 .
1681 1062 1859 1121 Pisae

800 1164 1060 1222 Venusia
1684 1163 2013 1223 Ariminum

798 1266 1206 1324 Beneventum
1685 1265 1956 1325 Bononia

800 1362 1127 1442 [Asculum]
1689 1366 2047 1440 [Brixillum]

800 1469 1051 1529 Ancona
1691 1471 2032 1531 Concordia

800 1573 1091 1648 Tergeste
1692 1575 1843 1649 Aug.
1890 1573 2289 1633 Taurinorum

801 1674 947 1733 Pola
1686 1676 1840 1752 Aug.
1886 1675 2199 1735 Praetoria

800 1775 1095 1837 Cremona
1685 1772 1911 1852 [Lucus
1956 1772 2336 1851 Feronensis]

806 1879 1009 1936 Brixia
1698 1873 2020 1954 [Rusellae]

805 1979 1007 2039 Ateste
1693 1976 1891 2055 [Sena]

569 2081 831 2153 Quarum
877 2100 1000 2152 eae,
1059 2100 1215 2159 quae
1270 2082 1439 2140 uncis
1484 2082 1720 2142 inclusa
1762 2088 1918 2159 sunt,
1963 2083 2252 2142 eiusmodi
2300 2102 2364 2144 se
2410 2083 2648 2156 habent,

358 2188 466 2242 .ut
518 2189 681 2242 certa
739 2189 1089 2259 argumenta
1147 2203 1266 2242 non
1314 2184 1637 2261 exsistant,
1695 2186 1913 2261 quibus
1958 2184 2114 2243 effici
2164 2187 2386 2263 possit,
2451 2189 2645 2244 utrum

401 2286 656 2361 Augusti
716 2287 985 2345 coloniae
1044 2288 1164 2346 sint
1209 2305 1413 2346 necne.
1516 2287 1667 2347 Aliis
1723 2289 1772 2346 si
1825 2286 2004 2348 addis
2052 2306 2235 2364 supra
2281 2289 2647 2347 nominatas:

402 2390 664 2449 Firmum
722 2388 991 2450 Abellam
1037 2389 1357 2450 Nuceriam
1419 2389 1671 2468 Cumas,
1734 2389 1919 2450 habes
1977 2388 2232 2450 indicem
2279 2390 2648 2451 coloniarum
2759 2433 2766 2441 .

405 2493 677 2566 Augusti.
794 2493 953 2552 Nolo
1013 2492 1313 2553 affirmare
1373 2511 1483 2553 nos
1544 2513 1619 2553 ex
1681 2494 1950 2570 reliquiis
2010 2493 2414 2570 antiquitatis,
2493 2510 2650 2570 quae

404 2595 578 2654 nobis
621 2593 843 2654 tradita
886 2599 1050 2672 sunt,
1094 2600 1319 2655 eertum
1366 2578 1620 2655 indicem
1666 2597 1986 2656 restituere
2031 2613 2230 2673 posse,
2296 2595 2411 2655 hoc
2457 2595 2649 2653 solum

405 2697 702 2757 contendo
776 2698 932 2757 inter
1004 2698 1131 2775 has,
1203 2718 1355 2775 quas
1430 2699 1761 2775 nominavi,
1836 2699 2101 2758 colonias
2185 2697 2654 2774 duodetriginta,

406 2817 555 2875 quas
591 2799 764 2858 Italia
806 2798 1014 2859 habuit
1056 2801 1130 2859 ab
1171 2801 1446 2878 Augusto
1491 2800 1801 2877 deductas,
1850 2805 2014 2860 certe
2061 2802 2275 2859 inesse.

575 2902 809 2971 Restat,
873 2904 935 2959 ut
995 2900 1068 2962 de
1132 2902 1409 2979 coloniis,
1466 2920 1618 2979 quas
1664 2902 1964 2960 Antonius
2026 2898 2274 2959 deduxit
2343 2901 2458 2958 hoc
2519 2899 2651 2959 loeo

407 3021 602 3079 pauca
662 3001 969 3062 addamus.
1069 3002 1312 3063 Constat
1374 3021 1477 3062 eas
1546 3003 1622 3061 ab
1682 3005 1954 3078 Augusto
2017 3003 2238 3061 relatas
2310 3020 2442 3060 esse
2501 3003 2654 3062 inter

409 3106 673 3164 colonias
717 3123 753 3163 a
796 3122 859 3164 se
908 3106 1214 3165 deductas.
1302 3105 1416 3165 Sed
1465 3124 1639 3165 nemo
1687 3105 1881 3163 mirari
1930 3107 2130 3181 potest
2176 3104 2444 3175 nominis,
2491 3103 2649 3180 qnod

411 3209 705 3266 Antonius
771 3208 1023 3268 coloniis
1102 3209 1224 3267 suis
1298 3209 1613 3286 imposuit,
1701 3207 2031 3268 Octaviano
2099 3208 2355 3277 victore,
2439 3206 2652 3265 deinde

408 3311 756 3386 imperante,
800 3311 875 3370 ad
922 3331 1030 3370 nos
1078 3312 1301 3371 nullum
1345 3313 1658 3389 vestigium
1692 3310 2057 3388 pervenisse.
2146 3308 2424 3368 Colonias
2457 3312 2652 3368 autem

411 3415 560 3474 duas
620 3416 774 3473 inter
828 3416 1082 3491 Augusti
1144 3415 1408 3474 colonias
1467 3414 1540 3473 ab
1590 3414 1849 3473 Antonio
1895 3412 2187 3472 deductas
2249 3430 2379 3472 esse
2425 3412 2657 3487 scimus,

416 3517 743 3577 Bononiam
801 3523 859 3576 et
918 3519 1242 3577 Perusiam.
1348 3518 1605 3575 Nomina
1657 3516 1886 3575 illarum
1934 3534 2051 3575 non
2101 3516 2510 3575 innotuerunt.
2598 3515 2656 3574 Si
2758 3545 2762 3548 >

418 3622 758 3680 Antoniana
824 3623 1125 3680 nomInata
1191 3620 1465 3693 fuerunt,
1542 3624 1705 3678 certe
1773 3618 1883 3677 hoc
1953 3637 2164 3677 nomen
2236 3618 2497 3678 deletum
2565 3622 2660 3676 est

417 3725 781 3799 evanuitque
841 3725 969 3784 sive
1027 3742 1100 3782 ex
1160 3722 1537 3799 imperatoris
1596 3726 1656 3780 et
1725 3722 2067 3807 colonorum
2146 3722 2453 3780 voluntate
2531 3720 2656 3779 sive

416 3832 666 3904 propter
710 3827 865 3887 illins
908 3826 1213 3903 imperium
1261 3843 1590 3901 eorumque
1636 3825 2101 3901 obsequentiam.
