3166 4871
535 301 662 364 314

533 473 855 552 agnitionis
913 489 1137 549 genera
1197 489 1247 530 c.
1290 470 1431 530 XIV
1489 471 1791 531 recenseri
1851 471 2169 547 putabant,
2232 476 2300 532 ut
2358 470 2781 550 Teichmflller,

532 594 709 654 quem
753 573 963 635 laudat
1003 569 1380 650 Doering⁸¹).
2024 558 2030 565 ’
2645 584 2650 597 ·

701 680 781 739 At
837 696 915 738 ne
972 678 1059 737 sie
1119 675 1361 755 quidem
1404 675 1632 737 tradita
1672 676 1858 737 verba
1898 681 2064 738 recte
2109 695 2175 738 se
2220 672 2442 737 habere
2486 674 2781 738 Snsemihl

529 760 820 844 ostendit:
865 799 1002 841 nam
1049 798 1205 857 quae
1251 779 1610 840 Aristoteles
1655 784 1721 839 ut
1762 779 1824 840 in
1871 780 2285 858 componendo
2319 784 2425 841 ant
2453 778 2646 840 vitent
2676 780 2781 841 aut

531 888 818 961 expetant
861 884 976 944 hoc
1020 884 1150 961 ipso
1197 884 1390 960 capite
1434 882 1650 943 suadet
1692 882 1912 961 poetis,
1955 900 2028 943 ea
2072 889 2132 943 et
2175 882 2396 943 desunt
2439 887 2502 943 et
2542 881 2780 957 adsunt,

530 993 598 1048 ut
640 987 881 1066 debent,
923 987 1136 1077 tertiae
1180 986 1266 1045 illi
1309 984 1534 1046 formae
1548 981 1646 1060 ⁶²),
1705 1003 1826 1062 qua
1866 985 2295 1062 consanguinei
2341 985 2525 1046 caede
2565 1000 2779 1063 perpe-

700 1204 772 1270 θ’)
804 1198 876 1256 cs.
908 1199 1165 1269 Lessing,
1200 1198 1395 1253 Hamb.
1430 1199 1618 1253 Dram.
1658 1197 1719 1255 C.
1756 1202 1838 1253 ³8.
1875 1197 2112 1266 Vahlen,
2147 1196 2317 1254 Beitr.
2349 1196 2425 1266 11,
2471 1201 2778 1252 107—113.

528 1286 916 1354 Teiehmiiller,
950 1286 994 1340 Ι.
1021 1288 1257 1340 ‘te—82.
1326 1284 1703 1339 Teichmllller
1766 1298 1834 1338 oc
1871 1284 2175 1352 concludit,
2201 1287 2283 1338 80.
2319 1286 2414 1338 Bi:
2452 1298 2605 1349 „man
2633 1281 2780 1337 aieht

529 1373 648 1428 hier
681 1372 784 1426 mit
817 1372 993 1427 voller
1026 1369 1298 1437 Klarhein
1336 1369 1472 1425 dass
1507 1369 1602 1425 die
1640 1370 1804 1425 beste
1839 1369 2191 1439 Erkennung
2225 1384 2299 1423 an
2333 1367 2453 1424 sich
2489 1367 2646 1423 nicht
2679 1369 2780 1423 mit

530 1457 633 1513 der
675 1457 878 1513 beaten
913 1455 1229 1526 Tragoedie
1266 1453 1546 1525 vereinigt
1581 1454 1807 1509 werden
1845 1453 2058 1524 kann“;
2093 1457 2181 1511 82:
2217 1469 2314 1518 „es
2348 1453 2426 1510 ist
2460 1454 2610 1523 klar,
2646 1454 2783 1529 dass

529 1544 620 1598 die
643 1543 808 1599 beste
832 1540 1148 1611 Tragoedie
1184 1556 1290 1595 nur
1325 1540 1426 1594 mit
1460 1539 1560 1594 der
1594 1555 1664 1594 an
1700 1538 1820 1595 sich
1858 1541 2022 1595 zweit
2053 1540 2254 1595 besten
2283 1539 2633 1610 Erkennnng
2657 1553 2779 1595 ver-

530 1627 707 1698 einigt
752 1627 975 1682 werden
1023 1625 1222 1680 kann.“
1273 1618 1347 1680 cf.
1397 1624 1735 1692 Ueberweg,
1771 1625 1807 1680 l.
1844 1625 1879 1680 l.
1917 1629 2000 1692 72,
2038 1622 2112 1679 A.
2148 1630 2231 1681 63.
2303 1623 2389 1680 At
2424 1624 2484 1681 C.
2521 1622 2663 1679 XIII
2705 1624 2776 1679 de

530 1713 816 1784 agnitione
861 1711 954 1782 agi
987 1726 1170 1780 neque
1207 1710 1449 1779 Lessing
1485 1711 1804 1778 contendit,
1840 1725 2025 1780 neque
2061 1709 2463 1775 'I'eichmssller,
2508 1708 2607 1780 qui
2638 1708 2779 1765 illud

537 1799 820 1869 opinatur,
856 1796 1147 1867 probabile
1181 1795 1331 1851 fecit.
1400 1796 1538 1850 Nam
1573 1812 1698 1851 cum
1733 1796 1926 1863 Qxl,
1974 1796 2111 1866 quid
2147 1796 2225 1851 sit
2256 1796 2500 1865 agnitio,
2545 1794 2607 1849 C.
2641 1794 2780 1849 XVI

535 1900 681 1956 quae
718 1884 836 1939 sint
869 1883 992 1939 eins
1028 1882 1253 1948 formae,
1289 1889 1620 1952 exponatur,
1655 1897 1767 1938 non
1807 1883 2076 1939 credibile
2109 1882 2171 1938 C.
2200 1881 2348 1949 MV,
2381 1880 2478 1937 nbi
2512 1886 2780 1951 quattuor

532 1970 654 2027 eius
690 1963 923 2034 πάθους
956 1968 1181 2036 formae,
1218 1968 1369 2038 quod
1403 1973 1493 2023 est
1512 1968 1663 2023 inter
1685 1967 2149 2038 consanguineos,
2185 1973 2512 2033 tractantur,
2547 1982 2779 2037 quarum

533 2056 677 2111 duae
715 2062 908 2110 carent
941 2053 1248 2124 agnitione,
1284 2053 1356 2109 de
1391 2054 1585 2109 eadem
1621 2068 1679 2108 re
1717 2053 1941 2109 tertium
1981 2053 2180 2109 disseri
2214 2054 2322 2109 nisi
2355 2051 2780 2125 praetereundo.

530 2138 748 2195 Vahlen
801 2139 936 2195 haec
974 2138 1135 2207 dicit,
1173 2138 1206 2194 Ι.
1244 2138 1281 2193 l.
1323 2142 1445 2194 113:
1494 2140 1614 2202 „Da
1647 2155 1792 2208 nnn,
1841 2154 1956 2193 was
2000 2138 2263 2194 niemand
2310 2138 2631 2206 bestreitet,
2678 2139 2780 2193 das

529 2222 726 2291 πάθος
779 2224 921 2281 anch
976 2224 1086 2279 den
1142 2222 1756 2307 Situationswechsel,·
1784 2224 1876 2280 die
1927 2220 2247 2297 μετάβασις
2302 2224 2406 2279 der
2460 2224 2781 2294 tragischen

530 2311 838 2380 Handlung
871 2309 1052 2365 aelbst
1084 2308 1474 2365 herbelflihren
1515 2308 1683 2378 kann,
1717 2324 1784 2364 so
1819 2310 1961 2364 wird
1995 2310 2292 2366 iis-diesem
2317 2310 2476 2365 Falle
2503 2310 2598 2366 die
2618 2310 2779 2365 besto

528 2397 697 2454 Form
742 2396 845 2453 des
900 2391 1096 2461 πάθος
1140 2396 1243 2450 mit
1276 2395 1377 2452 der
1413 2395 1614 2454 beaten
1650 2396 1816 2451 Form
1851 2396 1952 2452 der
1983 2390 2304 2468 μετάβασις
2337 2395 2494 2454 nieht
2529 2395 2674 2451 wohl
2709 2410 2782 2450 zu

528 2482 855 2551 vereinigen
888 2481 1056 2538 seIn.“
1119 2481 1180 2535 C.
1205 2479 1337 2536 XIV
1365 2488 1554 2536 antem
1589 2497 1701 2535 non
1739 2487 1952 2537 tantum
1978 2497 2061 2548 ea,
2097 2497 2239 2553 quae
2264 2484 2326 2540 C.
2349 2482 2433 2538 XI
2458 2482 2783 2550 afferuntur,

528 2558 693 2636 πάθη
731 2565 1045 2630 retractari,
1094 2580 1163 2620 ex
1200 2581 1269 2620 eo
1305 2572 1567 2636 apparet,
1617 2566 1771 2635 quod
1808 2565 2116 2635 Oedipodis
2150 2566 2406 2638 exemplo
2439 2565 2780 2624 Aristoteles

530 2651 722 2707 utitur.
795 2651 907 2707 Sed
954 2650 1025 2705 de
1070 2650 1151 2706 eis
1199 2651 1553 2721 potissimum
1591 2649 1967 2720 facinoribus,
2011 2651 2070 2705 in
2119 2651 2324 2721 quibus
2361 2656 2451 2707 est
2484 2651 2778 2706 conversio

525 2735 775 2806 fabulae,
823 2737 983 2792 dicit:
1020 2735 1206 2791 omnia
1240 2735 1417 2806 enim,
1452 2749 1598 2805 quae
1632 2731 1796 2791 affert
1828 2737 2113 2805 exempla,
2160 2735 2436 2791 eiusmodi
2481 2741 2617 2791 sunt
2662 2745 2776 2790 uno

527 2828 765 2894 excepto
800 2823 1098 2890 Haemone,
1133 2837 1319 2893 neque
1364 2829 1517 2878 recte
1566 2819 1781 2877 Vahlen
1815 2821 2067 2877 Medeam
2113 2828 2172 2877 et
2204 2822 2468 2891 Meropen
2505 2820 2774 2900 secludit:

526 2923 652 2966 nam
686 2908 987 2966 liberorum
1019 2908 1224 2965 caedes
1260 2923 1327 2963 ea
1359 2907 1583 2990 deinum
1618 2912 1756 2974 erat,
1790 2921 1905 2976 qna
1926 2906 2211 2964 calamitas
2240 2910 2778 2977 perpetraretur3‘et

528 2994 816 3064 Meropen,
851 2993 1083 3050 simulac
1117 2991 1290 3048 filium
1325 2992 1558 3063 agnovit
1592 2998 1655 3047 et
1686 2990 2001 3048 adiutorem
2033 2992 2279 3061 invenit,
2314 3008 2440 3048 cum
2475 3007 2544 3048 eo
2579 2981 2779 3050 ulcisci

530 3079 932 3149 Cresphontem
979 3094 1091 3135 non
1141 3079 1302 3134 multi
1337 3078 1545 3134 laboris
1580 3093 1672 3134 res
1708 3085 1811 3133 est.
1883 3080 1946 3133 In
1990 3078 2280 3148 agnitione
2329 3093 2464 3149 ergo
2510 3092 2644 3134 vera
2689 3083 2779 3133 est

530 3163 695 3220 huius
747 3163 972 3220 fabulae
1023 3164 1334 3221 conversio.
1421 3165 1613 3233 Atque
1672 3180 1772 3220 cur
1829 3162 2125 3219 Haemonis
2182 3164 2473 3234 inceptum
2531 3159 2779 3234 proferat

526 3246 898 3320 Aristoteles,
942 3250 1108 3307 facile
1152 3249 1529 3320 intellegitur,
1573 3248 1700 3319 ipse
1747 3249 1895 3305 enim
1942 3249 2084 3305 dicit
2127 3249 2299 3306 lmine
2341 3249 2424 3306 rei
2460 3249 2775 3319 exemplum

529 3336 624 3392 vix
658 3336 916 3391 inveniri.
985 3335 1182 3407 ltaque
1220 3337 1362 3392 hane
1397 3336 1544 3391 inter
1578 3336 1641 3392 C.
1678 3335 1816 3390 XIII
1852 3340 1911 3391 et
1942 3335 2078 3389 XIV
2114 3336 2460 3392 intercedere
2505 3336 2774 3392 rationem

528 3433 747 3489 censeo,
782 3427 849 3476 ut
880 3422 1080 3491 priori,
1112 3422 1301 3492 qualis
1333 3436 1460 3480 esse
1495 3422 1706 3480 debeat
1746 3421 2067 3494 conversio,
2114 3420 2647 3491 altero.qn01nodo
2685 3421 2775 3476 vel

528 3523 564 3563 a
596 3506 800 3578 quibus
835 3522 904 3562 ea
936 3506 1232 3575 efficiatur,
1266 3503 1614 3564 Aristoteles
1650 3514 1911 3578 exponat,
1947 3507 2055 3573 vel,
2091 3513 2158 3564 ut
2190 3507 2251 3564 C.
2287 3506 2428 3562 XIII
2467 3506 2773 3580 generatim

530 3592 601 3648 de
645 3590 867 3646 actione
915 3593 1151 3662 tragica,
1188 3592 1324 3645 XIV
1362 3592 1435 3647 de
1471 3593 1595 3649 eius
1632 3591 1825 3648 formis
1861 3599 2019 3664 agat,
2068 3607 2209 3664 quas
2255 3599 2539 3648 nostrates
2585 3591 2776 3650 ferunt

535 3675 1074 3747 „Verwirklichnng,
1108 3677 1545 3747 Besonderung“
1553 3717 1566 3731 .
1637 3677 1773 3733 Nam
1810 3693 1934 3733 enm
1969 3677 2130 3732 initio
2166 3677 2365 3748 eapitis
2400 3675 2557 3732 xm.
2591 3681 2774 3732 osten·

527 3761 676 3818 derit
707 3761 908 3817 iteruin
941 3761 1375 3817 miserieordiam
1412 3767 1733 3833 metumque
1780 3761 2039 3818 collocari
2086 3761 2295 3819 debere
2337 3763 2399 3817 in
2447 3762 2639 3829 factis,
2688 3760 2771 3816 sie

527 3847 739 3919 pergit.
785 3853 926 3901 ποῖα
978 3837 1084 3901 οὖν
1129 3841 1287 3902 δεινὰ
1331 3841 1366 3918 ἢ
1413 3853 1555 3903 ποῖα
1601 3844 1809 3919 οἰκτρὰ
1855 3847 2120 3918 φαίνεται
2157 3853 2275 3904 τῶν
2309 3843 2770 3916 συμπιπτόντων,

526 3929 814 4005 λάβωμεν.
869 3925 1092 4002 ανάγκη
1146 3929 1209 3990 δὲ
1266 3926 1300 4003 ἢ
1355 3931 1544 4003 φίλων
1595 3925 1744 3990 εἶναι
1802 3929 1952 4006 πρὸς
2005 3927 2286 4005 ἀλλήλους
2341 3928 2444 3999 τὰς
2501 3927 2772 4048 τοιαύτας

524 4014 766 4091 πράξεις
800 4012 833 4088 ἢ
873 4011 1176 4088 ἐχθρῶν“
1140 4038 1174 4088 η
1209 4013 1558 4090 μηδετέρων.

696 4106 766 4170 ⁶²)
801 4102 862 4157 C.
900 4102 1054 4156 XIV.
1107 4098 1331 4158 τούτων
1383 4102 1443 4161 δὲ
1500 4100 1568 4160 τὸ
1625 4102 1736 4174 μὲν
1787 4101 2154 4178 γινώσκοντα
2203 4107 2487 4176 μελλῆσαι
2539 4101 2639 4159 καὶ
2690 4098 2769 4174 μὴ

524 4191 741 4261 πρᾶξαι
770 4187 1093 4261 χείρισται·
1138 4183 1206 4244 τό
1256 4207 1323 4245 τε
1356 4188 1471 4262 γὰρ
1506 4186 1722 4263 μιαρὸν
1770 4186 1915 4262 ἔχει,
1952 4189 2053 4247 καὶ
2088 4184 2159 4246 οὗ
2195 4185 2501 4262 τραγικόν·
2542 4181 2772 4255 ἀπαθὲς

523 4271 655 4346 γάρ.
709 4269 917 4348 διόπερ
952 4267 1144 4340 οὕόἳὶς
1176 4281 1337 4331 ποιεῖ
1366 4267 1615 4344 ὁμοίως,
1665 4272 1722 4333 εἰ
1763 4272 1844 4347 μὴ
1889 4270 2180 4347 ὀλιγάκις,
2218 4266 2343 4330 οἷον
2377 4269 2446 4332 ἐν
2484 4267 2771 4345 Άὺτιγόνῃ
