3166 4871
542 298 623 359 80
1543 292 1807 351 zacher

713 471 976 532 Dubium
1021 476 1142 532 est:

712 561 953 649 φαιός
998 592 1208 651 canus,
1253 592 1464 651 ravus,
1508 573 1671 651 apud
1717 575 1869 634 Plat.
1915 575 2158 650 Antiph.
2205 575 2398 651 Alex„
2456 576 2560 635 sed
2608 576 2786 635 etiam

545 676 620 736 de
666 693 834 753 voce,
879 693 1113 753 raucus,
1155 677 1467 754 obscurus,
1512 694 1632 752 quo
1678 694 1859 737 sensu
1906 695 2110 737 vocem
2158 679 2440 754 usurpari
2485 679 2790 755 vituperat

541 779 896 839 Aristoteles
954 783 1077 855 top.
1127 777 1181 856 1,
1231 777 1325 857 15,
1369 798 1425 856 p.
1479 776 1614 857 106,
1658 775 1718 838 6.
1805 779 2052 856 Proprie
2111 780 2297 856 igitur
2348 780 2645 857 significat
2687 778 2787 840 ob-

541 900 799 941 scurum.
887 881 1191 941 Pullulare
1235 880 1476 941 videtur
1519 901 1557 941 a
1600 882 1727 942 rad.
1774 879 1906 959 blaa,
1964 900 2052 959 gr.
2097 898 2194 957 φα
2239 901 2392 960 quae
2434 883 2496 942 in
2542 875 2787 957 φαίνω,

542 983 646 1043 sed
695 982 938 1043 dubium
985 987 1079 1043 est
1123 986 1320 1043 utrum
1369 1002 1442 1044 ex
1489 983 1623 1061 ipsa
1664 984 1868 1044 radice
1914 983 2247 1045 derivatum
2293 986 2369 1045 sit
2399 986 2668 1062 (φα-ιος,
2710 983 2789 1043 ef.

542 1073 852 1164 φαιδρός,
909 1079 1251 1162 φαίδιμος,
1311 1080 1530 1160 φαίδει
1593 1073 1747 1163 ὄψει
1792 1088 2079 1165 Hesycl1.‚
2136 1076 2379 1162 φαικός
2423 1084 2790 1165 splendens),

544 1206 619 1247 an
664 1205 700 1245 a
743 1187 902 1262 mas,
947 1187 1109 1264 quod
1160 1188 1216 1246 in
1265 1178 1513 1265 ᾳάῐοσ,
1573 1189 1721 1248 aeol.
1764 1186 2009 1266 φαῦος,
2064 1189 2369 1267 pamphyl.
2412 1179 2645 1266 φόβος,
2687 1190 2788 1249 lat.

537 1289 761 1362 favilla
805 1288 998 1362 (Onrt.
1043 1286 1165 1349 Et.³
1208 1308 1266 1366 p.
1311 1287 1453 1350 279.
1498 1288 1667 1369 603),
1720 1310 1797 1351 an
1842 1290 2094 1351 fortasse
2139 1310 2176 1350 a
2219 1292 2481 1351 themate
2527 1291 2788 1368 quodam

542 1409 673 1466 φας
717 1384 821 1470 (cf.
852 1408 967 1451 scr.
1010 1388 1274 1465 bhdsas).
1362 1394 1453 1453 De
1497 1393 1934 1471 significatione
1982 1393 2056 1453 cf.
2087 1394 2327 1471 Brugm.
2358 1393 2525 1454 Stud.
2547 1394 2618 1470 V,
2647 1389 2790 1453 223.

721 1487 830 1555 25.
920 1496 1087 1555 Haec
1147 1494 1331 1573 igitur
1389 1501 1530 1556 sunt
1589 1496 1788 1556 omnia
1843 1514 2000 1573 quae
2058 1514 2172 1573 ego
2231 1495 2471 1573 quidem
2519 1497 2789 1556 noverim

533 1584 843 1656 'vocabula
904 1596 1044 1656 huic
1108 1597 1285 1657 classi
1361 1597 1826 1658 adnumeranda.
1931 1598 2161 1671 Quibus
2221 1599 2553 1675 perspectis
2615 1617 2790 1658 nemo

546 1716 666 1758 non
711 1699 901 1775 videt,
961 1718 1035 1759 ea
1091 1700 1249 1759 inter
1306 1717 1371 1759 se
1426 1719 1545 1759 non
1593 1718 1715 1760 una
1757 1718 1824 1760 re
1868 1699 2128 1761 differre.
2215 1700 2369 1760 Nam
2415 1703 2477 1760 et
2517 1700 2788 1779 stirpium

549 1806 768 1860 natura
812 1820 844 1861 e
882 1802 1098 1878 quibus
1129 1802 1403 1863 derivata
1431 1806 1590 1881 sunt,
1634 1803 1871 1864 diversa
1902 1806 2010 1881 est,
2053 1807 2113 1863 et
2140 1804 2334 1881 ipsius
2362 1804 2792 1865 terminationis

545 1919 611 1961 ιο
665 1904 760 1963 vel
817 1920 885 1962 ια
944 1922 1016 1963 ea
1071 1922 1295 1980 genera
1348 1907 1491 1964 sunt
1548 1905 1975 1983 discernenda,
2041 1922 2197 1982 quae
2256 1906 2314 1965 in
2374 1904 2542 1966 initio
2600 1905 2793 1966 omnis

546 2006 723 2065 huius
769 2006 951 2066 libelli
993 2006 1374 2085 segreganda
1419 2024 1550 2067 esse
1614 2006 1889 2067 diximus.
1977 2006 2177 2083 Atque
2235 2008 2487 2084 primum
2548 2007 2790 2084 quidem

546 2107 620 2168 de
665 2109 951 2186 stirpibus
995 2109 1321 2170 videamus.

720 2211 811 2271 Ab
872 2212 1013 2288 ipsis
1073 2212 1378 2272 radicibus
1439 2213 1473 2270 i.
1517 2229 1568 2271 e.
1622 2230 1659 2271 a
1717 2210 1916 2271 verbis
1972 2212 2270 2287 primariis
2332 2210 2603 2272 derivata
2660 2228 2794 2272 esse

547 2313 830 2373 videntur
889 2312 1077 2389 (quod
1139 2331 1250 2374 nos
1311 2314 1437 2374 fere
1502 2313 2133 2390 ‚,primlu·bildungen‘⁸
2196 2331 2417 2375 vocare
2473 2311 2792 2386 solemus):

547 2401 808 2493 ὁμάιον,
865 2405 1202 2493 βουγάιος,
1259 2404 1444 2486 δάιος
1489 2405 1698 2495 δήιος,
1758 2404 2156 2495 πουρδάιον,
2213 2405 2511 2497 πυρκαϊή
2553 2414 2790 2494 λυχνο-

546 2511 702 2599 καΐη
747 2505 1086 2599 ἡλιοκαΐη,
1148 2515 1317 2600 λᾷον
1360 2509 1581 2598 λήιον,
1647 2513 1804 2577 λαία
1855 2512 2005 2599 ληΐη
2056 2514 2230 2599 λεία,
2287 2510 2564 2598 ἔμπαιος
2591 2507 2792 2599 πρός-

546 2635 766 2690 παιος,
812 2609 1028 2695 φαιός.
2116 2613 2127 2620 “
2406 2604 2419 2613 ’

714 2722 770 2781 Α
828 2723 1113 2800 stirpibus
1164 2725 1297 2801 ipsa
1355 2724 1627 2801 spirante
1671 2724 1719 2782 f
1755 2723 1967 2784 finitis:
2028 2730 2227 2802 γραῖα
2241 2725 2300 2795 P,
2362 2711 2550 2794 νάιος
2606 2711 2793 2801 νήιος

547 2816 869 2898 ἐπίνειον,
915 2818 1236 2883 δεκαναίά
1279 2818 1657 2884 πενταναία
1697 2818 2358 2885 πεντεκαιδεκαναία.

718 2928 772 2987 Α
818 2927 1107 3004 stirpibus
1154 2945 1309 3004 quae
1354 2928 1625 2988 vocalem
1671 2945 1713 2987 α
1742 2928 1843 2989 vel
1886 2944 1924 2987 ο
1970 2932 2108 3004 post
2148 2929 2198 2987 f
2234 2928 2487 2988 habent:
2532 2911 2792 3005 ἄγλαΐα,

548 3023 822 3088 νεολαία
865 3022 1211 3089 πολυλαΐα
1255 3018 1479 3102 Λάιος,
1537 3025 1836 3109 προναία
1876 3023 2224 3108 περίναιος
2268 3018 2586 3101 σύνναιος
2626 3019 2793 3109 πρό-

549 3147 736 3190 νειον
776 3121 1131 3212 προιήιον.
1788 3125 1799 3130 ”

717 3235 1016 3295 Incertum
1085 3238 1178 3296 est
1238 3239 1432 3295 utrum
1496 3234 1557 3294 in
1620 3235 1702 3294 fo
1762 3253 1839 3293 au
1897 3235 1958 3295 in
2017 3236 2067 3294 f
2116 3234 2408 3296 desierint
2466 3238 2793 3312 prototypa

549 3335 789 3395 horum:
837 3327 1108 3415 αἰζήιος,
1153 3327 1444 3417 παρήιον
1481 3326 1727 3414 παρειά
1757 3323 2093 3419 εύπάρᾳος
2138 3343 2268 3416 cet„
2310 3327 2499 3409 βαιός
2542 3322 2791 3417 ἡβαιός,

549 3433 783 3520 πρᾷος,
829 3429 989 3520 ῥᾷος
1035 3428 1189 3517 ῥήια
1234 3429 1399 3518 ῥεῖα,
1444 3429 1690 3510 σκαιός.

720 3541 989 3601 Duorum
1048 3541 1479 3602 vocabulorum
1539 3558 1648 3601 αιο
1709 3561 1829 3603 non
1888 3561 1964 3603 ex
2023 3542 2172 3602 asto
2232 3543 2362 3619 ipso
2418 3541 2643 3603 factum
2687 3545 2796 3622 est,

547 3641 654 3703 sed
699 3661 775 3702 ex
807 3644 978 3722 alfe,
1021 3643 1184 3720 quod
1214 3662 1324 3721 per
1355 3645 1709 3722 epenthesin
1740 3663 1817 3706 ex
1847 3645 1997 3705 asto
2030 3648 2266 3705 natum:
2307 3634 2497 3718 βαιός
2543 3632 2793 3718 σκαιός,

549 3745 806 3806 fortasse
853 3747 1048 3824 etiam,
1090 3746 1149 3805 id
1197 3746 1360 3824 quod
1404 3752 1689 3808 accentus
1734 3746 2123 3824 commendat,
2167 3736 2379 3822 φαιός.

720 3849 828 3909 His
874 3847 1389 3910 adnumerandum
1437 3854 1526 3909 est
1571 3849 1728 3926 quod
1778 3849 1975 3909 adhuc
2020 3850 2564 3927 praetermisimus:

722 3940 971 4021 Λαιός
1001 3954 1271 4030 ‘laevus,
1333 3959 1683 4030 usurpatum
1740 3970 1775 4011 a
1827 3951 2094 4029 Tyrtaeo
2153 3951 2226 4013 fr.
2278 3971 2453 4030 anapq
2500 3948 2576 4008 15
2621 3950 2797 4031 ng.‚

547 4072 585 4113 a
630 4054 870 4131 tragicis
916 4059 976 4115 et
1030 4074 1066 4115 a
1119 4055 1314 4133 poetis
1367 4056 1496 4114 aevi
1558 4054 1865 4114 alexandr.
1909 4053 2022 4131 Ap.
2067 4055 2175 4115 Rh.
2222 4058 2282 4115 et
2323 4055 2525 4113 Arato.
2614 4053 2793 4127 Quod

548 4156 904 4217 vocabulum
938 4176 1026 4217 ex*
1048 4154 1278 4227 λαιῈος
1310 4163 1512 4216 natum
1546 4174 1677 4217 esse
1706 4156 2063 4233 intelligitur
2109 4177 2184 4218 ex
2230 4157 2336 4216 lat.
2381 4157 2602 4234 laevus,
2643 4153 2794 4215 slav.

549 4264 666 4318 vet.
710 4259 871 4337 levit,
929 4264 991 4319 et
1048 4277 1122 4318 ex
1177 4259 1464 4335 Hesychii
1523 4261 1726 4335 glossa
1786 4252 2054 4330 λαίβας·
2116 4243 2413 4328 ἀσπίδας.
2514 4253 2791 4337 Κρῆτες.
