3166 4871
553 300 634 364 84
1553 243 1812 352 z'aeher

549 462 1062 550 πλουσιώτερον
1106 474 1409 533 Kusterus
1453 472 1690 533 restitui
1726 471 1919 533 voluit
1963 457 2100 550 εὕχ
2113 461 2448 550 αϊῶτερο
2463 487 2519 532 ν.
2607 470 2802 546 Quam
2916 520 2926 530 .

552 575 1026 637 emendationem
1079 575 1309 652 recepit
1368 576 1447 635 Μ.
1490 573 1779 636 Schmidt.
1824 605 1906 616 -
1951 576 2232 635 Fortasse
2276 574 2391 634 hoc
2434 574 2799 635 vocabulum

551 683 642 739 est
697 679 760 739 in
816 678 1055 739 nomine
1116 676 1324 756 oppidi
1388 677 1522 738 Elei
1573 656 1724 737 Χάα
1783 679 1845 738 et
1901 676 2119 737 montis
2161 676 2224 737 in
2269 676 2561 753 Argolide
2606 665 2803 736 Χάον

550 766 723 860 ὅρος.
789 810 877 822 -
935 779 1320 857 Etymologia
1377 797 1590 857 parum
1661 778 1862 841 claret.
1963 778 2381 856 Legerlotzius
2436 779 2539 839 KZ
2573 774 2630 856 8,
2674 775 2800 836 416

551 883 713 944 haud
772 884 973 959 inepte
1032 881 1266 942 confert
1323 899 1440 942 scr.
1467 872 1631 940 *hita
1685 880 1879 942 bouus
1942 899 2053 959 pro
2109 881 2328 959 oham,
2385 898 2475 959 gr.
2527 864 2803 959 ἀγαθός,

551 1003 671 1062 quo
715 986 776 1044 in
821 983 1118 1045 vocabulo
1165 983 1468 1061 aspiratae
1511 984 1632 1043 sint
1672 984 2077 1061 transpositae
2118 983 2273 1043 utin
2302 976 2569 1062 τρίγχος
2609 976 2801 1062 θρίγ-

551 1104 698 1165 κος,
740 1075 954 1162 τάφος
998 1074 1253 1159 θάπος,
1308 1074 1638 1164 βάτραχος
1680 1074 2055 1164 βάθρωιος,
2110 1090 2173 1146 et
2214 1084 2545 1162 praefixum
2590 1086 2668 1146 sit
2707 1101 2802 1158 sa,

554 1192 619 1249 ut
663 1174 923 1267 άγαθος
966 1206 1077 1267 pro
1120 1188 1473 1266 sa-yha-ta,
1514 1176 1746 1264 χάσιος
1788 1206 1898 1265 pro
1939 1176 2199 1266 χάτ·ιος
2243 1188 2336 1248 sit.
2424 1186 2801 1265 Cogitaveris

553 1292 732 1351 etiam
781 1290 856 1351 de
900 1290 1027 1351 rad.
1069 1289 1226 1364 abac
1267 1288 1495 1368 allodes,
1550 1289 1712 1352 unde
1755 1290 1857 1351 lat.
1899 1289 2106 1368 hasta,
2164 1294 2287 1367 got.
2326 1289 2560 1368 anda,
2599 1288 2804 1350 theod.

551 1398 670 1454 vet.
712 1398 860 1467 aar!
903 1391 1078 1465 (Fick
1102 1393 1147 1468 Ι,
1181 1387 1281 1453 79.
1314 1387 1464 1465 582)
1510 1395 1579 1453 ut
1602 1380 1835 1470 χάσιος
1870 1391 1949 1453 sit
1990 1392 2237 1470 proprie
2278 1393 2333 1454 is
2376 1394 2483 1470 qui
2528 1391 2804 1470 percutit,

556 1495 773 1573 caedit,
816 1499 1065 1575 pugnat,
1108 1493 1301 1574 fortis,
1346 1499 1650 1573 strenuus,
1694 1495 1910 1573 bonus,
1952 1494 2190 1556 nobilis·

655 1655 661 1662 .
723 1591 830 1659 27.
876 1598 1155 1674 Denique
1199 1596 1456 1659 fortasse
1500 1598 1620 1659 huc
1663 1595 2018 1662 referendae
2049 1601 2191 1659 sunt
2235 1597 2561 1659 nonnullae
2603 1613 2805 1670 voces,

552 1719 806 1779 quarum
852 1699 1191 1762 terminatio
1236 1716 1380 1771 αιος
1424 1699 1528 1777 qui
1576 1703 1718 1761 nata
1747 1699 1845 1778 sit,
1888 1700 2064 1761 aliter
2094 1699 2259 1760 haud
2289 1698 2467 1760 facile
2497 1699 2803 1777 explicaro

553 1803 848 1881 potueris:
920 1791 1334 1882 κραταιός,
1409 1800 1764 1879 λεχατος,
1828 1800 2284 1881 πελαγατος.
2386 1799 2555 1876 Quae
2616 1818 2803 1878 quum

555 1904 862 1967 manifeste
906 1924 941 1966 e
982 1894 1261 1985 κράτος,
1322 1897 1543 1984 λέχος,
1596 1898 1890 1984 πέλαγος
1948 1904 2341 1982 pullularint,
2399 1902 2659 1965 fortasse
2716 1903 2805 1962 sic

469 2021 478 2028 ·
553 2011 695 2070 nata
757 2007 952 2085 dicas,
1024 2012 1092 2069 ut
1155 2008 1343 2086 plena
1405 2007 1747 2070 terminatio
1815 2022 1959 2078 αιος
2026 2006 2316 2084 adjuncta
2378 2007 2456 2068 sit
2518 2004 2805 2084 stirpibus

552 2111 879 2171 decurtatis
923 2126 1094 2190 κρατ
1142 2108 1257 2187 λεχ
1298 2107 1531 2188 πελαγ.
1622 2109 1741 2171 Sed
1800 2125 1946 2179 αιος
1998 2108 2086 2170 sic
2142 2126 2392 2186 perraro
2444 2125 2645 2186 neque
2685 2107 2803 2168 nisi

551 2212 771 2273 infimis
801 2212 1161 2275 Graecitatis
1189 2212 1558 2290 temporibus
1587 2211 1858 2273 adhiberi
1890 2211 2053 2274 infra
2089 2210 2438 2272 videbimus.
2497 2211 2687 2287 Quam
2724 2209 2801 2270 ob

556 2333 682 2377 rem
728 2314 849 2375 alia
891 2313 1211 2392 explicatio
1256 2319 1351 2375 est
1393 2314 1784 2392 invenienda,
1841 2331 1995 2392 quae
2040 2313 2283 2392 linguae
2335 2312 2571 2390 legibus
2615 2313 2805 2389 magis

553 2416 936 2496 respondeat

724 2519 924 2597 Atque
983 2507 1369 2597 κραταιός
1426 2518 1667 2597 quidem
1711 2518 1836 2597 Aly
1879 2538 1940 2597 p.
1976 2514 2052 2578 13
2097 2518 2431 2579 derivatum
2478 2512 2685 2580 censet
2727 2516 2803 2578 ab

555 2623 841 2684 adverbio
886 2610 1099 2701 κάρτα
1144 2609 1386 2702 (κάρτα
1429 2640 1466 2682 a
1508 2610 1762 2701 κρατύς
1805 2625 1872 2682 ut
1905 2609 2095 2700 τάχα,
2142 2616 2315 2700 λίγα,
2358 2599 2504 2680 ὦκα
2534 2640 2572 2683 a
2601 2608 2805 2698 ταχύς

555 2730 668 2787 cet„
698 2725 970 2803 Kissling
1011 2724 1118 2785 KZ
1148 2725 1339 2805 XVII,
1368 2719 1537 2798 200).
1625 2723 1804 2800 Quod
1845 2742 1968 2785 non
2010 2723 2408 2802 improbabile
2454 2728 2562 2801 est,
2606 2740 2806 2799 neque

555 2827 706 2888 illud
753 2827 950 2904 magui
994 2824 1225 2904 faciam,
1278 2826 1439 2904 quod
1482 2814 1805 2906 κραταιός
1840 2826 1967 2905 jam
2012 2826 2087 2886 ab
2133 2826 2396 2887 Homero
2438 2824 2580 2886 inde
2625 2825 2805 2885 usita-

554 2935 683 2990 tum
715 2932 822 3008 est,
852 2917 1066 3009 κάρτα
1096 2928 1256 3005 apud
1289 2928 1631 2988 Alcmanem
1662 2929 1916 3006 primum
1947 2928 2185 3005 legitur.
2249 2930 2330 2989 At
2358 2946 2701 3005 quanquam
2731 2925 2806 2986 de

552 3020 870 3111 κραταιός
901 3030 1190 3092 eiusmodi
1220 3031 1391 3108 origo
1423 3031 1769 3109 praedicari
1799 3034 2025 3109 potest,
2056 3050 2175 3092 uon
2207 3033 2406 3108 potest
2435 3030 2512 3090 de
2545 3028 2807 3107 λεχαῑος

558 3139 619 3196 et
661 3130 1038 3213 πελαγατος.
1126 3134 1186 3195 Si
1231 3135 1404 3195 velim
1453 3134 1835 3212 conjecturas
1878 3133 2102 3195 addere
2149 3124 2539 3212 conjecturis,
2581 3133 2804 3211 possim

556 3236 876 3316 affirmare,
921 3236 1073 3298 haec
1118 3237 1413 3298 vocabula
1455 3238 1744 3315 originem
1791 3236 2014 3296 ducere
2057 3254 2094 3295 a
2138 3235 2426 3314 stirpibus
2455 3236 2517 3295 in
2549 3252 2591 3293 α
2621 3234 2718 3294 vel
2761 3250 2804 3313 η

556 3339 989 3417 desinentibus,
1032 3357 1188 3416 quae
1238 3338 1540 3416 quondam
1588 3338 1703 3400 illis
1746 3353 1983 3417 κρατες
2025 3336 2309 3416 πελαγες
2340 3335 2524 3415 λεχες
2553 3355 2591 3397 a
2618 3336 2806 3398 latere

557 3441 797 3519 fuerint,
845 3457 1029 3517 quum
1076 3440 1137 3499 id
1185 3441 1674 3517 metaplastorum
1706 3457 1900 3518 genus
1932 3438 2179 3501 Graecis
2209 3456 2406 3518 neque
2435 3438 2802 3517 incognitum

557 3542 742 3603 fuerit
784 3559 982 3618 neque
1029 3542 1395 3617 inusitatum,
1441 3546 1508 3601 ut
1537 3542 1639 3618 qui
1674 3527 1891 3613 ἄνθος
1923 3542 2184 3602 dixerint
2214 3547 2275 3604 et
2311 3528 2510 3621 ἄνθη,
2555 3530 2806 3615 βλάβος

557 3648 616 3705 et
660 3632 870 3723 βλάβη
917 3646 978 3704 et
1021 3642 1138 3705 alia
1181 3643 1241 3703 id
1285 3661 1496 3724 genus,
1538 3645 1614 3705 de
1644 3644 1865 3721 quibus
1895 3662 1952 3704 ν.
1982 3644 2383 3723 G.Meyerum
2426 3643 2595 3707 Stud.
2613 3646 2684 3723 V,
2705 3639 2807 3722 67,

561 3747 916 3808 Ksshnerum
965 3746 1065 3808 Gr.
1094 3746 1143 3824 1,
1183 3742 1307 3804 385
1339 3764 1487 3824 sqq„
1534 3751 1596 3807 et
1640 3764 1823 3823 supra
1866 3747 1995 3825 ipse
2040 3746 2165 3807 dixi
2209 3764 2267 3825 p.
2299 3742 2398 3807 31.
2484 3746 2603 3808 Sed
2634 3746 2807 3806 nimis

559 3849 698 3909 mihi
758 3848 1112 3909 temerarius
1171 3848 1436 3927 viderer,
1494 3850 1543 3909 si
1588 3850 1884 3910 vocabula
1937 3849 2232 3927 quaedam
2287 3838 2501 3929 κράτη
2543 3837 2805 3928 πελάγη

554 3945 710 4031 λέχη
757 3949 1058 4027 quondam
1103 3950 1290 4012 fuisse
1334 3951 1728 4030 affirmarem,
1785 3952 1899 4012 nisi
1959 3952 2296 4030 probabilia
2354 3952 2482 4013 sive
2542 3970 2617 4012 ex
2672 3950 2807 4028 ipsa

557 4054 761 4130 lingua
805 4052 1037 4114 Graeca
1081 4054 1208 4114 sive
1254 4072 1328 4113 ex
1374 4054 1644 4132 cognatis
1690 4054 1909 4132 linguis
1964 4055 2183 4115 afferre
2234 4072 2468 4132 possem
2511 4044 2817 4132 exempl&

556 4158 774 4235 quibus
818 4156 951 4217 illas
994 4155 1217 4219 formas
1281 4175 1494 4218 revera
1546 4156 1848 4218 exstitisse
1891 4157 2213 4219 verisimile
2256 4156 2452 4235 fieret,
2510 4161 2579 4217 ut
2621 4174 2809 4235 supra

554 4279 611 4336 p.
643 4257 752 4339 31,
811 4263 880 4320 ut
937 4260 1297 4320 vocabulum
1355 4245 1604 4339 ἠθατος
1662 4261 1740 4321 ab
1795 4246 1935 4340 ἤθη
1993 4260 2251 4338 quadam
2308 4260 2503 4321 forma
2556 4259 2805 4321 ductum
