3166 4871
613 230 735 292 238
1643 222 1897 279 Zacher

611 392 965 476 κάκεῖθεν,
1013 399 1236 481 ζητῶν
1279 394 1405 482 τὴν
1451 396 1630 462 ἴασιν
1673 398 1799 461 τοῦ
1843 391 2063 477 φόνου
2109 382 2191 459 οὗ
2237 392 2552 479 ἔπραξεν,
2598 392 2727 472 ἕως
2770 417 2855 459 ου

614 500 748 587 ἔζη.
817 508 1012 582 Quum
1046 505 1461 567 interfectores
1486 505 1728 567 exilium
1754 508 1961 584 petere
1986 508 2294 583 oporteret
2313 536 2397 545 -
2420 505 2580 581 quod
2606 504 2859 565 vetustis

612 610 977 688 temporibus
1022 627 1312 687 persaepe
1371 608 1663 669 accidisse
1717 611 2185 668 consentaneum
2231 612 2325 668 est
2364 637 2452 648 --
2494 611 2555 668 et
2597 606 2858 668 fortasse

614 713 868 773 maxima
914 730 1057 791 pars
1112 713 1350 772 exulum
1408 730 1535 771 eam
1598 711 1673 771 ob
1719 730 1843 771 rem
1888 712 2144 788 patriam
2189 710 2559 789 reliquisset,
2617 709 2856 770 exulum

614 816 851 876 nomine
909 815 1148 877 omnino
1203 815 1541 893 piaculares
1579 814 1888 891 ,appellati
1945 818 2102 874 sunt.
2187 815 2350 890 Ergo
2408 796 2721 892 ἀλάστωρ
2780 813 2858 872 ab

614 903 1051 998 ἀλάομαι,’)
1111 917 1349 977 mediali
1409 917 1871 994 significatione,
1932 920 1997 977 ut
2056 901 2365 994 ἀφίκτωρ
2410 940 2493 963 =
2536 899 2863 991 ἀφικνού-

611 1038 839 1099 μενος,
896 1009 1198 1098 μιάστωρ
1259 1040 1378 1081 non
1436 1020 1612 1080 modo
1669 1018 1771 1096 qui
1826 1018 1978 1080 alios
2032 1018 2140 1079 sed
2186 1019 2361 1078 etiam
2407 1018 2510 1096 qui
2557 1036 2622 1078 se
2664 1019 2861 1095 ipsum
2902 1016 2917 1023 '

614 1125 839 1202 polluit,
886 1112 1270 1204 ληιβότειρα
1314 1143 1350 1181 ει
1394 1112 1747 1199 βόσκομαι,
1790 1110 2089 1201 μνηστήρ
2138 1140 2175 1181 a
2215 1138 2305 1198 μν
2308 1110 2539 1199 άομαι,
2582 1105 2862 1199 ἀρητήρ,

615 1216 898 1307 θηητήρ,
944 1216 1157 1307 ἰητήρ,
1204 1210 1533 1326 όρχηστήρ
1565 1227 1640 1285 al.
1730 1225 1962 1285 Deinde
2007 1224 2123 1285 hoc
2167 1224 2405 1285 nomine
2450 1222 2626 1284 ctiam
2666 1223 2864 1283 omnis

615 1331 970 1406 sceleratus,
1048 1330 1301 1407 invisus,
1376 1330 1647 1391 inimicus
1716 1328 2065 1403 notabatur,
2137 1326 2246 1388 sed
2307 1327 2484 1388 etiam
2548 1325 2700 1386 deus
2761 1325 2864 1384 vel

615 1432 824 1492 daemo
870 1432 930 1493 in
977 1434 1147 1492 cuius
1191 1431 1290 1491 ille
1337 1436 1494 1491 esset
1539 1430 1714 1507 quasi
1759 1430 1946 1490 tutela
1989 1417 2052 1503 (ὃ
2098 1418 2184 1488 τὰ
2229 1415 2502 1501 ἄλαστα,
2546 1421 2863 1486 τουτέστι

614 1525 698 1593 τὰ
737 1525 1018 1612 χαλεπά,
1064 1531 1291 1614 τηρῶν
1324 1535 1468 1593 ΕΜ.
1502 1530 1601 1610 57,
1648 1530 1746 1610 35,
1786 1520 1824 1593 ὁ
1870 1526 2140 1610 ἐφορῶν
2186 1522 2346 1602 τούς
2389 1520 2646 1607 φόνους·
2690 1518 2861 1599 Ζεύς

612 1636 687 1697 ib.
734 1634 870 1713 25),
933 1638 1035 1714 qui
1095 1656 1227 1696 eum
1288 1642 1587 1696 errantem
1648 1637 2073 1713 comitabatur,
2140 1636 2342 1712 itaque
2410 1634 2540 1712 ipse
2602 1632 2864 1693 errabat.

614 1741 710 1801 Sic
743 1740 916 1800 deum
950 1733 1699 1825 xpogtponalmvipsnm
1732 1728 2236 1817 προςτρόπαιον
2283 1737 2571 1814 appellari
2601 1734 2866 1796 vidimus

613 1861 798 1920 supra
843 1862 900 1920 p.
932 1839 1080 1919 2283
1145 1844 1248 1902 sic·
1282 1831 1586 1920 μιάστωρ
1634 1861 1751 1901 non
1800 1841 2340 1919 modo'piacularis
2381 1838 2488 1901 sed
2532 1838 2709 1900 etiam
2757 1838 2864 1914 qui

615 1945 914 2023 piaculum
981 1945 1311 2006 ulciscitur:
1374 1945 1554 2023 Soph.
1601 1945 1692 2004 El.
1737 1941 1866 2002 603
1940 1928 2021 2003 ὃν
2082 1928 2433 2021 (Ὀρέστην)
2490 1929 2719 2000 πολλὰ
2777 1929 2861 2016 δὴ

612 2042 695 2125 με’
738 2059 845 2107 σοι
910 2042 1181 2126 τρέφειν
1243 2036 1570 2125 μιάστορα
1622 2036 1982 2126 ἐπῃτιάσω.
2076 2047 2216 2105 Eur.
2278 2044 2434 2105 Med.
2502 2040 2655 2101 1371
2731 2026 2865 2101 οἵδ’

616 2151 807 2223 (liberi
880 2150 1087 2225 occisi)
1165 2144 1331 2210 εἰσιν
1409 2135 1583 2229 ὠμοὶ
1654 2147 1753 2228 σῷ
1822 2139 1994 2232 κάρᾳ
2063 2138 2446 2227 μιάστορεςς
2527 2146 2865 2223 eademque

616 2254 1065 2330 significationis
1122 2254 1442 2314 diversitas
1499 2258 1591 2313 est
1644 2253 1919 2329 vocabuli
1974 2236 2340 2330 ἅλιτήριοςς
2407 2250 2678 2328 Iuppiter
2721 2266 2861 2325 sup·

617 2358 837 2433 plicum
885 2362 1046 2417 tutor
1089 2358 1214 2433 ipse
1259 2362 1510 2416 vocatur
1557 2342 1864 2432 ἀφίκτωρ
1896 2355 2104 2433 Suppl.
2142 2352 2194 2432 1,
2239 2342 2431 2432 ἱκτήρ
2476 2350 2686 2429 Suppl.
2720 2348 2863 2409 479.

618 2452 876 2520 Omnino
911 2459 993 2519 dii
1024 2459 1227 2520 eadem
1261 2478 1442 2534 agere
1474 2459 1842 2537 putabantur
1866 2477 2021 2536 quae
2052 2458 2318 2517 homines
2350 2474 2502 2534 quos
2532 2460 2866 2526 tuerentur,

617 2562 691 2621 cf.
737 2551 901 2631 Ζεὺς
944 2551 1254 2640 γεωργός,
1297 2554 1585 2639 Ὶἐργαῑος,
1634 2550 2021 2639 στρατηγός,
2061 2549 2357 2640 χάρμων,
2399 2547 2665 2637 μυλεύς,
2708 2546 2864 2632 ξύν-

983 2732 1022 2739 ..-

788 2850 842 2915 *)
877 2844 1130 2902 Indidem
1169 2839 1505 2908 ἄλαστος,
1544 2845 1697 2913 quod
1733 2844 1875 2900 falso
1897 2844 2354 2912 interpretantur,
2393 2846 2609 2911 „mente
2640 2844 2865 2909 captus,

619 2931 828 2986 delirus
848 2935 897 2994 “,
948 2933 1076 3000 sed,
1126 2939 1188 2986 ut
1224 2939 1371 2986 recte
1421 2930 1566 2984 vidit
1601 2932 1955 2986 Duentzerus
1994 2930 2089 2983 KZ
2135 2931 2308 2996 12,12,
2355 2926 2503 2980 idem
2552 2931 2641 2980 est
2691 2931 2866 2995 atque

618 3014 876 3086 στυγνός,
914 3013 1201 3086 δύστηνος,
1240 3013 1439 3081 δεινός.
1513 3017 1597 3071 ct.
1623 3017 1686 3070 11.
1712 3017 1781 3086 Χ,
1810 3021 1901 3072 261
1939 3008 2180 3084 Ἕκτορ,
2226 3009 2303 3082 μή
2341 3032 2439 3080 μοι
2479 3006 2693 3066 ἄλαστε
2733 3031 2865 3067 σνν-
2906 3013 2911 3018 ’

617 3099 910 3172 ημοσῦνας
966 3097 1243 3174 &ydem-e,
1302 3099 1523 3167 πένθος
1571 3096 1826 3158 ἄλαστον
1874 3104 1931 3156 Ω
1974 3107 2095 3169 105,
2143 3119 2179 3155 α
2216 3103 2332 3164 342,
2382 3094 2518 3169 ἄχος
2553 3091 2641 3152 ἄλ.
2678 3099 2712 3151 ὁ
2752 3101 2866 3164 1θ8,

618 3183 873 3244 ἄλαστον
910 3183 1225 3259 ὀδύρεσθαι
1267 3192 1299 3253 ξ
1343 3195 1459 3254 174,
1500 3185 1708 3243 Aeseh.
1747 3189 1899 3243 Pers.
1937 3193 2036 3242 990
2075 3180 2298 3242 ἄλαστα
2334 3179 2551 3254 στυγνὰ
2587 3177 2865 3253 πρόκακα

617 3269 823 3343 λέγων,
861 3275 956 3329 ubi
992 3291 1106 3329 non
1145 3281 1334 3343 potest
1369 3275 1439 3329 de
1476 3273 1696 3328 insania
1732 3273 1939 3328 dictum
1976 3288 2120 3340 esse,
2157 3270 2327 3340 Soph.
2364 3271 2457 3325 OC
2496 3273 2590 3324 537
2631 3262 2867 3326 ἔπαθον

618 3353 819 3414 ἄλαστ’
856 3353 1025 3429 ἔχειν,
1106 3364 1228 3412 1672
1267 3355 1486 3430 πατρὸς
1522 3353 1781 3428 ἔμφυτον
1818 3351 2072 3413 ἄλαστον
2109 3347 2251 3426 αἷμα
2288 3356 2463 3425 (quod
2512 3371 2623 3409 non
2674 3358 2869 3423 potest

618 3444 935 3512 significare
973 3445 1105 3506 „das
1140 3445 1200 3498 in
1237 3444 1485 3513 Oedipus
1511 3444 1804 3499 wahnwitz
1827 3451 2099 3513 gezeugte
2126 3443 2280 3496 blut⁶⁴
2320 3447 2382 3495 ut
2416 3439 2665 3509 explicat
2700 3438 2867 3493 Keck

619 3530 652 3584 l.
677 3529 729 3593 l.‚
768 3530 866 3583 sed
905 3546 1013 3584 non
1049 3529 1154 3583 nisi
1191 3530 1291 3583 das
1330 3528 1719 3598 walmwitzige
1758 3529 1896 3596 blut,
1934 3527 2086 3598 quod
2122 3527 2373 3596 ineptum
2411 3532 2512 3582 est.
2566 3525 2738 3579 Immo
2774 3529 2870 3579 est

619 3614 980 3682 miserabilis,
1029 3615 1308 3683 perditus,
1361 3621 1423 3670 ut
1457 3631 1510 3668 v.
1554 3619 1681 3669 1483
1721 3607 1974 3669 ἄλαστον
2011 3607 2189 3684 ἄνδρα
2238 3612 2307 3667 de
2343 3611 2583 3681 Oedip0,
2630 3614 2689 3664 et
2735 3608 2867 3663 adv.

620 3692 841 3756 ἄλαστα
891 3701 1020 3755 Eur.
1071 3699 1280 3755 Phoen.
1329 3705 1490 3768 341)ae
1539 3701 1669 3755 Eur.
1720 3700 1886 3769 Hipp.
1935 3705 2049 3753 877.
2098 3700 2231 3753 Tro.
2276 3702 2418 3752 1230.
2470 3697 2631 3751 Herc.
2668 3694 2709 3749 f.
2745 3697 2866 3748 911.

619 3787 703 3841 El.
749 3790 891 3840 1185.
963 3786 1114 3842 Haec
1151 3785 1491 3855 significatio
1527 3786 1689 3850 facile
1722 3786 1855 3841 oriri
1882 3791 2105 3855 poterat
2138 3800 2205 3840 ex
2244 3782 2647 3853 significatione
2682 3779 2869 3836 exulis

619 3871 931 3941 piacularis.
997 3872 1172 3926 Etiam
1214 3864 1552 3926 ἅλαστεῖν
1589 3878 1647 3927 et
1684 3867 2123 3928 ἐπαλαστεῖν
2160 3869 2456 3934 turbatum,
2490 3868 2693 3921 iratum
2718 3881 2867 3932 esse,

617 3958 922 4027 indignari,
977 3958 1170 4012 eodem
1224 3959 1624 4024 revocaverim,
1686 3959 1749 4011 M
1788 3963 1877 4010 103
1929 3950 2256 4026 ἀλαστήσας
2304 3947 2444 4018 ἔπος
2488 3946 2653 4022 ηὔδα,
2708 3954 2761 4004 Α
2802 3953 2862 4004 21

619 4038 903 4114 ἠλάστεον
938 4041 997 4100 δὲ
1041 4042 1176 4098 θεοί
1207 4044 1418 4098 Iunone
1455 4061 1486 4097 a
1525 4044 1659 4098 Iove
1696 4044 1914 4112 punita,
1969 4061 2004 4097 α
2043 4044 2141 4096 ’252
2178 4036 2280 4095 τὸν
2317 4033 2366 4094 ‹5’
2405 4028 2866 4106 ἐπαλαστήσασα

618 4126 905 4202 προςηῦδα
945 4125 1174 4193 Παλλὰς
1217 4121 1432 4198 Ἀθήνη.
1506 4128 1589 4183 Cf.
1620 4128 1719 4183 ΕΜ
1757 4133 1839 4193 5Ἰ,
1879 4132 1969 4182 4-1ε
2009 4120 2258 4182 ἀλαστῶ.
2296 4122 2559 4196 σημαίνει
2597 4118 2663 4177 τὸ
2699 4125 2869 4192 χαλε-

619 4215 821 4272 παίνω.
859 4212 915 4270 οἱ
950 4210 1063 4285 γὰρ
1101 4210 1465 4282 πλανώμενοι
1501 4212 1942 4283 χαλεπαίνουσι·
1983 4204 2166 4276 οὕτως
2202 4205 2421 4282 Ὠρίων.
