3166 4871
2500 291 2616 352 151

376 477 507 519 esse
576 460 852 536 exemplo
919 464 1027 519 est.
1143 459 1260 519 Sed
1329 461 1386 519 in
1459 460 1577 520 duo
1649 461 1827 521 incidi
1895 457 2202 540 exempla,
2281 480 2436 538 quae
2505 463 2620 523 huc

374 561 627 632 cadunt,
716 580 968 638 quorum
1037 562 1292 621 alterum
1368 561 1444 622 ad
1514 568 1813 641 quartum,
1865 563 2145 640 alterum,
2223 564 2298 623 ad
2365 566 2620 642 primum

373 682 424 722 a.
472 663 609 723 Chr.
666 669 784 724 nat.
842 664 1141 724 saeculum
1202 665 1491 741 pertinet:
1569 666 1820 724 Archias
1874 653 1912 724 ὁ
1959 655 2460 746 φυγαόοθήρας,
2508 669 2620 727 De-

376 766 702 826 mosthenis
745 767 1031 844 aequalis,
1077 767 1285 826 Polum
1335 769 1685 844 Aeginetam
1735 768 2017 829 docuisse
2061 769 2245 842 (Plut.
2284 770 2449 828 Dem.
2495 768 2621 846 28),

376 869 680 929 Leonteus
723 869 984 946 Argivus
1043 868 1402 947 tragoedus,
1457 869 1651 930 Jubae
1711 871 2055 931 Maurorum
2114 872 2275 948 regis
2334 871 2621 948 aequalis,

291 1013 298 1018 -
376 971 732 1030 Athenionis
786 970 1113 1049 discipulus
1166 972 1351 1032 fuisse
1414 972 1672 1032 traditur
1717 971 2104 1045 (Amarantus
2163 965 2237 1032 ἐν
2281 979 2424 1044 τοῖς
2466 968 2617 1051 περὶ

374 1067 621 1152 σκηνῆς
674 1091 770 1151 ap.
829 1073 1044 1134 Athen.
1105 1073 1321 1148 3430).
1434 1077 1504 1135 In
1564 1075 1836 1153 collegiis
1897 1075 2265 1135 scenicorum
2325 1076 2617 1136 artificum

376 1175 674 1253 quomodo
720 1178 869 1237 haec
914 1196 1010 1236 res
1055 1195 1187 1237 sese
1237 1178 1539 1248 habuerit,
1603 1196 1802 1253 neque
1863 1197 1899 1237 a
1957 1178 2287 1238 Luedersio
2344 1197 2541 1255 neque
2583 1197 2620 1238 a

375 1279 695 1358 Foucartio
756 1278 1119 1357 expositum,
1195 1280 1307 1339 nisi
1368 1279 1530 1358 quod
1592 1280 1692 1340 ille
1752 1278 1833 1357 (p.
1885 1277 2029 1351 137)
2106 1280 2214 1340 Tei
2284 1282 2617 1341 institutum

375 1379 673 1456 quoddam
719 1380 796 1440 ad
842 1381 1114 1441 scenicos
1159 1382 1420 1443 artifices
1465 1382 1827 1442 erudiendos
1872 1382 2061 1442 fuisse
2105 1383 2478 1462 suspicatur3
2543 1402 2618 1444 ex

373 1484 879 1561 inscriptionibus,
924 1503 957 1543 e
1003 1483 1217 1561 quibus
1263 1483 1387 1544 fere
1434 1486 1576 1545 solis
1623 1484 1740 1544 duo
1786 1485 1871 1543 illi
1920 1485 2031 1545 viri
2077 1484 2236 1545 docti
2271 1469 2653 1556 hauserunt,-

375 1585 450 1645 ad
496 1585 653 1646 hanc
696 1588 1106 1663 quaestionem
1154 1586 1573 1647 illustrandam
1622 1587 1771 1646 nihil
1819 1588 1947 1647 erui
1994 1605 2169 1664 posse
2216 1587 2473 1648 videtur.
2534 1619 2618 1629 —-

545 1688 837 1765 Equidem
871 1690 985 1748 alia
1012 1708 1084 1749 ac
1115 1689 1472 1749 Leutschius
1504 1689 1866 1767 disponendi
1899 1691 2134 1750 ratione
2168 1695 2315 1749 utar.
2390 1691 2620 1751 Primos

373 1790 709 1851 fabularum
770 1797 1005 1852 actores
1080 1791 1240 1867 apud
1302 1791 1570 1853 Graecos
1632 1792 1815 1852 fuisse
1878 1797 2116 1852 constat
2174 1793 2335 1869 ipsos
2393 1792 2619 1869 primos

373 1893 812 1970 tragoediarum
860 1901 921 1953 et
964 1894 1403 1954 comoediarum
1435 1898 1668 1971 poetas,
1711 1896 1814 1970 qui
1858 1895 1915 1952 in
1947 1894 2072 1953 suis
2103 1894 2365 1970 ipsorum
2399 1892 2618 1953 fabulis

373 2006 578 2073 partes
623 2001 878 2072 egerunt
939 1996 1037 2062 (cf.
1079 1997 1231 2056 Plut.
1277 1998 1458 2058 Solon
1500 1997 1725 2055 XXIX:
1793 1981 2047 2057 Σόλων
2101 2040 2114 2053 .
2163 2041 2174 2054 .
2225 2040 2238 2053 .
2287 1984 2617 2055 ἐθεάσατο

373 2088 495 2156 τὸν
554 2093 805 2158 Θέσπιν
872 2083 1085 2158 αὐτὸν
1155 2086 1725 2177 ὑποκρινόμενον,
1799 2083 2022 2176 ὥσπερ
2099 2087 2259 2168 ἔθος
2333 2077 2416 2177 ἦν
2476 2104 2621 2168 τοῖς

372 2199 726 2273 παλαιοῖς).
845 2203 1094 2270 Poetae,
1157 2201 1257 2261 ubi
1319 2203 1430 2278 ipsi
1485 2201 1563 2261 ad
1623 2209 1811 2261 artem
1867 2200 2263 2260 exercendam
2325 2218 2442 2261 non
2489 2200 2617 2278 jam

374 2304 668 2364 suffecere
728 2310 788 2364 et
841 2304 915 2364 ab
972 2303 1190 2381 agendi
1252 2322 1500 2364 munere
1567 2323 1634 2364 se
1699 2302 2164 2381 abdicaverunt,
2240 2305 2617 2379 propriorum

376 2406 716 2467 fabularum
774 2413 1040 2468 aetorum
1104 2425 1289 2485 opera
1336 2407 1426 2467 usi
1472 2413 1645 2477 sunt,
1710 2406 1795 2467 ita
1840 2411 1905 2466 ut
1948 2423 2091 2467 suas
2139 2406 2396 2484 quisque
2442 2409 2621 2484 poeta

373 2507 607 2569 fabulas
666 2511 791 2570 suis
848 2511 1153 2571 actoribus
1214 2509 1481 2587 agendas
1539 2509 1727 2569 daret.
1816 2509 2146 2586 Plerosque
2192 2509 2347 2568 enim
2394 2527 2618 2578 eorum,

374 2613 477 2689 qni
525 2613 698 2690 primi
736 2612 952 2691 agendi
996 2618 1183 2673 artem
1215 2611 1471 2690 professi
1505 2630 1637 2672 esse
1670 2611 2008 2682 traduntur,
2053 2610 2137 2670 ita
2169 2613 2618 2672 commemorari

373 2715 730 2793 videbimus,
791 2721 857 2776 ut
917 2718 1092 2776 unius
1159 2722 1373 2793 poetae
1418 2715 1791 2792 potissimum
1838 2714 2074 2774 fabulas
2119 2714 2376 2791 quisque
2422 2715 2617 2791 egisse

373 2818 666 2878 videatur.
755 2819 1090 2878 Histriones
1135 2825 1329 2878 aetate
1377 2819 1746 2894 posteriores
1791 2835 1925 2877 cum
1971 2817 2117 2894 ipsis
2160 2817 2356 2892 poetis
2395 2816 2617 2876 artiore

375 2920 818 2980 necessitudine
873 2939 994 2979 non
1045 2921 1169 2997 jam
1224 2921 1472 2996 Junctos
1531 2918 1865 2979 videbimus
1921 2918 1996 2978 ad
2041 2923 2228 2978 artem
2273 2922 2474 3007 autem
2520 2936 2619 2976 ex-

284 3055 290 3061 ·
375 3020 694 3081 ercendam
756 3023 940 3097 magis
1000 3021 1309 3098 magisque
1369 3023 1523 3080 inter
1578 3039 1643 3080 se
1718 3021 2095 3081 consociasse
2172 3024 2232 3080 ct
2300 3018 2619 3080 histriones

377 3124 602 3183 minore
663 3124 903 3199 ingenio
964 3124 1267 3201 praeditos
1343 3123 1417 3182 ad
1480 3124 1802 3183 nobiliores
1860 3123 2034 3200 quasi
2094 3122 2277 3182 duces
2332 3139 2463 3182 sese
2517 3139 2618 3198 ap·

373 3224 648 3303 plicasse.
750 3225 898 3285 Inde
942 3246 978 3284 a
1023 3225 1218 3303 quarti
1266 3224 1525 3302 denique
1570 3226 1796 3285 saeculi
1844 3224 1965 3283 fine
2011 3231 2249 3284 actores
2296 3223 2512 3284 Graeci
2557 3223 2616 3283 in

374 3327 638 3403 collegiis
682 3328 801 3387 illis
846 3329 1154 3406 perpetuis
1196 3329 1311 3387 arti
1358 3347 1501 3388 snae
1547 3327 1945 3387 indulserunt.

547 3432 755 3491 Priore
785 3432 966 3508 igitur
998 3431 1509 3491 commentationis
1539 3434 1713 3507 parte
1745 3430 1818 3490 de
1849 3430 1921 3489 iis
1952 3429 2291 3489 fabularum
2314 3428 2619 3488 actoribus

375 3531 800 3610 disputandum
862 3532 1001 3592 mihi
1062 3533 1323 3604 videtur,
1395 3551 1653 3608 quorum
1726 3550 2026 3610 quemque
2091 3531 2189 3590 uni
2248 3530 2617 3608 potissimum

372 3638 589 3713 poetae
629 3653 869 3712 operam
919 3636 1233 3695 navavisse
1279 3640 1384 3696 aut
1427 3635 1710 3699 traditum
1755 3640 1861 3694 aut
1909 3633 2230 3694 verisimile
2275 3637 2383 3704 est,
2428 3634 2620 3693 altera

374 3744 546 3816 parte
575 3756 649 3798 ea
677 3739 971 3816 tractabo,
1014 3756 1170 3816 quae
1200 3737 1276 3797 ad
1311 3738 1657 3814 posterioris
1687 3738 1899 3796 aetatis
1932 3737 2251 3796 histriones
2287 3737 2618 3813 pertinent3

373 3859 682 3918 quumque
727 3840 1046 3918 diligenter
1092 3839 1501 3918 distinguendi
1548 3841 1670 3899 sint
1713 3839 1925 3917 tragiei
1972 3838 2338 3899 Graecorum
2384 3843 2620 3897 actores

371 3961 407 4002 a
438 3943 873 4003 comoediarum
907 3943 1204 4003 actoribus
1235 3943 1411 4016 (Plat.
1443 3960 1567 4018 rep.
1599 3944 1805 4003 3952:
1846 3972 1929 3980 —-
1959 3925 2115 3999 οὐδὲ
2143 3930 2279 4019 μὴν
2310 3930 2620 4018 ῥαψῳδοί

372 4062 440 4123 γε
487 4038 600 4103 καὶ
631 4038 991 4122 υποκριταὶ
1024 4030 1155 4123 ἅμα
1183 4058 1196 4072 ·
1230 4028 1391 4102 οὗὸέ
1433 4061 1540 4102 τοι
1585 4031 1947 4122 ὑποκριταὶ
1993 4036 2345 4122 κωμῳδοῖς
2390 4057 2462 4099 τε
2507 4034 2619 4098 καὶ

373 4140 749 4226 τραγῳδοῖς
794 4139 858 4205 οἱ
903 4133 1161 4224 αὐτοὶ),
1223 4148 1476 4223 primuni
1542 4146 1617 4204 de
1663 4147 1910 4223 tragicis
1956 4151 2077 4204 tum
2127 4146 2200 4204 de
2248 4143 2487 4203 comicis
2533 4141 2618 4201 di-

375 4250 629 4326 sputabo
676 4250 1081 4310 histrionibus.

2116 4359 2213 4410 io*
