3166 4871
2469 288 2593 351 399

348 459 417 520 L.
470 460 649 521 Vario
699 461 897 520 Firmo
928 460 1047 521 1111
1080 460 1207 520 viro
1253 504 1311 519 ..
1357 465 1642 521 censente
1689 461 1752 521 C.
1797 460 2006 523 Cluvio
2038 462 2257 523 Sabino
2292 507 2305 520 .
2338 464 2420 522 ita
2464 482 2596 523 cen-

347 560 680 636 s(uerunt).
769 561 1001 635 (tabula
1046 580 1375 622 marmorea
1420 562 1615 622 Tufici
1661 580 1785 640 rep.
1826 593 1914 604 -—
1959 564 2149 624 wilm.
2197 568 2318 626 692
2351 562 2428 638 a.)

527 661 628 737 11)
677 665 767 724 Ex
827 665 1181 725 auctoritate
1247 665 1393 742 Imp.
1451 664 1519 724 Τ.
1568 665 1722 723 Aelii
1780 664 2068 725 Hadriani
2112 666 2396 726 Antonini
2444 667 2597 743 Aug.

349 767 454 827 Pii.
498 768 561 826 P.
594 768 660 826 P.
705 768 1008 827 sententia
1052 766 1212 827 dicta
1257 786 1367 844 per
1412 768 1818 827 Tuscennium
1867 788 1924 846 p.
1956 787 2012 846 p.
2058 769 2116 828 11
2162 768 2597 829 determinante

347 868 595 929 Blaesio
626 869 892 929 Taurino
924 870 1044 929 mil.
1089 912 1104 928 .
1136 913 1147 927 .
1197 886 1428 930 mesore
1477 868 1734 946 agrario.
1792 869 2001 938 (Orelli
2034 873 2218 932 3225.
2249 889 2324 930 ex
2356 872 2598 932 membr.

276 1027 281 1034 ,
348 975 466 1032 vet.
509 990 698 1048 grom.
747 972 951 1043 Balbi3
997 991 1053 1033 V.
1098 971 1190 1032 ed.
1240 972 1612 1031 Lachmanni
1659 991 1714 1049 p.
1759 970 1926 1045 251.)

519 1209 912 1270 Centuriones
938 1209 1218 1269 emeritos
1238 1209 1295 1268 in
1327 1210 1678 1287 municipiis,
1702 1211 1799 1269 ubi
1828 1210 2228 1270 consederant
2249 1211 2598 1271 condicione

347 1310 519 1371 valde
568 1312 817 1371 honesta
852 1330 1018 1388 usos,
1064 1313 1210 1388 quin
1246 1313 1420 1372 etiam
1451 1314 1508 1372 in
1546 1314 1847 1373 nobilitate
1880 1313 2221 1391 municipali
2255 1318 2596 1374 numeratos

347 1432 478 1474 esse
528 1414 895 1473 notissimum
945 1410 1167 1490 est²¹);
1232 1415 1637 1492 primipilares
1681 1420 1910 1494 autem,
1969 1415 2069 1492 qui
2116 1435 2187 1474 ex
2234 1416 2593 1493 primipilatu

347 1517 597 1576 honesta
643 1516 927 1576 missione
971 1516 1127 1576 missi
1162 1521 1351 1594 crant,
1400 1518 1784 1577 centuriones
1816 1518 2255 1596 municipalium
2289 1518 2591 1579 hominum

347 1619 784 1678 existimatione
828 1623 997 1677 tanta
1029 1636 1353 1695 superasse
1385 1618 1699 1697 probabile
1730 1624 1837 1696 est,
1882 1626 2108 1696 quanto
2138 1619 2591 1697 primipilarium

347 1720 493 1781 ordo
559 1720 804 1798 reliquis
873 1720 1319 1780 centurionibus
1381 1721 1776 1799 amplitudine
1836 1722 2130 1792 anteibat3
2205 1726 2265 1780 et
2326 1739 2389 1781 re
2449 1740 2594 1782 vera

346 1824 501 1883 tituli
549 1823 623 1883 de
670 1823 1126 1900 primipilarium
1175 1825 1232 1883 in
1281 1843 1345 1883 re
1390 1824 1729 1900 municipali
1779 1825 2168 1900 occupatione
2201 1824 2384 1884 multo
2416 1825 2595 1901 plura

345 1926 636 1996 afferunt,
698 1943 874 2001 quam
939 1924 1012 1983 de
1073 1926 1532 1997 centurionum,
1595 1945 1952 2003 quamquam
2010 1945 2317 1986 numerum
2362 1927 2592 1987 illorum

348 2027 533 2086 multo
581 2028 869 2086 minorem
917 2025 1097 2086 fuisse
1144 2031 1395 2087 constat.

515 2130 815 2190 Summum
878 2130 935 2188 in
1000 2130 1324 2205 municipio
1380 2148 1597 2189 munus
1658 2134 1789 2189 erat
1832 2131 1888 2190 11
1934 2128 2064 2203 (IV)
2110 2131 2373 2191 virorum
2422 2131 2592 2208 quin·

346 2231 760 2308 quennalium,
812 2232 911 2306 qni
962 2250 1213 2290 munere
1260 2234 1534 2292 censorio
1582 2233 2016 2308 fungebantur3
2062 2252 2183 2309 qno
2229 2233 2456 2293 honore
2503 2253 2594 2293 or·

349 2338 550 2392 natum
600 2331 871 2392 videmus
919 2333 982 2393 C.
1031 2334 1272 2393 Arrium
1320 2333 1684 2394 Clementem
1732 2333 1838 2405 (1).

518 2437 830 2496 Proximus
891 2437 1083 2498 bonor
1146 2442 1276 2497 erat
1341 2438 1395 2496 11
1450 2433 1582 2509 (lV)
1649 2438 1910 2497 virorum
1963 2439 2090 2514 juri
2148 2438 2441 2507 dicundo;
2517 2438 2591 2498 ad

347 2539 504 2598 hunc
549 2540 642 2599 vel
687 2557 891 2599 omnes
940 2539 1376 2617 primipilares,
1437 2541 1538 2616 qui
1604 2540 1844 2619 quidem
1895 2541 1953 2598 in
2002 2559 2065 2600 re
2112 2542 2448 2618 municipali
2493 2540 2592 2600 ad-

346 2640 735 2700 ministranda
782 2642 963 2717 paulo
1010 2642 1234 2700 diutius
1283 2648 1676 2702 versarentur
1721 2661 1917 2718 neque
1959 2644 2157 2702 statim
2198 2642 2272 2701 ad
2307 2661 2595 2702 summum

345 2743 927 2820 quinquennalitatis
974 2743 1257 2804 honorem
1306 2745 1560 2820 promoti
1610 2747 1839 2814 essent,
1885 2745 2231 2820 pervenisse
2276 2744 2596 2804 verisimile

345 2848 452 2904 est.
474 2840 552 2915 22)
635 2844 716 2913 (3.
763 2849 824 2905 4.
870 2849 926 2905 5.
974 2846 1158 2904 multa
1203 2846 1317 2904 alia
1362 2846 1635 2922 exempla
1680 2842 1928 2917 extant).

516 2946 883 3022 Plerumque
946 2954 1139 3006 autern
1208 2947 1614 3024 primipilares
1671 2948 1865 3005 statim
1916 2945 1991 3004 ad
2038 2964 2297 3006 summos
2342 2948 2427 3006 rei
2473 2965 2593 3005 mu·

346 3047 613 3124 uieipalis
647 3048 908 3107 bonores
953 3049 1387 3124 perveniebant
1434 3047 1518 3122 (1.
1566 3052 1622 3108 2.
1668 3051 1746 3117 3),
1793 3066 1923 3106 cum
1972 3066 2110 3106 raro
2155 3054 2331 3107 antea
2370 3049 2597 3108 minora

345 3168 596 3210 munera
641 3149 1142 3210 administrarent.
1241 3149 1323 3224 (4.
1373 3150 1758 3221 aedilitatem,
1804 3155 1860 3211 5.
1906 3146 2330 3227 quaesturam.)

517 3253 949 3329 Imperatores,
1013 3271 1133 3329 qua
1178 3260 1351 3312 erant
1397 3253 1819 3312 benevolentia
1865 3271 2013 3329 erga
2058 3251 2475 3329 primipilares,
2535 3253 2592 3312 iu

347 3372 411 3413 re
446 3355 786 3431 municipali
826 3373 1095 3432 quoqne,
1138 3361 1422 3432 quantum
1471 3359 1733 3433 possent,
1777 3356 1849 3413 iis
1894 3355 2261 3430 praestitisse
2306 3373 2381 3414 ex
2411 3356 2597 3415 titulis

350 3462 402 3516 1.
450 3461 507 3517 3.
555 3460 608 3517 8.
664 3458 1063 3532 cognoscitur.
1157 3458 1477 3519 Curatores
1522 3459 1676 3517 enim
1724 3456 1945 3517 fiebant
1990 3455 2441 3532 municipiorum
2489 3456 2599 3533 (1),

346 3560 444 3635 qui
507 3561 891 3636 magistratus
954 3560 1233 3619 omnibus
1309 3560 1554 3637 reliquis
1619 3559 1973 3619 auctoritate
2034 3559 2473 3619 antecellebant
2535 3564 2595 3620 et

344 3661 419 3720 ab
492 3660 853 3738 imperatore
929 3662 1293 3721 creabantur
1316 3659 1425 3734 23);
1501 3666 1817 3738 prae-terea
1895 3659 2182 3721 habemus
2256 3661 2594 3740 exemplum

349 3761 671 3838 „praefecti
749 3762 1088 3823 Germanici
1164 3764 1434 3824 Caesaris
1517 3763 2011 3840 quinquennalici
2083 3762 2275 3840 juris“
2371 3762 2458 3834 (3)
2529 3762 2591 3823 id

512 3996 583 4062 ²¹)
619 3993 800 4048 Madv.
836 3994 871 4046 l.
908 4010 955 4048 c.
993 4010 1045 4062 p.
1084 3998 1201 4048 523.

513 4082 582 4145 ὓ)
616 4080 709 4147 ,,Ρ.
748 4078 952 4133 Minnio
987 4078 1174 4133 Salvio
1197 4082 1279 4147 (6)
1303 4084 1628 4132 ornamenta
1653 4078 1707 4132 11
1744 4079 1939 4133 vitalia
1975 4085 2103 4149 post
2142 4084 2369 4133 mortem
2408 4081 2596 4150 sepul-

344 4168 502 4218 turae
538 4179 707 4218 causa
743 4164 967 4219 decreta
1001 4179 1127 4218 esse
1166 4164 1478 4229 videntur&
1513 4194 1579 4204 —
1619 4164 1920 4219 Mommsen
1957 4165 2028 4218 ad
2065 4180 2112 4219 e.
2151 4167 2231 4219 ut.

517 4250 585 4318 ²³)
624 4250 789 4318 Maiq.
830 4249 1019 4303 Roem.
1057 4248 1415 4305 Staatsverw.
1452 4265 1506 4318 p.
1545 4253 1641 4303 487
1682 4265 1764 4319 sq.
