3166 4871
2434 301 2553 373 291

326 494 456 536 cum
516 475 719 537 fabula
773 476 922 537 nihil
966 482 1058 538 est
1101 494 1429 538 commune.
1517 477 1630 536 1112
1672 474 1914 552 quidem
1959 473 2136 535 etiam
2197 478 2350 552 tum,
2405 491 2562 551 quae

323 577 557 655 debent,
599 577 889 657 efficiunt,
933 597 1070 639 cum
1114 578 1190 639 ab
1237 579 1776 645 histrionibusnon
1804 581 2087 655 aguntur,
2132 564 2287 654 ὄψις
2318 576 2560 637 οιιιιιίιιο

324 697 439 739 non
485 684 606 759 est,
660 681 774 741 nisi
821 682 881 742 in
926 699 1126 742 scena.
1212 682 1295 743 Ut
1338 681 1700 758 distinctius,
1753 698 1910 757 quae
1963 681 2187 758 sentio,
2240 678 2564 756 declarem,

322 783 657 860 exemplum
711 784 927 844 afferre
987 784 1181 844 liceat.
1282 782 1459 856 Quod
1517 783 1578 842 in
1624 780 1937 860 Sophoclis
1980 781 2285 859 Antigone
2339 782 2562 842 chorus

319 884 683 961 pronuntiat,
726 903 827 944 vv.
875 887 1036 945 1317
1084 903 1229 962 sqq:
2542 877 2546 880 ’

724 981 836 1045 καὶ
879 972 1011 1067 μὴν
1056 971 1158 1045 ὅδ’
1204 974 1375 1063 ἄναξ
1419 970 1621 1057 αὐτὸς
1666 974 1896 1067 ἐφήκει

719 1077 918 1169 μνῆμ’
962 1082 1291 1169 ἐπίσημον
1336 1078 1448 1149 διὰ
1486 1078 1707 1167 χειρὸς
1753 1078 1922 1167 ἔχων

319 1190 435 1251 hoc
479 1191 557 1251 ab
602 1190 929 1252 Aristotele
974 1211 1093 1254 non
1141 1178 1295 1270 ὄψις
1339 1192 1672 1270 diceretur,
1732 1210 1865 1251 nam
1909 1192 1993 1252 ita
2035 1196 2129 1253 est
2169 1193 2558 1269 compositum
2677 1252 2682 1256 .

316 1280 486 1353 ὥστε
531 1287 647 1353 καὶ
690 1280 853 1353 ἄνευ
896 1291 1021 1354 τοῦ
1064 1277 1235 1373 ὁρᾶν
1276 1279 1400 1354 τὸν
1443 1279 1791 1354 ἀκούοντα
1833 1283 1920 1353 τὰ
1959 1282 2323 1372 πράγματα
2378 1283 2559 1373 γινό-

312 1413 475 1474 μενα
534 1391 648 1454 καὶ
710 1390 1014 1474 φρίττειν
1072 1391 1185 1456 καὶ
1239 1388 1452 1457 ἐλεεῖν
1502 1389 1577 1456 ἐκ
1635 1391 1781 1456 τῶν
1837 1386 2373 1475 συμβαινόντων.
2477 1398 2561 1459 At

315 1500 359 1558 si
412 1500 660 1577 histrio,
721 1500 824 1578 qui
883 1500 1154 1562 Creontis
1209 1504 1414 1578 partes
1469 1499 1625 1579 agit,
1684 1500 1841 1561 inter
1898 1499 2354 1562 lamentationes
2405 1501 2560 1580 illas,

313 1621 465 1679 quae
523 1606 899 1681 sequuntur,
953 1603 1362 1663 acerbissimas
1419 1620 1606 1680 supra
1660 1619 1880 1680 corpus
1941 1601 2046 1663 filii
2104 1602 2438 1679 interfecti,
2494 1607 2560 1663 ut

314 1702 566 1783 fuciunt,
628 1705 1000 1784 procumbit,
1053 1706 1171 1765 iam
1233 1696 1636 1784 conspicimus
1695 1705 1817 1765 tale
1861 1704 2123 1782 aliquid,
2182 1705 2343 1783 quod
2404 1690 2558 1783 ὄψις

313 1806 544 1868 dicitur.
636 1808 894 1868 Maxime
939 1807 1055 1868 hoc
1100 1806 1341 1885 quidem
1383 1795 1901 1885 ψυχαγωγικόν,
1946 1808 2054 1868 sed
2100 1808 2405 1869 histrionis
2452 1813 2559 1885 est,

310 1927 426 1969 non
470 1914 706 1988 poetae.
796 1908 1262 1971 concedendum
1308 1928 1454 1970 vero
1510 1910 1621 1970 illa
1678 1893 1876 1989 πάθη
1935 1909 2111 1971 facile
2167 1910 2557 1972 histrionibus

310 2014 570 2088 optatam
618 2030 729 2072 sua
771 2016 902 2072 arte
947 2012 1152 2073 utendi
1196 2012 1543 2072 facultatem
1592 2012 1914 2089 praebere3
1961 2012 2316 2073 Aristoleles
2356 2017 2554 2074 autem

308 2118 374 2173 ut
411 2114 496 2174 ita
542 2115 666 2174 sint
710 2114 1040 2192 composita
1093 2114 1386 2193 postulat,
1445 2120 1511 2175 ut
1569 2114 1743 2174 etiam
1805 2117 1977 2175 extra
2031 2132 2268 2175 scenam
2324 2112 2556 2176 animos

310 2221 608 2296 moveant,
653 2217 808 2277 sicut
850 2217 1178 2295 Sophocles
1221 2216 1379 2277 fecit.

474 2338 799 2438 Dumium}
775 2355 922 2399 vero
982 2356 1058 2399 ne
1116 2337 1177 2398 id
1225 2336 1466 2415 quidem
1512 2335 1911 2398 demonstrari
1956 2339 2177 2415 poterit
2219 2338 2322 2397 ina
2363 2325 2556 2419 πάθη

310 2439 381 2500 ab
425 2440 717 2517 Euripide
763 2442 951 2502 multo
996 2441 1287 2519 ampliora
1330 2444 1624 2518 usurpata
1667 2458 1817 2518 esse,
1859 2459 2038 2517 quam
2076 2441 2151 2500 ab
2181 2442 2316 2501 aliis
2347 2443 2558 2521 poetis,

307 2560 436 2602 cum
498 2541 667 2620 apud
721 2543 1089 2620 Aeschylum
1150 2546 1211 2603 et
1263 2542 1619 2620 Sophoclem
1683 2542 1845 2603 haud
1905 2553 2097 2620 pauca
2153 2543 2557 2624 inveniantur,

309 2662 458 2722 quae
520 2663 876 2706 enumerare
947 2646 1191 2723 longum
1252 2649 1359 2706 est.
1463 2645 1797 2719 Quemnam
1871 2645 2055 2723 igitur
2128 2644 2317 2707 fuisse
2387 2646 2553 2706 illum

306 2753 661 2824 apparatum
706 2748 1006 2808 scenicum
1055 2747 1405 2808 sumamus?
1491 2748 1586 2807 De
1637 2747 1906 2825 prologis
1951 2765 2137 2825 supra
2181 2748 2402 2808 dictum
2448 2753 2556 2810 est.

305 2850 397 2909 An
443 2848 628 2910 deum
675 2867 750 2909 ex
795 2849 1117 2910 machina?
1192 2848 1366 2910 Certe
1411 2849 1509 2909 hic
1551 2849 1822 2927 inprimis
1851 2845 2160 2927 Euripidis
2205 2854 2313 2928 est,
2357 2869 2555 2928 neque

304 2952 663 3012 Aristoteles
721 2969 972 3029 prorsus
1030 2970 1163 3011 eum
1224 2952 1410 3012 reicit.
1515 2951 1610 3011 Ad
1675 2969 1776 3012 eas
1831 2957 2031 3012 autem
2089 2970 2186 3012 res
2245 2952 2555 3014 machinae

308 3072 473 3114 usum
518 3052 760 3131 redigit,
802 3072 960 3131 quae
1004 3058 1109 3114 aut
1151 3059 1290 3114 aute
1335 3058 1443 3114 aut
1484 3057 1622 3130 post
1665 3053 1930 3114 fabulam
1973 3052 2119 3114 fiant
2148 3058 2332 3132 atque
2362 3054 2553 3114 decla·

305 3157 536 3217 ratione
583 3161 821 3233 egeant.
839 3153 916 3230 ²⁰)
1004 3155 1134 3215 Hae
1179 3174 1323 3216 vero
1370 3154 1531 3215 haud
1578 3155 1663 3214 ita
1709 3173 1983 3233 magnam
2013 3155 2243 3215 animos
2272 3155 2554 3216 movendi

306 3259 419 3317 vim
466 3258 726 3335 habent3
792 3259 842 3318 si
885 3259 947 3318 in
990 3258 1244 3336 prologo
1292 3262 1546 3318 utuntur
1590 3256 1891 3334 machina,
1948 3257 2011 3318 in
2057 3257 2333 3334 eandem,
2396 3275 2555 3334 quae

306 3359 378 3420 de
419 3359 697 3438 prologis
741 3358 1013 3437 diximus,
1057 3360 1352 3420 recidunt.
1440 3358 1515 3419 cf.
1558 3378 1616 3436 p.
1663 3361 1804 3421 285.

474 3480 675 3540 Maius
738 3484 854 3556 est,
916 3477 1079 3556 quod
1135 3478 1198 3538 in
1246 3477 1430 3553 nodo,
1491 3484 1558 3538 ut
1605 3496 1735 3538 cum
1782 3478 2035 3538 Horatio
2077 3478 2319 3557 loquar,
2378 3497 2553 3556 expe-

306 3581 522 3643 diendo
586 3581 863 3642 machina
917 3580 1252 3640 adhibetur.
1340 3582 1421 3640 At
1474 3580 1588 3641 hoc
1642 3584 1703 3641 et
1744 3579 1820 3640 ab
1865 3580 2189 3641 Aristotele
2236 3582 2554 3657 reprehen-

478 3848 548 3910 ¹⁰)
588 3839 849 3915 φανερὸν
895 3835 999 3900 οὖν
1044 3836 1135 3899 ὅτι
1179 3842 1281 3900 καὶ
1328 3839 1429 3909 τὰς
1463 3839 1656 3910 λύσεις
1697 3849 1816 3899 τῶν
1857 3840 2068 3912 μύθων
2123 3839 2187 3910 ἐξ
2238 3837 2418 3901 αὐτοῦ
2453 3849 2555 3902 ’δεῖ

310 3935 411 3986 τοῦ
443 3925 645 3998 μύθου
681 3928 1033 4001 συμβαίνειν,
1069 3928 1170 3985 καὶ
1203 3925 1282 4001 μὴ
1319 3922 1522 4000 ὥσπερ
1559 3924 1623 3985 ἐν
1659 3934 1728 3999 τῇ
1767 3927 1992 4005 Μηδείᾳ
2026 3922 2143 3986 απὸ
2178 3935 2433 4001 μηχανῆς
2455 3929 2556 3986 καὶ

314 4009 373 4070 ἐν
413 4021 485 4084 τῇ
533 4008 719 4070 Ἰλιάδι
768 4011 840 4069 τὰ
887 4013 1022 4086 περὶ
1066 4011 1170 4070 τὸν
1206 4008 1533 4070 ἀπόπλουν·
1583 4008 1731 4070 ἀλλὰ
1772 4019 1997 4085 μηχανῇ
2025 4010 2315 4086 χρηστέον
2352 4009 2448 4072 ἐπὶ
2482 4011 2555 4071 τὰ

313 4092 421 4165 ἔξω
457 4106 565 4156 τοῦ
602 4096 893 4172 δράματος
928 4094 962 4170 ἢ
997 4092 1111 4156 ο’σα
1155 4096 1271 4171 πρὸ
1310 4104 1411 4155 τοῦ
1450 4096 1712 4171 γέγονεν,
1761 4095 1799 4156 ἃ
1835 4119 1938 4171 ουχ
1976 4091 2102 4156 οἷόν
2135 4117 2201 4155 τε
2236 4093 2554 4171 ἄνθρωπον

316 4180 540 4252 εἰδέναι,
578 4180 612 4256 ἢ
647 4178 759 4241 σ’σα
784 4177 1047 4256 ὕστερον,
1084 4179 1121 4240 ἃ
1146 4188 1325 4241 δεῖται
1351 4181 1842 4258 προαγορεύσεως
1864 4184 1966 4241 καὶ
1990 4178 2288 4255 ἀγγελίας·
2325 4176 2553 4241 ἅπαντα

313 4264 421 4340 γὰρ
456 4262 807 4339 ἀποδίδομεν
840 4277 964 4337 τοῖς
998 4274 1162 4336 θεοῖς
1197 4263 1360 4342 ορᾶν.
