3166 4871
2484 302 2599 368 181

366 493 401 533 a
444 474 637 551 poetis
697 474 938 535 comicis
984 473 1279 551 perstricti
1324 478 1491 553 sunt,
1551 475 1948 554 Callippidem
2011 476 2357 536 histrionem
2403 476 2602 554 potius

365 576 628 654 intelligo
694 595 872 653 quam
941 577 1131 636 ullum
1191 577 1389 638 alium.
1506 578 1597 638 Ex
1663 579 1794 656 ipsa
1861 577 2176 655 biographi
2245 581 2606 652 narratione,

363 697 721 756 quamquam
767 682 858 739 est
899 679 1117 750 fabula,
1164 679 1222 739 id
1266 679 1504 757 quidem
1550 680 1887 758 cogendum
1920 699 2051 740 esse
2086 680 2437 742 Welckerus
2462 682 2605 760 jure

365 781 508 841 dicit
550 779 683 854 (1.1.
721 800 778 858 p.
810 778 977 859 927),
1032 782 1341 860 Sophoclis
1386 782 1752 860 temporibus
1785 782 2027 861 Opunte
2075 782 2252 844 ludos
2296 785 2606 845 scaenicos

365 889 534 944 actos
593 883 800 962 fuisse,
880 884 1023 961 quia
1079 888 1230 945 teste
1290 885 1588 945 Pausania
1647 888 1761 964 (ΙΙ,
1821 888 1933 956 27,
1995 885 2058 957 5)
2118 892 2179 946 et
2236 887 2605 964 Hippocrate

366 985 641 1064 (epidem.
687 987 730 1057 1,
779 991 833 1062 2,
886 1006 941 1063 p.
987 990 1112 1048 404
1171 987 1264 1048 ed.
1317 984 1528 1059 Kflhn)
1595 987 1881 1065 Epidauri
1940 993 2001 1048 et
2057 988 2240 1049 Thasi
2294 990 2420 1068 jam
2478 992 2603 1049 tum

364 1090 647 1167 temporis
706 1090 942 1174 theatra
983 1088 1221 1150 fuerint.
1325 1090 1485 1150 Illud
1531 1074 1682 1167 ,,ἇπ’
1712 1081 2049 1169 somata&
2106 1091 2258 1151 euim
2306 1111 2424 1152 non
2470 1109 2603 1151 cum

337 1189 463 1251 Fr.
513 1193 769 1253 Rittero:
843 1190 1080 1271 Didym.
1136 1192 1441 1253 Chalcent.
1499 1211 1638 1270 opp.
1705 1213 1762 1270 p.
1812 1195 1893 1254 49
1962 1193 2038 1252 ad
2104 1211 2294 1272 „opus
2335 1191 2606 1271 agreste“

367 1293 743 1354 referendum
809 1294 947 1372 sed,
1016 1294 1296 1373 quoniam
1367 1294 1440 1355 de
1509 1295 1797 1356 histrione
1859 1297 2089 1374 agitur,
2161 1296 2235 1359 ad
2305 1296 2607 1357 histrionis

368 1415 582 1457 munus
651 1394 751 1470 (ef.
815 1399 994 1457 Isocr.
1051 1390 1206 1475 περὶ
1273 1382 1564 1457 ἅντιδόσ.
1638 1402 1757 1459 157
1823 1395 1954 1472 (84)
2037 1429 2169 1476 ‚,—-
2232 1392 2397 1478 μηδὲ
2484 1386 2605 1470 τὰς

367 1490 671 1577 ἐργασίας
713 1492 857 1569 ἴσας
908 1493 1202 1576 νομίζειν
1243 1489 1361 1570 τάς
1403 1517 1474 1558 τε
1520 1495 1664 1559 τῶν
1710 1496 2052 1575 σοφιστῶν
2114 1496 2227 1560 καὶ
2279 1491 2399 1573 τὰς
2455 1496 2601 1560 τῶν

365 1597 831 1680 υποκριτῶνιι).

538 1705 842 1783 Congesta
880 1709 1020 1765 sunt
1049 1723 1203 1782 quae
1234 1704 1309 1764 de
1341 1705 1676 1783 Callippide
1708 1707 1935 1782 tragico
1967 1707 2254 1767 histrione
2285 1708 2609 1783 scriptores

367 1806 764 1868 tradiderunt.
859 1809 1052 1868 Unum
1083 1807 1461 1884 eundemque
1491 1807 1567 1867 ab
1610 1808 1885 1869 omnibus
1929 1808 2176 1885 intelligi
2212 1808 2607 1887 Callippidem

358 1909 486 1986 jam
531 1928 601 1970 eo
649 1910 1065 1987 confirmatur,
1123 1909 1286 1987 quod
1349 1909 1557 1969 nullus
1620 1927 1694 1969 ne
1759 1929 1877 1970 uuo
1934 1909 2172 1988 quidem
2229 1911 2413 1971 verbo
2459 1910 2610 1972 duos

369 2012 550 2072 fuisse
597 2011 962 2089 Callippides
1007 2010 1259 2086 iudicat,
1313 2011 1476 2088 quod
1522 2015 1826 2089 tempora,
1872 2011 1948 2071 ad
1994 2030 2151 2089 quae
2195 2016 2486 2089 quantum
2534 2012 2610 2073 de

371 2113 702 2192 Callippide
770 2113 1051 2173 traditum
1121 2120 1209 2173 est
1275 2114 1566 2190 pertinet,
1642 2119 1784 2191 apte
1860 2116 2233 2175 conveniunt
2297 2114 2357 2174 in
2426 2133 2611 2175 unum

371 2217 713 2277 histrionem
776 2233 993 2293 resque
1052 2216 1216 2292 ipsae
1275 2215 1351 2276 de
1397 2215 1731 2292 Callippide
1789 2216 2043 2276 traditae
2104 2218 2186 2276 ita
2232 2221 2611 2294 comparatae

370 2324 541 2395 sunt,
602 2326 666 2380 ut
717 2320 940 2397 optime
1001 2318 1080 2378 ad
1139 2318 1391 2379 eundem
1456 2317 1666 2378 referri
1715 2319 1971 2395 possint:
2044 2319 2381 2396 Xenophon
2428 2338 2610 2380 unum

371 2422 546 2484 modo
591 2442 736 2484 suae
781 2423 993 2483 aetatis
1037 2422 1203 2482 novit
1232 2421 1628 2500 Callippidem
1672 2426 1932 2482 actorem
1966 2422 2223 2483 eundem
2254 2422 2381 2484 sine
2414 2421 2611 2495 dubio,

371 2544 546 2603 quem
574 2526 922 2587 Alexander
952 2544 989 2585 a
1008 2526 1317 2603 Polyaeno
1349 2529 1846 2586 commemoratus
1878 2530 1937 2585 et
1960 2525 2285 2603 Agesilaus
2315 2525 2614 2587 viderunt.

369 2629 641 2690 Licentia
671 2629 1016 2707 Callippidis
1046 2648 1083 2689 a
1112 2629 1510 2707 Xenophonte
1553 2633 1759 2689 notata
1799 2627 1948 2688 bene
1989 2630 2270 2689 convenit
2299 2628 2612 2707 Callippidi

371 2752 408 2792 a
444 2733 770 2793 Plutarcho
815 2740 875 2793 et
918 2732 993 2793 ab
1028 2732 1350 2792 Aristotele
1398 2737 1759 2805 memorat03
1804 2732 2151 2792 histrionem
2182 2731 2257 2791 ab
2286 2731 2614 2792 Aristotele

372 2835 740 2894 nominatum
811 2830 993 2894 miror
1055 2835 1216 2911 quod
1277 2834 1580 2909 Grysarus
1628 2834 1661 2892 l.
1716 2835 1751 2892 l.
1797 2832 2285 2909 distinguendum
2346 2838 2521 2911 putat
2578 2852 2615 2893 a

372 2934 703 3012 Callippide
782 2936 842 2994 in
921 2936 1046 2994 vita
1108 2934 1443 3012 Sophoclea
1525 2932 1892 3010 signifieat03
1969 2934 2237 3010 neglexit
2299 2934 2615 3011 Grysarus,

376 3036 765 3114 Callippidem
819 3036 1225 3096 Aristotelium
1302 3035 1476 3096 etiam
1539 3036 1915 3110 Mynniscum
1997 3034 2281 3111 Aeschyli
2351 3039 2613 3095 actorem

374 3138 614 3198 vidisse.
658 3167 743 3178 —

544 3242 794 3301 Praeter
838 3259 934 3318 ea,
978 3258 1134 3317 quae
1180 3241 1500 3317 scriptores
1547 3239 1622 3299 de
1669 3238 2008 3317 Callippide
2055 3241 2284 3317 tragico
2330 3240 2616 3301 histrione

275 3368 286 3377 ·
373 3343 779 3421 tradiderunt,
839 3343 1144 3420 inscriptio
1190 3346 1385 3403 exstat
1429 3342 1605 3403 valde
1650 3343 1950 3421 mutilata,
1994 3344 2054 3402 iu
2101 3360 2223 3420 qua
2268 3363 2305 3401 a
2347 3341 2616 3403 Bockhio

375 3446 722 3525 Callippidis
787 3464 1000 3506 nomen
1070 3447 1407 3507 restitutum
1474 3450 1596 3523 est3
1684 3445 1923 3507 titulum
2007 3445 2143 3506 dico
2227 3463 2301 3505 ex
2379 3445 2616 3506 schedis

373 3550 722 3610 Fourmonti
767 3549 828 3609 in
875 3550 933 3610 G.
966 3551 1016 3609 J.
1048 3548 1150 3609 Gr.
1183 3552 1324 3626 231,
1368 3568 1425 3626 p.
1472 3552 1595 3611 353
1641 3548 1864 3609 editum
1927 3547 2077 3609 adeo
2139 3547 2288 3608 male
2333 3549 2615 3620 habitum,

377 3657 441 3713 ut
513 3653 874 3730 paucissima
947 3651 1120 3714 modo
1192 3651 1332 3712 inde
1404 3652 1531 3711 erui
1608 3650 1855 3729 possint.
1946 3650 2318 3729 Quamquam
2389 3652 2463 3711 ab
2531 3651 2617 3710 in-

374 3756 799 3832 scriptionibus
843 3755 1025 3816 ordiri
1072 3755 1363 3831 solemus,
1423 3754 1658 3815 titulum
1715 3754 1875 3814 illum
1922 3757 2188 3815 extremo
2234 3755 2420 3814 affero
2468 3754 2617 3831 loco,

374 3861 547 3937 quia,
603 3858 675 3918 ad
725 3877 903 3935 quem
948 3878 1169 3919 annum
1229 3858 1555 3935 pertineat,
1615 3857 1812 3917 adhuc
1871 3875 2079 3934 parum
2125 3851 2406 3934 :constan
2465 3856 2618 3916 duas

375 3962 789 4047 complectitur
861 3963 1198 4037 columnas,
1275 3978 1526 4038 quarum
1604 3960 1844 4020 sinistra
1902 3959 2165 4038 pertinet
2221 3960 2298 4019 ad
2358 3960 2617 4019 comicos

375 4063 587 4124 dextra
651 4064 726 4124 ad
786 4065 1047 4142 tragicos
1113 4063 1319 4140 ludos,
1390 4068 1451 4123 et
1506 4063 1750 4124 sinistra
1817 4061 2058 4139 quidem
2120 4081 2239 4123 non
2298 4066 2618 4140 tantopere

375 4167 647 4227 confecta
702 4168 776 4226 ad
838 4185 1129 4227 annorum
1193 4168 1316 4228 355
1363 4172 1422 4225 et
1477 4168 1601 4226 354
1647 4166 1853 4243 ludos,
1914 4165 1971 4223 id
2039 4164 2193 4242 quod
2260 4164 2613 4224 archontum

375 4271 612 4329 uomina
657 4270 936 4329 indicant
1029 4271 1290 4328 Dextrae
1335 4268 1648 4327 columnae
1693 4268 1929 4328 litterae
1973 4274 2119 4326 suut
2165 4266 2311 4325 hae:

2149 4379 2212 4431 12
