3166 4871
1025 319 1111 381 De
1150 323 1353 383 nomin.
1389 320 1447 381 i'n
1487 346 1651 393 -αιος,
1712 334 1744 395 ς·
1780 333 1861 383 38.
2432 333 2550 397 113

295 508 358 566 in
407 523 629 585 -γαιος
673 511 733 567 et
775 523 981 584 -γειος
1011 524 1194 584 saepe
1223 509 1551 583 permutari
1589 510 1748 568 inter
1776 526 1863 570 se.
1933 509 2135 586 Atque
2166 528 2279 585 ego
2310 509 2551 586 quidem

296 609 567 686 experiri
596 609 783 687 volui,
811 626 1126 685 possemne
1157 609 1405 671 materia
1434 610 1703 686 undique
1728 629 1908 688 quam
1930 628 2169 688 possem
2192 612 2553 688 amplissima

299 701 564 772 collecta
609 712 835 772 certius
879 712 1026 790 quid
1072 712 1377 789 indagare.
1457 713 1697 794 Neque¹
1722 714 1960 774 omnino
2005 732 2099 775 me
2142 732 2284 791 spes
2326 711 2556 780 fefellit.

299 815 668 892 Quanquam
701 815 963 875 maximo
990 815 1413 892 impedimento
1445 814 1577 893 fuit,
1622 815 1780 892 quod
1816 834 1891 876 ne
1922 817 2279 893 optimorum
2311 818 2551 895 quidem

297 918 664 994 scriptorum
725 919 1016 995 omnium,
1074 917 1293 977 nedum
1355 922 1689 978 ceterorum
1736 918 1867 995 jam
1924 920 2070 980 satis
2120 921 2357 981 excussi
2413 926 2553 983 sunt

298 1021 462 1098 libri,
507 1026 575 1079 ut
617 1020 759 1097 quid
805 1038 1048 1098 quoque
1077 1021 1210 1081 loco
1242 1021 1478 1098 optimis
1524 1019 1833 1081 codicibus
1858 1021 2143 1082 traditum
2172 1023 2255 1083 sit
2278 1024 2555 1102 sciamus,

297 1129 362 1183 et
390 1124 454 1182 in
485 1127 660 1182 tanta
687 1122 1119 1182 vocabulorum
1150 1122 1529 1183 multitudine
1560 1121 1692 1184 fieri
1722 1123 1823 1183 vix
1853 1123 2067 1202 potuit,
2111 1124 2221 1187 nisi
2251 1125 2550 1200 permulto

297 1233 578 1304 tempore
623 1230 683 1286 et
726 1230 916 1303 opera
955 1225 1242 1303 impensa,
1285 1230 1352 1285 ut
1394 1231 1636 1286 rectene
1667 1226 1727 1287 in
1758 1227 2046 1287 thesauro
2075 1245 2164 1304 gr.
2187 1228 2223 1286 l.
2252 1227 2327 1288 de
2357 1229 2551 1289 euius·

298 1347 424 1405 que
466 1329 636 1388 vocis
680 1329 740 1389 in
788 1347 1028 1405 quoque
1073 1328 1207 1388 loco
1252 1329 1553 1405 scriptura
1597 1328 1750 1389 bene
1794 1328 2027 1389 firmata
2062 1329 2349 1390 traditum
2381 1336 2553 1410 esset,
2626 1385 2641 1404 ,

298 1432 724 1491 examinarem.
809 1430 925 1493 Sed
957 1449 1143 1507 quum
1173 1430 1444 1507 viderim,
1488 1449 1525 1490 a
1553 1415 1895 1494 novissimis
1924 1431 2190 1494 thesauri
2222 1431 2550 1494 editoribus

296 1552 409 1594 eas
452 1533 748 1594 editiones
794 1534 1048 1609 criticae,
1089 1551 1250 1610 quae
1294 1536 1419 1593 tum
1465 1538 1666 1611 erant,
1707 1534 1995 1610 religiose
2034 1552 2167 1595 esse
2211 1537 2552 1614 exhaustas,

297 1637 448 1696 satis
492 1636 674 1696 habui
705 1636 1070 1697 recentiores
1116 1635 1408 1696 editiones
1451 1636 1803 1713 contulisse,
1858 1655 1892 1697 e
1945 1637 2164 1713 quibus
2204 1636 2365 1699 haud
2410 1658 2550 1700 raro

298 1738 566 1798 fructum
610 1739 831 1799 bonum
875 1739 1120 1816 sumpsi.
1191 1738 1399 1798 Nihilo
1430 1743 1629 1799 tamen
1675 1739 1888 1816 secius,
1930 1757 2135 1818 quum,
2178 1744 2244 1799 ut
2287 1740 2431 1820 dixi,
2474 1741 2549 1803 de
2614 1799 2619 1810 ,

295 1842 615 1918 permultis
672 1842 820 1901 locis
880 1860 998 1902 non
1060 1845 1223 1901 certo
1269 1845 1528 1918 constet,
1591 1840 1737 1918 quid
1797 1840 2081 1902 traditum
2139 1843 2242 1921 sit,
2305 1862 2379 1905 ne
2432 1863 2550 1921 ego

297 1944 546 2022 quidem
575 1948 698 2004 tam
730 1949 926 2004 certas
959 1961 1202 2004 normas
1231 1943 1500 2003 invenire
1530 1944 1720 2021 potui,
1765 1962 1945 2020 quam
1975 1942 2106 2004 fore
2151 1961 2551 2024 speraveram,

297 2048 492 2107 multa
535 2046 720 2107 dubia
761 2046 971 2107 relicta
1015 2050 1187 2107 sunt:
1231 2051 1427 2106 tamen
1472 2045 1637 2123 leges
1681 2047 2008 2107 nonnullae
2052 2049 2368 2123 generales
2412 2067 2549 2109 con-

295 2155 462 2210 stare
506 2149 803 2210 videntur.
889 2149 1125 2209 Etenim
1171 2150 1503 2226 composita
1548 2149 1609 2209 in
1654 2164 1868 2227 ·γαιος
1911 2149 2159 2228 propria
2200 2153 2343 2210 sunt
2368 2150 2549 2212 diale-

298 2255 414 2313 ctis
471 2271 608 2312 eum
653 2253 919 2330 doricae,
979 2256 1132 2330 tum,
1198 2251 1362 2328 quod
1409 2250 1574 2312 haud
1623 2252 2099 2330 exspectaveris,
2163 2252 2391 2314 ionicae
2451 2252 2551 2326 (cf.

295 2356 556 2416 Bredow
604 2355 740 2415 dial.
770 2354 914 2415 Hdt.
942 2373 1000 2431 p.
1037 2349 1204 2431 139),
1244 2370 1443 2431 -γειος
1486 2359 1550 2414 et
1594 2371 1784 2432 -γεως
1827 2356 2062 2434 atticae,
2104 2354 2164 2414 in
2210 2355 2353 2416 Iade
2397 2374 2550 2416 nun-

295 2479 476 2536 quam
523 2460 912 2538 reperiuntur
954 2459 1014 2518 in
1058 2457 1178 2518 fine
1219 2457 1678 2536 vocabulorum,
1733 2473 1891 2536 γεω-
1934 2463 2288 2538 usurpatum
2344 2463 2436 2520 est
2486 2461 2546 2539 in

295 2563 490 2641 initio,
531 2565 602 2622 ut
644 2555 1033 2640 γεωμετρία,
1076 2549 1428 2638 γεῶπεδου
1463 2561 1548 2621 «οἱ.
1619 2559 1734 2621 Sed
1766 2562 1948 2621 Attici
1979 2580 2225 2639 quoque
2247 2562 2548 2623 interdum

293 2666 524 2725 habent
566 2681 813 2742 -γαιος,
868 2683 1006 2725 raro
1063 2665 1323 2741 priores,
1380 2668 1637 2741 excepto
1692 2664 2118 2744 Xenophonte,
2178 2666 2283 2742 qui
2328 2681 2551 2742 -ymoc

293 2768 568 2827 adamat:
632 2767 794 2844 quod
859 2786 975 2826 non
1040 2766 1192 2826 adeo
1254 2766 1618 2844 mirandum,
1677 2767 1903 2845 quippe
1961 2785 2137 2844 quem
2191 2769 2370 2827 etiam
2416 2768 2549 2827 aliis

295 2870 540 2930 dicendi
587 2870 911 2946 generibus
953 2887 989 2927 a
1026 2886 1183 2947 pura
1212 2867 1458 2929 Atthide
1502 2869 1762 2929 alienum
1792 2887 1926 2930 esse
1957 2886 2154 2948 nuper
2183 2870 2547 2931 demonstra-

169 2954 184 2967 ’
295 2976 460 3033 verit
501 2971 718 3049 Tycho
749 2972 1109 3050 Mommsen3
1154 2972 1327 3032 cuius
1371 2972 1456 3031 rei
1503 2989 1745 3032 causam
1792 2973 1842 3031 si
1887 2972 2153 3050 quaeris,
2192 2991 2329 3037 omn
2362 2990 2545 3049 quum

293 3076 551 3136 fortuna
593 3079 718 3135 tum
763 3080 980 3135 natura
1021 3075 1153 3152 ipsa
1196 3078 1257 3134 et
1299 3073 1507 3135 indole
1545 3091 1671 3135 non
1715 3074 1907 3134 solum
1937 3093 1975 3134 a
2001 3079 2167 3136 terra
2203 3075 2401 3151 patria
2438 3074 2548 3137 sed

295 3178 480 3238 etiam
525 3197 562 3236 a
601 3177 810 3254 patriis
854 3177 1118 3238 moribus
1164 3180 1225 3237 et
1268 3177 1554 3239 institutis
1599 3176 1999 3236 abalienatum
2059 3175 2236 3239 facile
2281 3176 2459 3236 etiam
2486 3177 2549 3236 in

297 3279 566 3341 dicendo
592 3279 808 3340 -aliena
850 3297 963 3359 pro
1007 3278 1217 3356 patriis
1260 3294 1566 3338 assumere
1625 3278 1894 3355 potuisse
1937 3277 2250 3355 intelliges.
2337 3278 2551 3343 Incon-

295 3383 559 3444 stantius
617 3382 1012 3461 posteriores,
1074 3382 1181 3459 qui
1238 3376 1433 3457 κοινῇ
1490 3373 1663 3456 λέξει
1724 3385 2003 3459 utuntur,
2062 3400 2263 3458 neque
2326 3380 2402 3442 de
2460 3382 2552 3443 his

295 3485 526 3545 certius
585 3484 911 3562 quidquam
971 3483 1099 3544 erui
1159 3500 1342 3560 posse
1397 3481 1665 3561 videtur,
1725 3502 1910 3560 quum
1964 3482 2189 3544 formae
2230 3484 2554 3545 videantur

293 3589 431 3649 sine
487 3587 826 3648 discrimine
885 3604 1016 3648 esse
1063 3584 1396 3647 adhibitae.
1484 3585 1665 3664 Apud
1724 3587 2043 3648 nonnullos
2103 3591 2304 3648 tamen
2365 3588 2552 3649 maior

297 3689 671 3769 constantia,
728 3695 795 3751 ut
837 3689 1170 3751 Pausanias
1229 3693 1290 3750 et
1331 3686 1543 3749 Strabo
1604 3706 1841 3768 semper
1894 3688 2175 3751 videntur
2228 3708 2552 3768 usurpasse

297 3811 551 3873 -γαιος,
608 3798 858 3871 uterque
904 3793 1052 3855 Asia
1095 3796 1292 3870 ortus,
1348 3797 1416 3853 ut
1458 3790 1713 3853 fortasse
1757 3793 2017 3869 patrium
2062 3810 2393 3854 sermonem
2440 3792 2553 3852 hac

296 3916 369 3957 re
414 3897 805 3957 servaverint.
877 3894 1111 3970 Quibus
1152 3894 1573 3973 adjungendus
1606 3894 1892 3972 Polybius
1921 3894 1982 3955 in
2015 3896 2184 3956 cuius
2215 3893 2387 3956 codd.
2417 3896 2554 3955 Vat.

295 4004 364 4059 et
419 3999 567 4060 Urb.
621 4016 860 4075 semper
926 3999 1215 4074 scriptum
1290 3996 1536 4057 videtur
1593 4014 1677 4055 αι.
1778 3996 1850 4056 In
1922 4013 2134 4075 -γειος
2209 3996 2552 4065 adhibendo

293 4120 539 4180 semper
612 4100 723 4161 sibi
782 4103 1059 4161 constare
1116 4099 1359 4160 videtur
1401 4099 1783 4177 Aristoteles,
1855 4118 2042 4176 quum
2099 4099 2554 4178 Theophrastus

291 4204 643 4283 promiscue
706 4203 982 4264 omnibus
1047 4203 1250 4262 formis
1314 4204 1536 4263 utatur.
1639 4201 1981 4263 Posteriore
2041 4205 2309 4280 tempore
2371 4218 2550 4278 quam

295 4308 570 4368 incertus
617 4305 802 4369 suerit
846 4324 991 4367 usus
1040 4304 1297 4383 (licendi,
1341 4323 1373 4365 6
1416 4305 1822 4383 grammaticis
1865 4304 2118 4381 intelligi
2171 4308 2390 4380 potest,
2450 4302 2552 4379 qui
2602 4334 2609 4340 —

2217 4417 2246 4468 8
