3166 4871
1027 293 1114 349 De
1149 293 1353 348 nomin.
1389 293 1450 347 in
1485 310 1651 358 -αιος,
1721 295 1755 358 s
1792 296 1873 345 67.
2497 291 2617 353 173

383 474 709 536 desinenti:
761 462 964 554 γηρά-
979 485 1150 546 σκω,
1207 460 1550 552 {ped-oxa),
1606 454 2013 549 ἄλθή-σκω,
2073 468 2223 528 aeol.
2266 455 2619 525 θνά-ισκω

382 594 492 653 pro
535 573 938 650 θνα-,ιέ-σκω
983 575 1148 637 Curt.
1191 575 1228 635 l.
1259 575 1296 634 l.
1339 594 1397 651 p.
1427 570 1551 631 270
1573 591 1664 651 sq.

547 696 681 756 Hac
708 696 893 773 igitur
920 695 1152 755 ratione
1182 694 1453 755 derivata
1481 711 1615 754 esse
1644 693 1785 752 mihi
1832 691 2109 752 videntur
2153 689 2302 749 haec
2346 685 2616 747 nomina:

549 799 817 887 ἀλαός,
877 814 960 876 ’ab
1023 798 1344 892 ἀλᾶσθαι,
1408 818 1476 873 ut
1539 811 1799 872 videtur.
1886 809 1974 872 cf.
2034 827 2218 887 supra
2279 826 2336 893 p.
2386 802 2482 864 16.
2526 804 2619 865 Ab

382 916 586 978 eodem
630 917 818 977 verbo
861 915 1228 977 descendere
1272 915 1510 975 videtur

547 1020 827 1106 ἇλαϊος
871 1022 910 1094 ὃ
957 1020 1320 1095 Ἀπόλλων.
1417 1024 1841 1113 Φιλοκτήτης
1881 1019 2035 1110 γάρ,
2078 1017 2620 1109 παραγενόμενος

382 1132 471 1208 εἷς
530 1123 846 1211 Ἰταλίαν,
908 1122 1042 1210 ἀπὸ
1095 1134 1224 1196 τοῦ
1280 1126 1774 1216 συμβεβηκότος
1827 1123 2144 1214 ἱδρύσατο
2200 1116 2621 1197 Ἀπόλλωνος

380 1225 622 1299 ἀλαίου
664 1229 878 1319 ἱερόν·
924 1231 998 1299 ἐν
1042 1221 1100 1319 (ᾗ
1144 1233 1258 1297 καὶ
1301 1229 1379 1298 τό
1423 1229 1629 1316 τόξον
1676 1222 1992 1297 ἀπέθετο.
2038 1237 2169 1295 ΕΜ.
2214 1231 2314 1311 58,
2358 1230 2416 1293 4.

551 1345 840 1420 ἄλθαία
899 1361 1154 1421 althaea.
1213 1360 1516 1438 Theophr.
1560 1359 1617 1419 h.
1662 1354 1844 1437 pl..9‚
1893 1355 1988 1434 15,
2032 1354 2088 1415 5.
2152 1351 2258 1430 18,
2310 1350 2360 1412 1.
2420 1352 2619 1411 Diosc.

383 1458 438 1538 3,
487 1458 626 1522 164.
713 1461 860 1523 Cum
920 1448 1116 1522 ἄλθω
1175 1447 1485 1521 ἄλθαίνω
1545 1446 1775 1521 ἄλθέω
1819 1444 2143 1538 ἆλθήσκω
2189 1455 2425 1517 confert
2468 1456 2619 1514 Ben-

385 1564 575 1640 feyius
636 1564 791 1624 Wzl.
829 1563 879 1642 1,
925 1561 1000 1621 71
1061 1563 1220 1641 („als
1264 1563 1665 1642 heilpflanze?
1720 1554 1991 1649 sddhffl).
2078 1559 2166 1621 Cf.
2211 1558 2373 1620 Gurt.
2426 1557 2518 1615 Et.
2563 1574 2620 1615 n.

383 1662 520 1724 303.
564 1667 931 1745 „Appellata
976 1672 1065 1727 est
1108 1670 1306 1728 autem
1354 1651 1628 1740 ἄλθαὶα,
1672 1665 1841 1743 quasi
1875 1665 2006 1741 quis
2036 1662 2199 1723 dicat
2231 1660 2617 1720 medicamen-

381 1772 527 1845 tosa,
573 1769 648 1828 ob
679 1788 808 1828 cam
839 1788 961 1847 qua
988 1769 1178 1848 pollet
1210 1768 1481 1829 medendi
1513 1760 1672 1827 vim“
1718 1768 1791 1827 H.
1822 1765 2026 1844 Steph.
2055 1765 2118 1825 in
2161 1764 2313 1823 thes,
2389 1761 2620 1821 Dubius

380 1887 512 1930 esse
555 1872 766 1948 possis,
809 1877 1007 1931 utrum
1049 1873 1126 1932 ab
1172 1857 1470 1948 ἄλθομαι
1515 1872 1646 1949 ipso
1693 1889 1770 1930 an
1813 1889 1850 1929 a
1892 1869 2081 1946 stirpe
2125 1851 2325 1941 ἀλθα,
2370 1863 2615 1940 quaein

381 1957 733 2052 ἆλθὴσκω,
776 1975 1110 2035 derivatum
1155 1975 1248 2034 sit.
1393 1974 1404 1981 '

548 2077 1000 2172 ἀναγκαῖον
1045 2094 1140 2154 vel
1186 2077 1562 2153 dvdxaeov?
1605 2111 1663 2153 v.
1706 2109 1890 2168 supra
1932 2109 1990 2167 p.
2026 2086 2143 2146 119
2175 2106 2264 2165 sq.

275 2268 282 2273 ¹
555 2179 868 2275 ἀραῖος.
976 2195 1065 2257 Cf.
1137 2214 1322 2273 supra
1394 2215 1453 2273 p.
1501 2191 1641 2254 138.
1706 2178 2126 2272 Ἀμφιάραος,
2199 2177 2621 2266 Καλλιάραος

381 2316 562 2375 supra
603 2276 670 2374 p.
713 2295 807 2357 17.

548 2394 812 2474 βίαιος
855 2398 929 2461 cf.
974 2418 1160 2479 supra
1203 2419 1262 2478 p.
1310 2395 1448 2461 139.

548 2499 982 2582 βρονταῑος
1025 2503 1101 2562 ab
1144 2502 1391 2563 Aristot.
1436 2502 1513 2564 de
1556 2502 1779 2562 mundo
1827 2499 1884 2580 7,
1914 2497 2055 2578 401,
2091 2497 2164 2556 17
2211 2502 2271 2558 et
2313 2498 2374 2557 in
2421 2498 2620 2573 hymn.

382 2603 569 2683 Orph.
620 2601 715 2681 15,
759 2601 798 2662 9
844 2605 1067 2666 dictum
1112 2604 1187 2664 de
1233 2606 1378 2665 Iove
1423 2605 1753 2665 tonitruum
1800 2608 2063 2681 auctore,
2107 2606 2167 2662 ct
2202 2602 2403 2678 hymn.
2434 2596 2621 2675 Orph.

382 2704 488 2784 21,
548 2704 585 2764 3
659 2701 937 2782 νεφέλαι
1007 2705 1394 2788 βρονταϊαι;
1481 2708 1817 2767 derivatum
1890 2705 2130 2766 videtur
2201 2723 2238 2764 a
2307 2696 2619 2781 βροντᾶν.

385 2809 636 2869 Diversa
679 2813 774 2869 est
816 2808 1007 2870 forma
1048 2808 1435 2889 βροντιαῑος
1492 2809 1569 2869 ad
1627 2809 2084 2887 significandum
2142 2808 2202 2867 id
2259 2804 2422 2882 quod
2467 2803 2623 2862 inter

386 2912 651 2971 tonitrua
711 2911 960 2989 decidit,
1022 2931 1059 2971 a
1119 2901 1372 2992 βροντή
1437 2911 1738 2990 derivata,
1802 2930 1924 2987 qua
1984 2911 2073 2971 usi
2137 2912 2299 2970 sunt·
2339 2908 2622 2983 Hippocr.

387 3012 653 3091 Epidem.
698 3008 766 3091 6,
814 3009 976 3071 1180
1006 3015 1074 3074 F.
1130 3014 1340 3076 Galen.
1384 3032 1593 3074 comm.
1640 3015 1757 3074 vol.
1802 3010 1871 3092 9,
1933 3032 1989 3089 p.
2036 3009 2189 3091 495,
2236 3008 2291 3069 7.
2338 3008 2410 3069 cf.
2474 3008 2621 3069 Lob.

385 3115 460 3176 ad
502 3115 730 3193 Phryn.
771 3134 831 3192 p.
878 3111 1017 3176 552.

553 3227 1086 3313 ἐμβρονταῑον
1140 3240 1397 3314 „vocata
1441 3236 1652 3297 domus
1695 3234 2043 3313 Agathoclis
2087 3233 2475 3311 Syracusani,
2520 3232 2620 3309 qui

384 3342 633 3415 propter
675 3337 927 3416 lapides,
968 3356 1122 3415 quoe
1165 3338 1573 3400 aedificandae
1619 3337 1755 3399 aedi
1784 3338 2090 3398 Minervae
2124 3336 2454 3397 destinatos
2499 3335 2622 3394 suis

382 3440 632 3502 aedibus
691 3440 1051 3518 inseruerat,
1109 3460 1245 3503 cum
1303 3441 1478 3501 domo
1523 3459 1635 3501 sua
1679 3441 1754 3502 de
1799 3441 1966 3500 caelo
2010 3443 2207 3499 tactus
2250 3437 2623 3498 credebatur.

388 3545 516 3603 Lat.
558 3542 763 3603 dicere
806 3543 1001 3603 nolent
1043 3541 1327 3604 bidental.
1373 3543 1549 3603 Diod.
1579 3544 1724 3604 Exc.
1754 3544 1874 3603 vol.
1907 3543 1983 3620 11,
2024 3561 2083 3619 p.
2114 3537 2257 3618 5119,
2287 3533 2402 3597 71“
2445 3540 2622 3600 Dind.

384 3633 777 3723 ἐμβροντάω
839 3650 900 3704 et
959 3635 1411 3725 ἐμβρόντητος
1469 3646 1827 3724 plerumque
1893 3645 2213 3722 translata,
2277 3644 2380 3704 sed
2444 3646 2621 3704 etiam

387 3748 634 3825 propria
677 3747 1108 3824 significatione
1153 3753 1447 3826 usurpata
1504 3749 1913 3809 inveniuntur.
1977 3748 2127 3808 Xen.
2171 3747 2229 3807 h.
2272 3767 2362 3824 gr.
2408 3746 2465 3824 4,
2512 3742 2622 3804 77:

390 3844 549 3930 Περὶ
592 3840 716 3920 τὰς
760 3839 1023 3929 εἱρκτὰς
1066 3844 1735 3930 σρατοπεδευομένου
1776 3834 1993 3909 αὐτοῦ
2036 3838 2623 3927 πίπτευκεραυνός

387 3945 475 4022 εἰς
532 3941 615 4011 τὰ
677 3940 1172 4028 στρατόπεδον,
1237 3947 1351 4012 καὶ
1410 3944 1484 4011 οὶ
1541 3946 1683 4031 μέν
1740 3968 1955 4024 τινες
2011 3945 2474 4030 πληγέντες,
2547 3946 2622 4009 οὶ

387 4047 466 4113 δὲ
520 4047 653 4113 καὶ
709 4044 1399 4140 ἐμβροντηθέντες
1457 4039 1886 4115 ἀπέθανον.
1979 4054 2112 4115 Dio.
2157 4053 2316 4114 Caso.
2367 4050 2465 4131 36,
2517 4049 2622 4110 13:

376 4143 442 4216 ‘O
497 4140 737 4234 ὅμιλος
794 4148 961 4233 μέγα
1019 4151 1130 4215 καὶ
1188 4141 1627 4237 ἀπειλητικὸν
1686 4144 2083 4235 ἀνέκραγεν,
2142 4140 2316 4214 ὥστε
2366 4141 2625 4229 κόρακά

363 4265 536 4317 ’τινα
592 4244 1145 4336 ὑπερπετόμενον
1203 4256 1400 4337 σφῶν
1459 4252 1869 4339 ἐκπλαγῆναι
1912 4253 2025 4317 καὶ
2066 4262 2298 4316 πεσεῖν
2359 4239 2622 4336 ὥσπερ
