3166 4871
979 352 1065 409 Do
1098 351 1296 408 nomin.
1330 352 1393 407 in
1427 371 1593 419 -αιος.
1665 357 1698 420 3
1739 357 1818 408 13.
2350 331 2355 336 “
2441 359 2516 420 41

296 533 348 592 Η
390 550 509 592 non
555 532 815 593 eiusdem
861 532 1070 593 classis
1114 531 1377 593 codicem
1421 551 1552 594 esse
1583 536 1767 610 atque
1798 534 1934 610 MN,
1980 531 2178 593 multis
2208 532 2523 593 lectionum

294 634 703 712 discrepantiis
757 633 1061 713 apparet):
1124 653 1308 712 quum
1369 636 1515 696 alias
1573 654 1817 713 quoque
1874 637 1928 695 D
1975 638 2035 697 et
2078 636 2197 695 MN
2255 635 2528 696 meliores

294 736 472 797 libros
530 756 597 798 se
652 736 982 816 praebeant
1046 756 1225 814 quam
1288 738 1334 799 O
1379 742 1439 799 et
1482 737 1655 799 FGIJ
1670 756 1686 798 ε
1742 767 1829 779 ·--
1884 737 2032 798 baec
2088 739 2274 816 igitur
2331 737 2529 797 omnia

293 857 468 916 quum
512 838 598 900 ita
640 839 776 918 sint,
820 841 946 901 veri
990 840 1180 901 simile
1219 843 1331 919 est,
1374 841 1697 917 genuinam
1728 840 2040 902 lectionem
2071 845 2369 901 servatam
2399 857 2528 901 esse

296 960 330 999 a
374 942 490 1002 MN
536 942 689 1002 alias
732 960 972 1020 quoque
1016 960 1228 1029 puram
1274 941 1475 1003 ladem
1521 943 1939 1022 retinentibus,
1997 961 2033 1003 a
2076 944 2130 1003 D
2174 943 2527 1004 severiorem

294 1043 488 1105 ladem
536 1046 855 1106 affectante
900 1064 977 1107 ex
1020 1035 1314 1117 στειλεός
1357 1046 1580 1106 factum
1628 1062 1761 1106 esse
1806 1035 2146 1122 στειλειός,
2207 1047 2266 1105 in
2325 1046 2528 1106 codice

291 1152 481 1207 autem
528 1148 739 1209 classis
781 1147 949 1210 FGIJ
1011 1151 1339 1226 prototypo
1397 1166 1511 1225 pro
1565 1165 1596 1207 ε
1654 1146 1806 1209 falso
1866 1149 2150 1227 scriptum
2210 1148 2392 1209 fuisse
2439 1165 2526 1206 αι.

291 1250 498 1326 ltaque
558 1268 673 1328 pro
733 1248 926 1311 forma
980 1269 1123 1311 vere
1180 1251 1590 1328 Hippocraten
1651 1249 1927 1311 habenda
1970 1252 2083 1311 erit
2143 1239 2528 1321 στειλεός.

289 1352 569 1429 Idemque
616 1353 1050 1414 restituendum
1081 1353 1293 1414 Galeni
1338 1354 1761 1415 commentario
1804 1352 1880 1413 ad
1926 1354 2119 1421 locum
2165 1353 2240 1414 de
2285 1353 2457 1414 fract.
2488 1357 2524 1416 8

290 1474 394 1532 pro
437 1473 509 1517 eo
554 1455 723 1534 quod
766 1456 1045 1516 traditum
1091 1460 1185 1517 est
1227 1449 1549 1536 στηλαιοί.

452 1552 822 1637 γρυμαία
878 1576 1059 1636 perae
1104 1558 1405 1635 quoddam
1450 1576 1661 1636 genus.
1749 1559 1964 1619 Forma
2023 1563 2197 1619 vetus
2242 1562 2303 1619 et
2347 1558 2529 1619 attica

289 1664 375 1720 est
415 1654 765 1740 γρυμέα,
811 1666 1101 1739 usurpata
1144 1680 1181 1720 a
1209 1661 1430 1724 Sotade
1474 1679 1569 1738 ap.
1602 1661 1738 1723 Ath.
1771 1664 1828 1740 7,
1857 1664 1980 1723 293
2025 1662 2093 1740 Β,
2137 1661 2330 1722 Αιιοιι.
2373 1658 2526 1741 περὶ

287 1747 482 1842 ὀργῆς
539 1764 602 1823 in
660 1764 901 1824 Hercul.
947 1766 1061 1825 vol.
1104 1783 1161 1842 p.
1211 1762 1262 1842 1,
1306 1784 1364 1842 p.
1411 1767 1509 1825 64.
1597 1764 1743 1824 Poll.
1795 1764 1889 1843 10,
1939 1768 2077 1843 160,
2137 1764 2360 1841 Phryn.
2419 1765 2528 1826 ecl.

286 1885 338 1942 p.
368 1868 492 1927 230
537 1884 586 1925 s.
617 1885 675 1925 v.
722 1854 845 1944 ypt'·
850 1882 950 1945 τη.
1023 1866 1353 1926 Testantur
1382 1867 1734 1956 scripturam
1764 1860 2016 1945 γρυμέα
2046 1867 2257 1927 melius
2289 1867 2526 1927 atticam

285 1985 409 2028 esse
451 1986 639 2045 quam
687 1962 965 2047 γρυμεία
1009 1968 1236 2045 Phi-yn.
1280 1987 1416 2047 app.
1464 1972 1543 2029 53
1590 1966 1805 2040 (Bekk.
1849 1987 1944 2028 an.
1991 1978 2046 2045 p:
2092 1972 2192 2046 33,
2238 1967 2360 2047 33),
2405 1988 2527 2047 quo

287 2074 522 2132 auctore
575 2070 854 2149 Diphilus
900 2069 1109 2131 forma·
1132 2066 1381 2150 γρυμεά
1426 2088 1571 2131 usus
1616 2075 1724 2148 est,
1767 2075 1826 2132 et
1869 2071 1964 2131 Et.
1994 2070 2149 2131 Gud.
2194 2090 2250 2148 p.
2288 2074 2425 2149 130,
2471 2075 2526 2133 5.

284 2172 457 2234 Falsa
503 2173 811 2252 scriptura
856 2190 962 2249 per
1007 2190 1074 2230 αι
1119 2191 1190 2234 eo
1235 2176 1502 2251 tempore
1546 2174 1605 2233 in
1653 2191 1824 2234 usum
1872 2174 2060 2251 venit,
2114 2192 2233 2251 quo
2279 2191 2346 2232 αι
2387 2177 2452 2234 et
2497 2192 2524 2233 ε

286 2276 518 2337 omnino
569 2277 727 2337 inter
771 2293 837 2335 se
881 2275 1230 2336 commutari
1275 2275 1578 2354 solebant3
1623 2279 1714 2336 est
1757 2276 1920 2352 apud
1965 2276 2252 2337 Themist.
2299 2296 2381 2338 or.
2427 2279 2529 2356 21,

284 2396 336 2455 p.
366 2381 485 2440 257
535 2378 595 2439 Α
640 2380 742 2456 23,
783 2397 840 2456 p.
873 2380 994 2440 293
1040 2379 1129 2456 Ι).,
1174 2378 1443 2440 Damasc.
1488 2397 1585 2457 ap.
1616 2378 1787 2440 Phot.
1817 2378 1947 2440 cod.
1975 2382 2120 2456 242,
2165 2398 2223 2457 p.
2256 2382 2397 2460 352,
2431 2384 2528 2460 14,

284 2481 540 2558 Hesych.
586 2482 726 2542 Zon.
754 2465 1040 2558 'Theogm
1089 2499 1217 2541 can.
1269 2484 1402 2543 108.
1491 2482 1607 2556 Qui
1663 2500 1850 2543 suane
1896 2502 1971 2542 an
2020 2483 2303 2543 librorum
2349 2483 2528 2560 eulpa

283 2584 631 2659 praeferant
675 2601 760 2662 αι,
801 2589 967 2645 recte
998 2583 1065 2643 11.
1097 2583 1443 2645 Dindorfius
1485 2585 1545 2645 in
1577 2584 1889 2646 Thesauro
1922 2587 2002 2647 ait
2032 2603 2094 2646 se
2127 2587 2373 2663 nescire,
2416 2603 2527 2646 nec

282 2691 423 2764 puto
468 2686 626 2762 fore,
670 2691 736 2747 ut
778 2686 895 2746 hoc
939 2687 1178 2748 omnino
1223 2688 1413 2764 possit
1456 2687 1777 2747 enucleari.

448 2782 763 2868 σημαία
819 2789 877 2848 in
939 2789 1148 2849 lexicis
1200 2790 1355 2849 solet
1410 2790 1613 2849 afferri
1673 2791 1845 2867 quasi
1901 2791 2030 2851 sola
2081 2791 2209 2851 eius
2255 2790 2526 2851 vocabuli

280 2891 470 2952 forma
514 2896 581 2953 et
623 2892 920 2968 legitima,
978 2910 1098 2969 quo
1161 2909 1358 2952 rerum
1404 2894 1803 2953 Romanarum
1859 2892 2178 2969 scriptores
2237 2897 2298 2952 et
2356 2894 2529 2970 signa

282 2994 411 3072 ipsa
460 2994 740 3055 militaria
784 2998 844 3054 et
890 2994 1136 3055 militum
1185 3013 1421 3055 manum
1457 2995 1568 3055 sub
1597 2995 1769 3073 signo
1800 2996 2005 3072 aliquo
2036 2995 2527 3071 comprehensam

281 3097 637 3175 significant.
722 3096 841 3157 Sed
889 3097 1387 3174 Dittenbergerus
1432 3116 1523 3158 me
1570 3097 1826 3174 monuit,
1884 3097 2206 3175 genuinam
2250 3097 2531 3156 vocabuli

282 3200 533 3260 formam
599 3217 727 3259 esse
787 3193 1079 3278 σημεία
1138 3200 1240 3260 vel
1300 3192 1511 3279 σημέ
1524 3216 1585 3259 α.
1679 3198 1915 3259 Etenim
1971 3199 2031 3258 in
2081 3200 2237 3259 Mon.
2291 3199 2532 3277 Ancy1·.,

281 3303 443 3380 quod
496 3304 557 3362 in
607 3301 895 3363 eiusmodi
941 3302 1119 3362 rebus
1148 3304 1432 3362 accurata
1460 3303 1763 3379 scriptura
1793 3301 1997 3378 utitur,
2039 3301 2131 3361 bis
2160 3305 2249 3362 est
2292 3295 2532 3381 σημέας

285 3408 379 3483 15,
411 3408 512 3465 23.
568 3408 660 3481 16,
693 3407 758 3482 3,
801 3406 983 3465 semel
1030 3398 1296 3484 σημείας
1347 3408 1440 3482 16,
1474 3408 1570 3483 15,
1617 3421 1920 3483 nunquam
1968 3398 2226 3484 σημαία.
2297 3404 2533 3481 Polybii

282 3506 523 3567 codices
570 3507 776 3583 optimi
804 3506 1135 3567 Vaticanus
1179 3510 1240 3567 et
1268 3506 1531 3568 Urbinas
1575 3525 1812 3584 semper
1840 3506 1967 3567 fere
1999 3507 2223 3568 habent
2266 3502 2531 3587 σημείας

280 3611 473 3671 tribus
524 3612 756 3670 tantum
814 3608 960 3669 locis
1015 3625 1081 3667 αι
1128 3608 1410 3670 traditum
1456 3609 1698 3670 videtur
1743 3613 1798 3689 6,
1843 3613 1942 3689 24,
1989 3613 2046 3671 5.
2093 3614 2148 3671 6.
2218 3614 2315 3688 14,
2358 3615 2416 3686 8,
2462 3611 2533 3686 5;

281 3714 500 3772 ceteris
559 3711 832 3772 omnibus
878 3727 965 3771 et:
1029 3716 1083 3787 1,
1115 3715 1213 3789 33,
1244 3715 1300 3771 9.
1347 3715 1445 3790 34,
1481 3718 1574 3772 11.
1621 3715 1719 3790 40,
1756 3716 1850 3774 10.
1896 3715 1952 3789 2,
1984 3715 2083 3790 31,
2116 3716 2171 3773 5.
2216 3715 2272 3789 3,
2308 3714 2445 3788 105,
2478 3716 2531 3773 6.

286 3818 429 3891 113,
459 3818 514 3874 3.
563 3817 618 3890 6,
651 3816 752 3891 27,
782 3815 841 3872 2.
887 3817 985 3890 28,
1018 3818 1073 3873 3.
1121 3816 1219 3890 33,
1250 3818 1306 3874 9.
1358 3816 1452 3892 15,
1481 3818 1539 3891 4,
1568 3818 1627 3874 4.
1676 3819 1770 3890 18,
1802 3816 1902 3890 25,
1932 3816 1987 3874 5.
2033 3817 2134 3892 26,
2164 3818 2221 3892 2,
2276 3832 2532 3891 quorum

280 3919 343 3978 in
388 3915 700 3976 nonnullis
744 3915 1100 3994 apographa
1143 3915 1361 3976 babent
1406 3910 1669 3995 σημαία,
1713 3920 1780 3976 ut
1809 3917 1853 3977 O
1899 3921 1954 3993 2,
1987 3920 2087 3994 31,
2117 3918 2171 3975 5.
2220 3920 2274 3992 3,
2313 3919 2450 3995 105,
2481 3920 2536 3977 6.

290 4014 429 4094 113,
459 4014 514 4079 3.
560 4015 619 4096 4,
646 4014 749 4094 64,
781 4016 848 4094 73
918 4016 995 4077 13²
1034 4017 1083 4096 1,
1115 4015 1214 4094 33,
1245 4015 1302 4075 9.
1350 4017 1405 4094 4,
1435 4014 1535 4096 64,
1567 4015 1623 4078 7.
1683 4018 1864 4097 Apud
1899 4020 2068 4079 Dion.
2101 4018 2233 4078 Hal.
2264 4020 2322 4078 in
2356 4019 2535 4078 Arcb.

282 4119 452 4180 Rom.
494 4116 555 4198 6,
586 4117 688 4197 77,
747 4139 805 4196 p.
839 4116 978 4198 303,
1009 4117 1088 4178 28
1136 4121 1352 4180 Kiessl.
1412 4123 1504 4181 est
1548 4115 1884 4199 σημαίαις,
1945 4117 2000 4199 8,
2029 4118 2130 4196 65,
2193 4139 2250 4196 p.
2288 4117 2422 4196 183,
2452 4116 2525 4175 21

285 4216 600 4300 σημαίαςς
675 4222 784 4283 sed
853 4225 1104 4300 uterque
1173 4223 1321 4283 liber
1390 4223 1530 4283 Urb.
1595 4227 1657 4283 et
1720 4223 1885 4300 Ohig.
1953 4217 2185 4303 σημεῖα
2256 4222 2537 4281 exhibent

286 4317 344 4400 S,
371 4319 474 4400 64,
515 4343 573 4401 p.
614 4321 751 4403 181,
782 4319 880 4383 30.
925 4319 982 4401 8,
1013 4321 1111 4403 88,
1154 4345 1210 4402 p.
1241 4321 1386 4403 218,
1422 4323 1471 4385 1.
1516 4323 1575 4404 9,
1612 4323 1706 4403 19,
1750 4345 1807 4403 p.
1837 4321 1982 4403 254,
2021 4323 2110 4384 10.
2201 4323 2374 4384 Solus
2421 4324 2529 4383 Ur-
