3166 4871
518 305 641 366 432

517 481 765 540 sirecte
802 480 1099 558 judicavit
1130 478 1560 538 Wilmannsius
1580 474 1628 552 ⁵)
1674 510 1755 520 —-
1803 485 1863 539 et
1905 497 2256 555 persuasum
2306 477 2442 538 mihi
2490 483 2579 538 est
2623 497 2754 538 eum

516 587 682 642 recte
743 581 1056 659 judicasse
1101 611 1187 622 --
1254 599 1461 643 omnes
1527 582 1864 658 praefectos
1933 581 2187 658 legionis
2249 585 2426 640 autea
2492 580 2757 640 ordinem

518 685 760 745 duxisse
806 690 865 745 et
910 685 1299 746 centuriones
1344 684 1547 755 fuisse,
1594 684 1795 744 facere
1842 703 1960 744 non
2008 701 2360 761 possumne,
2417 683 2562 760 quin
2624 702 2758 742 cen-

516 789 881 848 turionatum
945 793 1283 865 equestrem
1346 787 1531 846 fuisse
1591 787 1878 848 honorem
1941 791 2124 864 atque
2193 785 2453 846 infimum
2520 786 2756 862 quidem
2841 777 2851 784 ’

518 890 767 969 gradum
816 892 1152 951 militiarum
1202 891 1571 966 equestrium
1622 893 1922 967 putemus.
2008 888 2198 966 quue
2244 890 2292 949 si
2338 890 2420 949 ita
2463 893 2580 966 est,
2639 907 2756 948 non

518 997 611 1052 est
655 1011 762 1052 cur
809 994 917 1053 hos
962 993 1348 1052 centuriones
1393 993 1657 1069 equestri
1705 992 1917 1052 ordine
1962 991 2145 1052 fuisse
2187 991 2536 1066 infitiemur3
2598 994 2758 1050 certe

517 1095 709 1155 tribus
752 1095 870 1154 illis
916 1095 1107 1155 titulis
1151 1095 1361 1171 (supra
1405 1096 1511 1154 Nr.
1559 1098 1618 1155 9.
1667 1099 1761 1156 10.
1811 1094 1911 1161 11)
1958 1095 2122 1154 nullo
2167 1097 2346 1170 pacto
2392 1097 2617 1153 tantum
2659 1094 2760 1153 tri-

519 1196 817 1258 buendum
852 1201 959 1274 est,
1004 1201 1069 1256 ut
1099 1216 1174 1257 ex
1204 1196 1276 1257 iis
1322 1197 1662 1274 praefectos
1706 1198 1958 1269 legionis
2002 1216 2036 1257 a
2069 1198 2266 1274 caliga
2297 1195 2592 1273 proficisci
2625 1196 2760 1256 soli·

517 1304 611 1360 tos
656 1318 785 1360 esse
833 1299 1276 1360 concludamus.
1295 1298 1345 1372 6)

694 1401 757 1476 2)
806 1404 892 1462 Ea
937 1406 1162 1480 aetate,
1222 1402 1298 1462 de
1362 1421 1484 1479 qua
1526 1404 1745 1478 agitur,
1803 1401 2042 1479 saepius
2087 1407 2520 1478 procuraturae
2565 1401 2761 1478 primi-

518 1505 813 1582 pilaribus
876 1505 1297 1581 adsignantur,
1356 1504 1516 1581 quod
1576 1509 1755 1564 antea
1813 1523 1933 1564 non
1995 1504 2213 1563 factum
2262 1507 2352 1564 est
2395 1503 2476 1577 (V.
2522 1501 2761 1580 supra);

519 1611 968 1684 procuraturaS,
1001 1610 1164 1667 certe
1197 1605 1436 1683 quidem
1469 1607 1744 1682 maj0res,
1777 1625 1907 1665 eum
1941 1610 2143 1666 essent
2163 1625 2412 1666 munera
2442 1606 2762 1682 equestria,

519 1709 887 1788 hominibus,
950 1710 1052 1786 qui
1110 1709 1437 1769 humilibus
1498 1709 1851 1786 parentibus
1919 1709 2043 1768 nati
2117 1713 2318 1779 erant,
2397 1707 2566 1768 datas
2634 1726 2763 1768 esse

518 1831 729 1890 parum
775 1813 1096 1872 verisimile
1142 1816 1252 1872 est.

691 1912 754 1986 3)
800 1914 975 1988 Quod
1022 1916 1079 1974 in
1130 1914 1435 1975 nonnullis
1479 1914 1667 1974 titulis
1712 1914 2011 1973 invenitur
2029 1910 2105 1986 ⁷),
2172 1932 2242 1984 „a
2288 1916 2574 1990 quattuor
2617 1913 2762 1972 mili·

519 2014 652 2076 tiis“
726 2018 1071 2076 necessario
1138 2016 1216 2075 ad
1285 2017 1766 2077 centurionatum
1840 2017 1937 2075 vel
2015 2015 2442 2092 primipilatum
2509 2019 2569 2074 et
2639 2018 2763 2074 tres

523 2120 761 2179 militias
825 2123 1136 2196 equestres
1199 2118 1493 2190 refertur3
1557 2122 1808 2196 apparet
1868 2122 2096 2196 autem,
2154 2119 2286 2179 illos
2355 2137 2426 2190 „a
2480 2121 2765 2195 quattuor

521 2220 779 2281 militiis“
832 2222 1172 2282 militiarum
1223 2221 1453 2282 initium
1504 2241 1538 2280 a
1586 2221 2007 2304 centurionatu
2054 2220 2287 2281 fecisse.

691 2325 961 2384 Fuerunt
1006 2325 1191 2401 igitur
1236 2325 1413 2384 tertio
1459 2325 1700 2385 saeculo
1747 2328 1812 2383 ut
1863 2328 2042 2384 antea
2087 2323 2469 2384 centuriones
2513 2323 2763 2382 honesto

520 2428 652 2488 loco
696 2428 820 2488 nati
865 2433 926 2488 et
969 2428 1070 2505 qui
1120 2447 1155 2487 a
1201 2428 1622 2488 centurionatu
1671 2427 1935 2487 militiam
1984 2427 2272 2504 auspicati
2320 2430 2524 2503 erant3
2567 2429 2762 2486 tamen

524 2549 598 2589 ex
646 2531 736 2608 iis,
784 2548 941 2607 quae
973 2548 1154 2607 snpra
1185 2531 1463 2607 exposita
1493 2534 1651 2608 sunt,
1695 2529 1754 2589 id
1801 2530 2133 2589 institutum
2190 2530 2301 2589 hac
2343 2532 2539 2587 aetate
2585 2528 2766 2603 plane

522 2631 821 2691 diversum
868 2631 1050 2691 fuisse
1098 2651 1167 2691 ac
1213 2632 1465 2709 pristina
1511 2638 1781 2709 apparet.

691 2734 837 2795 Cum
897 2734 1050 2794 enim
1097 2738 1274 2793 antea
1332 2736 1626 2811 angustiis
1682 2734 1767 2794 rei
1814 2734 2115 2793 familiaris
2160 2732 2575 2792 adolescentes
2621 2749 2767 2790 non-

522 2836 667 2895 nulli
733 2836 923 2896 coacti
985 2837 1132 2915 sint,
1194 2841 1260 2896 ut
1325 2836 1625 2914 dignitate
1689 2837 1951 2913 equestri
2014 2835 2285 2912 deposita
2344 2836 2420 2893 ab
2483 2832 2767 2893 inferiore

522 2956 768 2998 munere
815 2939 1272 2997 centurionatus
1316 2938 1680 3015 inciperent,
1715 2939 1840 3015 jam
1889 2936 2191 3011 omnibus,
2250 2936 2352 3013 qui
2398 2934 2454 2994 id
2505 2938 2767 3011 agerent,

521 3044 588 3099 ut
636 3040 711 3100 ad
758 3040 1197 3118 praefecturam
1244 3041 1527 3118 legionis,
1572 3058 1728 3116 quae
1768 3058 1996 3099 summa
2025 3039 2206 3099 fiebat
2236 3038 2495 3115 dignitas
2526 3035 2768 3095 militiae

522 3144 927 3220 provincialis,
973 3143 1377 3220 pervenirent,
1412 3163 1445 3202 a
1478 3141 1896 3203 centurionatu
1929 3141 2333 3218 incipiendum
2367 3145 2526 3210 erat;
2571 3157 2768 3216 neque

525 3246 633 3305 hos
680 3245 965 3315 homines,
1016 3264 1147 3305 cum
1197 3245 1673 3305 centurionatum
1730 3245 1966 3321 inirent,
2024 3248 2361 3320 equestrem
2417 3242 2765 3318 dignitatem

522 3348 756 3407 exuisse
816 3348 1138 3407 verisimile
1195 3352 1312 3424 est,
1383 3348 1559 3406 immo
1623 3365 1767 3407 vero
1832 3346 2282 3406 centurionatus
2346 3344 2579 3403 infimus
2640 3348 2770 3402 erat

523 3451 812 3509 honorum
863 3449 1243 3526 equestrium.
1319 3450 1563 3526 Tamen,
1610 3468 1684 3508 ne
1729 3449 1863 3525 quis
1906 3450 2094 3525 putet,
2140 3465 2344 3508 omnes
2391 3447 2768 3507 centuriones

694 3683 739 3747 ⁶)
774 3680 807 3733 l.
845 3696 891 3735 c.
931 3696 983 3749 p.
1030 3685 1142 3734 101.

694 3769 738 3831 ⁶)
777 3766 940 3820 Falso
990 3766 1163 3835 igitur
1209 3765 1611 3820 Wilmannsius
1664 3763 2006 3818 conclusisse
2057 3761 2286 3815 videtur
2339 3762 2397 3828 (l.
2434 3777 2478 3815 c.
2527 3777 2578 3828 p.
2623 3763 2768 3827 100:

523 3866 717 3906 omnes
770 3851 1041 3922 praefecti
1090 3851 1367 3920 legionum
1425 3850 1711 3920 stipendia
1772 3848 2152 3903 centurioniea
2213 3845 2490 3914 fecerunt,
2549 3851 2612 3898 ut
2673 3860 2770 3899 eos

522 3936 772 3991 homines
824 3937 1000 3991 fuisse
1048 3941 1315 4005 appareat
1362 3935 1653 3989 humiliore
1709 3935 1832 3988 loco
1881 3939 2069 4001 natos,
2117 3933 2212 4001 qui
2247 3932 2378 3986 iude
2414 3948 2447 3984 a
2483 3930 2663 3999 caliga
2698 3930 2771 3984 ad

526 4022 669 4076 hunc
717 4021 898 4075 locum
946 4020 1331 4089 pervenerint3
1391 4026 1541 4074 recte
1578 4035 1714 4073 vero
1751 4016 2181 4072 Hirschfeldius.
2221 4018 2253 4070 l.
2293 4033 2339 4069 c.
2377 4034 2431 4085 p.
2471 4020 2596 4070 249:
2652 4015 2773 4070 Seit

523 4104 827 4173 Septimius
864 4105 1107 4160 Severus
1142 4092 1322 4160 bildet
1359 4105 1460 4159 das
1499 4104 1892 4171 Centurionat‚
1931 4102 2131 4157 einmal
2171 4102 2307 4156 oder
2345 4100 2592 4155 mehrere
2630 4100 2771 4153 Male

525 4189 825 4258 bekleidet,
865 4191 965 4244 das
1002 4195 1151 4244 erste
1185 4189 1490 4245 ritterliche
1526 4189 1896 4243 Militaramw‘

699 4279 743 4343 ⁷)
777 4275 907 4329 vide
944 4274 1239 4345 Marquard
1281 4276 1311 4328 l.
1348 4290 1394 4329 c.
1434 4272 1485 4327 11
1524 4290 1577 4343 p.
1615 4277 1728 4327 366.
1769 4277 1814 4325 4.
