3166 4871
565 313 648 374 62
1560 305 1827 362 Zacher

734 487 927 563 Supra
953 485 1231 563 vidimus,
1277 503 1583 562 nunquam
1624 484 2098 544 terminationem
2130 500 2293 562 αιος,
2337 483 2632 561 siquidem
2663 501 2808 543 vera

565 594 657 651 est
716 590 1085 666 terminatio,
1153 589 1368 648 mutari
1431 606 1565 648 cum
1628 603 1781 657 ειυς.
1887 585 2291 661 Quamobrem
2359 587 2570 646 merito
2633 584 2807 645 valde

564 695 775 753 mirum
822 690 1139 752 videbatur
1183 691 1439 751 Abi-enti
1483 689 1655 749 Aeol.
1709 686 1842 766 188,
1889 689 2052 767 quod
2095 691 2156 749 in
2202 687 2344 750 dial.
2372 690 2580 750 Boeot.
2626 707 2806 759 „non-

564 795 731 854 nulla
758 794 1011 870 gentilia
1040 793 1220 870 vulgo
1252 794 1312 852 in
1358 808 1505 862 αιος
1548 791 1833 852 exeuntia
1874 793 1936 851 in
1965 791 2156 852 titulis
2187 808 2243 850 ει
2275 809 2385 869 pro
2417 808 2485 849 αι
2515 790 2806 851 habent“:

561 879 924 968 Άθανεῑος,
961 892 1256 969 Θειβεῑος
1284 895 1359 954 al.
1430 895 1643 971 Itaque
1680 912 1863 970 quum
1908 913 1966 972 p.
2001 890 2120 951 188
2165 892 2466 954 Boeckhio
2511 891 2596 971 (p.
2627 885 2807 965 721b)

564 999 895 1059 assentiens
954 997 1256 1076 duplicem
1329 996 1633 1074 quendam
1694 997 2092 1057 Boeotismum
2161 996 2608 1073 agnoscendum
2676 1013 2808 1056 esse

563 1102 884 1177 putaverit,
930 1119 1051 1177 quo
1096 1117 1138 1179 η
1183 1099 1456 1160 boeotice
1502 1118 1576 1158 ex
1623 1116 1691 1157 αι
1736 1103 1942 1158 natum
1991 1117 2149 1159 nova
2187 1100 2511 1160 mutatione
2541 1098 2810 1159 boeotica

563 1205 622 1263 iu
672 1220 729 1261 ει
773 1203 1089 1279 transierit,
1134 1204 1276 1263 Dor.
1309 1198 1430 1258 520
1479 1220 1545 1263 se
1590 1201 1766 1262 valde
1806 1202 2004 1262 vereri
2036 1203 2135 1279 ait,
2184 1219 2263 1262 ne
2291 1201 2632 1263 terminatio
2678 1218 2810 1273 ειος

567 1305 789 1382 ubique
834 1304 1161 1382 legentium
1208 1304 1398 1365 errori
1444 1303 1756 1364 debeatur.
1827 1303 1946 1364 Sed
1976 1303 2227 1365 Boekhii
2260 1305 2558 1365 sententia
2602 1303 2812 1381 procul

566 1408 746 1467 dubio
814 1411 983 1468 recta
1043 1412 1150 1467 est.
1247 1407 1404 1467 Nam
1474 1425 1656 1484 quum
1713 1407 1951 1467 Boeotis
2012 1405 2084 1465 H
2140 1407 2516 1468 litteraturae
2581 1408 2810 1468 ionicae

565 1514 809 1570 sonaret
853 1519 920 1570 ut
961 1504 994 1569 ὲ
1020 1509 1531 1587 francogallicum,¹
1574 1507 1682 1568 ΕΙ
1720 1514 1787 1569 ut
1815 1508 2083 1586 francog.
2113 1505 2148 1568 ό
2190 1509 2445 1583 (Beerm.
2487 1528 2545 1587 p.
2575 1507 2656 1568 28
2680 1507 2811 1588 sq.)‚

568 1616 631 1673 et
675 1630 859 1689 quum
907 1612 1045 1672 huic
1089 1612 1346 1673 dialecto
1400 1613 1711 1690 proprium
1765 1610 1978 1689 fuisse,
2036 1616 2103 1673 ut
2145 1613 2439 1673 vetustius
2482 1609 2516 1672 ὲ
2558 1616 2813 1673 mutaret

564 1716 626 1775 in
671 1710 707 1774 έ
746 1733 823 1775 ex
881 1717 1107 1775 recenti
1164 1714 1468 1791 scriptura
1510 1712 1619 1774 EI
1656 1733 1765 1792 pro
1810 1716 2137 1776 vetustiore
2183 1712 2246 1774 Ε
2283 1716 2461 1792 longo
2504 1720 2810 1792 appareat,

564 1817 743 1878 facile
773 1817 900 1878 fieri
931 1819 1146 1895 potuit,
1190 1822 1256 1878 ut
1285 1818 1592 1878 recentius
1638 1836 1882 1895 quoque
1907 1813 1944 1878 ὲ
1985 1836 2061 1878 ex
2105 1819 2438 1880 vetustiore
2481 1820 2544 1878 αἱ
2586 1817 2809 1877 factum

564 1919 754 1997 (quod
799 1918 867 1979 H
903 1920 1299 1998 scribebatur,
1342 1924 1409 1981 ut
1451 1921 1511 1979 in
1565 1918 2006 1999 ΘΕΙΒΗΟΙ),
2047 1920 2298 1981 eandem
2329 1925 2639 1998 pateretur
2684 1939 2807 1981 mn·

562 2024 847 2085 tationem
912 2026 971 2083 et
1030 2024 1088 2083 in
1153 2019 1188 2083 ἐ
1246 2022 1469 2099 abiret,
1529 2040 1784 2099 eamque
1844 2022 1921 2083 ob
1981 2040 2223 2083 causam
2285 2022 2388 2083 EI
2427 2024 2810 2085 scriberetur.

565 2126 778 2203 Itaque
833 2144 906 2187 ex
976 2121 1268 2186 Τήὲὺαὶοε
1312 2122 1759 2197 (ΘΕΒΑΙΟΣ
1796 2130 1913 2185 vet.
1956 2123 2065 2198 lit.)
2117 2125 2346 2186 factum
2405 2130 2499 2187 est
2550 2120 2810 2186 rubeos

567 2225 1014 2301 (ΘΕΙΒΗΟΣ
1052 2247 1188 2290 nov.
1231 2221 1365 2307 lit.)‚
1409 2228 1550 2288 hinc
1603 2222 1864 2287 Theodos
1906 2225 2432 2302 (ΘΕΙΒΕΙΟΣ).
2516 2229 2692 2302 Quod
2735 2246 2808 2289 eo

565 2330 936 2409 probabilius
979 2331 1247 2407 videtur,
1306 2330 1469 2408 quod
1511 2332 1570 2390 in
1617 2331 2044 2391 recentissimis
2088 2334 2320 2391 tantum
2365 2332 2553 2392 tituiis
2597 2349 2654 2391 ει
2696 2350 2808 2409 pro

565 2452 607 2514 η
636 2433 740 2494 ἰΙΙο
772 2432 932 2511 quod
963 2433 1024 2493 in
1057 2434 1250 2494 locum
1284 2452 1354 2492 αι
1384 2433 1745 2512 diphthongi
1771 2434 2064 2495 successit
2090 2434 2378 2512 scriptum
2423 2440 2516 2496 est
2555 2433 2811 2508 (Beerm.

566 2556 626 2614 p.
657 2532 781 2609 36).
850 2536 1026 2597 Hanc
1071 2536 1455 2597 mutationem
1498 2555 1622 2596 non
1650 2536 1931 2596 traditam
1975 2554 2106 2597 esse
2148 2537 2264 2597 nisi
2307 2538 2367 2598 in
2403 2522 2851 2608 Aoavetog'

573 2636 703 2698 Θει
715 2635 757 2712 β
771 2655 801 2697 ε
813 2643 887 2696 το
899 2656 959 2716 ς,
989 2637 1152 2716 quod
1174 2643 1373 2699 autem
1396 2639 1581 2716 vulgo
1602 2639 1780 2699 huius
1797 2640 2142 2700 mutationis
2165 2641 2500 2719 exemplum
2521 2640 2812 2700 afferatur

576 2734 997 2820 Ταναγρείων
1041 2742 1384 2818 genetivum
1430 2741 1509 2818 pl.
1540 2759 1672 2801 esse
1716 2761 1754 2802 a
1805 2730 2182 2819 Ταναγρεύς
2225 2742 2604 2819 declinatum,
2647 2746 2811 2804 recte

570 2842 800 2903 monuit
843 2844 1074 2903 Beerm.
1103 2862 1163 2920 p.
1194 2839 1305 2920 363
1349 2862 1462 2922 pro
1493 2838 1938 2917 Λεβαδειεὶοις
1982 2849 2180 2905 autem
2226 2842 2342 2918 (K2
2372 2841 2513 2917 35⁰)
2558 2862 2634 2904 ex
2664 2861 2811 2922 apo-

567 2946 801 3023 grapho
847 2944 1170 3005 Leakeano
1218 2946 1540 3034 legendum
1586 2963 1720 3006 esse
1763 2936 2210 3026 Λεβαδειήοις.
