3166 4871
2552 307 2673 368 145

422 478 482 537 in
530 478 850 537 Persarum
900 477 1102 538 fabula
1149 483 1331 540 extat
1420 478 1672 557 Singula
1717 496 1863 540 vero
1907 478 2323 558 descriptionis
2375 483 2673 541 momenta

423 583 567 640 sunt
611 579 788 639 haec:
846 579 1281 642 Themistocles
1325 580 1473 642 dolo
1515 599 1662 642 usus
1705 582 1961 642 Xerxem
2007 580 2217 643 incitat
2259 581 2335 641 ad
2380 583 2670 659 proelium

423 680 939 754 committendum
1000 684 1172 744 cuius
1228 683 1456 745 consilii
1497 683 1748 745 insidias
1794 702 1914 745 non
1959 682 2330 762 perspiciens
2374 684 2668 763 proelium

421 784 624 862 parari
668 784 765 845 ille
825 786 1017 865 iubet,
1077 787 1246 848 iussa
1315 791 1513 848 autem
1559 785 1705 847 facit
1748 787 2066 848 exercitus.
2106 816 2195 828 -—
2237 786 2443 849 Naves
2485 787 2671 866 igitur

420 887 803 949 instruuntur
847 888 920 948 ad
966 890 1261 967 proelium
1279 934 1296 969 ,
1346 894 1471 952 tum
1517 890 1840 951 Persarum
1900 889 2102 951 classis
2157 889 2414 952 navibus
2457 888 2669 952 solutis

420 987 498 1048 ad
557 989 786 1051 hostem
859 991 1276 1071 proficiscitur.
1402 991 1617 1054 Graeci
1683 991 2208 1071 appropinquant,
2279 1011 2402 1053 non
2474 992 2665 1054 timidi

418 1091 503 1152 ilii
550 1091 659 1153 sed
703 1093 883 1154 alacri
934 1095 1129 1156 animo
1175 1099 1235 1156 et
1282 1094 1595 1173 pugnandi
1642 1093 1969 1173 cupiditate
2013 1095 2359 1173 flagrantes.

591 1195 747 1255 Tum
792 1201 1161 1258 concurrunt
1204 1198 1502 1276 utrimque
1547 1215 1735 1258 naves
1781 1200 1842 1258 et
1884 1197 2092 1274 proelii
2140 1195 2501 1259 diiudicatur
2543 1196 2663 1261 for·

417 1301 559 1358 tuna
608 1296 875 1361 Graecae
920 1299 1226 1361 cuiusdam
1272 1300 1444 1362 navis
1488 1299 1649 1361 felici
1691 1299 1978 1373 victoria,
2022 1299 2192 1364 cuius
2252 1304 2487 1363 terrore
2528 1319 2663 1380 per·

418 1400 659 1461 turbata
701 1402 1020 1464 Persarum
1067 1403 1227 1464 acies
1272 1422 1408 1465 mox
1452 1402 1769 1481 praecipiti
1810 1401 1990 1481 fugae
2033 1420 2100 1465 se
2145 1402 2409 1466 mandat.

588 1502 800 1583 Capita
841 1505 1021 1567 huius
1065 1506 1509 1585 descriptionis,
1550 1525 1628 1567 ex
1660 1506 1880 1585 quibus
1920 1511 2120 1568 cetera
2149 1506 2350 1568 omnia
2375 1506 2662 1585 pendent,

415 1604 575 1666 facili
621 1608 861 1685 negotio
917 1607 1188 1669 invenies
1231 1608 1413 1670 hacc:
1465 1609 1682 1670 Xerxis
1736 1608 2152 1671 credulitatem
2195 1613 2383 1687 atque
2426 1609 2661 1670 temeri·

414 1711 627 1781 tatem,
673 1709 993 1772 Persarum
1053 1712 1432 1773 temerarium
1477 1717 1539 1773 et
1582 1711 1910 1791 superbum
1956 1729 2294 1790 accessum,
2335 1712 2666 1790 gloriosam.

413 1811 778 1873 Graecorum
822 1814 1071 1891 primam
1117 1816 1448 1894 victoriam,
1492 1833 1671 1893 qnam
1717 1814 1864 1894 fuga
1906 1814 2165 1876 hostium
2211 1814 2501 1893 sequitur.

582 1913 672 1975 Ac
702 1914 894 1977 tribus
923 1917 1016 1978 his
1047 1918 1342 1996 capitibus
1378 1936 1578 1979 rerum
1611 1917 1857 1979 totidem
1898 1916 2272 1997 respondent
2314 1917 2660 1995 praesentia

413 2016 719 2078 historica:
776 2025 1133 2098 προφωνεῖ
1143 2067 1162 2093 ,
1205 2013 1484 2080 πλέουσι
1503 2067 1521 2095 ,
1566 2005 1984 2098 ἀποθραύει,
2037 2023 2105 2081 ut
2154 2019 2498 2097 Aeschylea
2540 2020 2655 2080 iam

406 2115 806 2199 perspiciatur
833 2122 1048 2181 eximia
1078 2140 1196 2202 ars,
1243 2141 1365 2201 qua
1393 2126 1514 2183 tam
1545 2127 1825 2184 accurate
1865 2140 1962 2184 res
1993 2122 2263 2200 singulas
2294 2122 2657 2201 disposuerit

407 2227 649 2302 tamque
694 2223 857 2284 facili
909 2224 1086 2286 modo
1146 2244 1304 2304 quae
1365 2225 1604 2304 potiora
1648 2243 1928 2304 quaeque
1987 2223 2272 2286 inferiora
2323 2226 2526 2286 essent
2565 2224 2653 2285 in-

408 2324 725 2400 dicaverit,
791 2334 857 2389 ut
913 2327 1276 2390 admirabilis
1335 2328 1712 2390 describendi
1771 2328 2022 2389 variatio
2068 2330 2130 2389 et
2173 2326 2449 2405 gradatio
2492 2325 2655 2388 efflo-

407 2428 595 2490 ruerit
610 2425 705 2495 ⁴⁷).

577 2533 768 2594 Etiam
815 2553 1055 2613 pugnae
1100 2535 1157 2595 in
1206 2535 1514 2615 Psyttalea
1558 2535 1754 2596 insula
1812 2535 2157 2596 commissae
2202 2533 2528 2612 descriptio
2572 2533 2648 2594 si·

406 2634 525 2694 mili
569 2636 746 2698 modo
790 2641 882 2698 est
924 2638 1212 2699 instituta.
1297 2639 1453 2700 Tres
1498 2638 1715 2699 iterum
1760 2642 1964 2717 partes
2009 2636 2478 2715 distinguuntur.

573 2739 835 2800 Primum
899 2740 1053 2801 enim
1101 2742 1334 2802 Xerxes
1397 2741 1561 2803 iubet
1605 2740 1973 2819 Psyttaleam
2032 2740 2287 2801 insulam
2345 2737 2650 2817 occupari,

403 2840 620 2902 Graeci
663 2861 809 2903 vero
853 2841 1011 2903 facili
1046 2844 1288 2921 negotio
1319 2844 1453 2905 illos
1496 2842 1782 2921 redigunt
1823 2843 1897 2903 ad
1937 2842 2425 2903 internecionem.
2510 2839 2646 2915 Quo

402 2942 562 3006 facto
608 2946 837 3006 Xerxes
880 2946 1296 3023 desperatione
1341 2949 1555 3025 captus
1599 2946 1731 3023 ipse
1775 2944 1958 3023 fugae
2001 2945 2237 3022 signum
2282 2942 2402 3003 dat.

569 3046 844 3109 Totidem
930 3047 1145 3108 iterum
1212 3048 1583 3126 respondent
1650 3047 1993 3126 praesentia
2059 3064 2117 3106 v.
2169 3046 2310 3107 450.
2379 3037 2645 3123 πέμπει,

399 3169 453 3208 v.
498 3153 622 3212 465
667 3145 964 3224 παίουσι,
1009 3147 1485 3229 κρεοκοποῦσι,
1531 3169 1588 3211 v.
1631 3153 1775 3212 470.
1819 3139 1970 3229 ἵησι.
2017 3179 2102 3188 —

569 3253 691 3313 Iam
750 3253 1027 3331 sequitur
1096 3251 1276 3331 fugae
1348 3251 1690 3331 descriptio.
1803 3252 2065 3312 Primum
2122 3253 2215 3311 est
2274 3247 2438 3328 quod
2497 3247 2643 3325 fuga

396 3356 721 3434 suscipitur
781 3375 837 3417 v.
882 3359 1023 3419 481.
1072 3347 1379 3436 αἴρονται
1422 3344 1653 3434 φυγήν
1692 3387 1777 3395 -
1821 3358 1946 3415 tum
2000 3352 2165 3432 quod
2216 3352 2278 3414 in
2322 3349 2642 3430 Strymone

396 3459 766 3520 transeundo
824 3461 934 3520 toti
1004 3460 1296 3520 exercitui
1355 3460 1634 3520 interitus
1698 3457 1967 3520 imminet
2025 3476 2080 3519 V.
2124 3460 2269 3519 496.
2325 3443 2639 3536 πήγνυσι,

395 3559 654 3640 tertium,
696 3561 859 3641 quod
904 3565 1226 3641 superatur
1269 3561 1604 3641 periculum
1651 3561 1795 3623 illud
1829 3564 2161 3623 extremum
2205 3579 2264 3622 v.
2293 3561 2437 3622 501.
2464 3551 2641 3639 περᾷ

392 3661 955 3745 κρυσταλλοπῆγα
1000 3653 1109 3724 διὰ
1148 3652 1389 3744 πόρον.

564 3768 776 3846 Itaque
822 3785 1022 3828 rerum
1067 3767 1315 3841 initium,
1362 3766 1686 3846 fastigium,
1731 3767 1954 3828 exitum
1999 3765 2303 3844 praesenti
2344 3760 2632 3825 historico

389 3870 630 3948 egregie
673 3869 834 3931 haud
879 3871 1195 3948 negaveris
1237 3873 1524 3933 notatum.

557 4103 630 4169 ⁴⁷)
664 4098 750 4158 Cf.
774 4100 1007 4157 Kuhner
1030 4102 1064 4156 1.
1085 4102 1118 4158 Ι.
1143 4105 1309 4174 5386,
1331 4107 1381 4158 6.
1431 4101 1655 4167 „Dutch
1681 4101 1872 4158 diesen
1893 4099 2153 4158 Wechsel
2179 4101 2281 4156 der
2297 4097 2631 4155 Zeitformen

386 4186 527 4241 wird
562 4186 662 4241 der
705 4185 1074 4242 historischen
1110 4186 1427 4258 Erziihlung
1470 4186 1562 4243 die
1608 4191 1829 4258 grtisste
1872 4184 2297 4256 Lebhaftigkeit
2344 4184 2445 4239 der
2488 4183 2627 4240 Dar·

385 4271 634 4341 stellung
668 4271 784 4327 und
821 4271 913 4328 die
947 4271 1154 4328 seinste
1187 4270 1549 4345 Schattirung
1583 4272 1687 4330 des
1723 4269 2068 4329 Ausdrucks
2102 4269 2432 4328 vernonem*
