3166 4871
543 273 662 335 152

706 447 902 522 Atque
963 444 1314 504 ordiendum
1376 446 1616 523 quidem
1668 450 1758 505 est
1803 467 1837 505 a
1885 445 2245 506 Cleandro
2292 450 2352 504 ct
2400 447 2775 522 Mynnisco

530 546 975 624 tragoediarum
1035 547 1370 624 actoribus,
1430 547 1648 624 quibus
1709 548 2047 624 Aeschylus
2107 566 2249 608 usus
2321 565 2449 607 esse
2523 547 2780 607 traditur

532 655 710 719 (auct.
743 650 842 708 vit.
871 649 1099 709 Aesch:
1145 634 1467 726 ἐχρήσατο
1502 638 1895 727 δ’ὑποκριτῇ
1934 639 2193 729 πρώτῳ
2236 644 2360 727 μὲν
2389 640 2776 727 Κλεάνδρῳ,

533 742 758 811 ἔπειτα
809 745 920 809 καὶ
980 735 1298 828 δεύτερον
1347 735 1535 830 αὐτῷ
1593 747 1913 829 προσῆψε
1967 745 2366 811 Μυννίσκον
2424 742 2549 811 τὸν
2598 749 2778 810 Χαλ-

535 848 721 913 κιδέα
750 853 876 926 -).
965 854 1058 913 De
1092 853 1386 913 Cleandro
1418 854 1703 930 Aeschyli
1749 862 1952 914 actore
1998 854 2145 914 nihil
2188 855 2443 932 amplius
2488 854 2770 913 traditum

535 958 753 1017 inveni.
841 957 1055 1016 Exstat
1099 957 1271 1015 etiam
1324 957 1380 1015 in
1427 957 1595 1016 Dem.
1638 974 1722 1017 or.
1755 957 1814 1015 in
1848 956 2059 1017 Eubul.
2098 959 2173 1017 18
2209 957 2509 1017 Cleander
2554 958 2780 1032 histri0‚

534 1079 712 1137 quem
757 1058 1145 1135 'Py1whittius
1195 1058 1513 1124 (animadv.
1558 1059 1617 1117 in
1653 1060 1830 1118 Arist.
1864 1063 2016 1136 poet.
2063 1078 2121 1136 p.
2156 1057 2300 1129 179)
2347 1058 2601 1119 eundem
2647 1076 2778 1119 esse

535 1163 819 1240 opinatur
863 1179 994 1220 cum
1043 1160 1326 1236 Aeschyli
1374 1165 1610 1231 actore,
1670 1161 2002 1220 Bursianus
2047 1158 2198 1234 (1.1.)
2245 1165 2408 1220 recte
2455 1162 2531 1220 ab
2577 1180 2647 1222 eo
2695 1161 2776 1220 di·

535 1264 799 1341 stinguit.
885 1261 986 1324 Or.
1018 1263 1166 1322 Eub.
1200 1264 1235 1322 l.
1269 1264 1302 1321 l.
1350 1263 1715 1339 Euxitheus‚
1759 1263 1915 1322 filius
1963 1263 2237 1323 Thucriti
2280 1263 2620 1341 Halimnsii‚
2680 1264 2775 1323 cui

538 1366 867 1427 Eubulides
912 1365 1378 1426 Halimusiorum
1425 1365 1783 1426 demarchus
1828 1367 2130 1426 civitatem
2161 1367 2397 1426 atticam
2428 1365 2777 1443 abjudicare

536 1475 785 1529 conatus
829 1476 942 1540 est,
996 1469 1194 1527 verbis
1255 1452 1766 1540 »διαβεβλήκασι
1812 1456 1939 1546 γάρ
1984 1484 2118 1545 μου
2167 1457 2287 1526 τὸν
2331 1461 2624 1547 πατέρα,
2687 1454 2778 1537 ὡς

536 1563 861 1646 ἐξένισεν·
927 1562 1041 1627 καὶ
1096 1553 1202 1628 ὅτι
1245 1561 1365 1646 μὲν
1413 1554 1612 1640 ἁλοὺς
1656 1555 1793 1628 ὑπὸ
1855 1566 1999 1628 τῶν
2060 1563 2411 1646 πολεμίων
2464 1557 2600 1628 ὑπὸ
2654 1558 2777 1627 τὸν

539 1660 933 1733 Δεκελεικὸν
998 1660 1299 1748 πόλεμον
1370 1665 1478 1729 καὶ
1545 1666 1836 1750 πραθεὶς
1897 1664 1989 1742 εἰς
2044 1661 2356 1731 Λευκάδα
2416 1661 2777 1749 Κλεάνδρῳ

539 1760 919 1855 περιτυχών
969 1771 1068 1853 τῷ
1122 1760 1456 1850 ὑποκριτῇ
1514 1760 1686 1852 πρὸς
1747 1760 1908 1844 τοὺς
1962 1769 2254 1846 οἰκείους
2307 1764 2532 1853 ἐσώθη
2578 1768 2776 1851 δεῦρο

536 1873 899 1955 πολλοστῷ
939 1861 1189 1955 χρόνῳ,
1230 1870 1820 1955 παραλελοίπασιν
1870 1876 1986 1916 —-“
2056 1878 2470 1938 demonstrare
2526 1876 2776 1951 orditur,

541 1984 767 2060 patrem
814 1997 984 2040 snum
1033 1980 1221 2039 civem
1269 1979 1514 2039 atticum
1561 1978 1775 2056 fnisse,
1819 1997 1939 2040 non
1993 1979 2426 2058 alienigenam3
2500 1977 2778 2040 Cleandri

543 2084 847 2143 histrionis
892 2100 1079 2158 opera
1122 2083 1398 2143 effectum
1445 2099 1575 2142 esse
1608 2082 1763 2154 dicit,
1809 2086 1877 2142 ut
1906 2083 2060 2159 patri
2094 2101 2127 2142 e
2157 2082 2507 2159 captivitate
2539 2081 2776 2141 domum

541 2185 738 2247 redire
767 2185 993 2245 liceret.
1038 2214 1120 2223 —
1165 2183 1516 2261 Euxitheus‚
1561 2202 1741 2261 quum
1776 2184 1941 2252 ,hello
1975 2184 2234 2244 Deceleo
2280 2182 2342 2256 (a
2370 2181 2521 2256 413)
2567 2188 2778 2261 captus

538 2282 901 2364 πολλοστῷ
946 2284 1180 2347 demum
1207 2275 1435 2364 χρόνῳ
1464 2275 1638 2364 πρὸς
1666 2275 1826 2357 τοὺς
1855 2278 2147 2357 οἰκείους
2178 2283 2485 2365 σωθῆναι
2529 2286 2781 2363 dicatur,

541 2396 602 2452 et
632 2389 959 2451 Eubulides
987 2389 1268 2450 Euxithei
1314 2388 1852 2466 peregrinationem
1902 2407 2018 2450 non
2066 2390 2179 2450 nisi
2226 2389 2510 2451 diuturna
2553 2389 2779 2461 fuisset,

542 2493 617 2554 ad
664 2493 935 2553 Thucriti
980 2491 1280 2551 civitatem
1342 2491 1400 2550 in
1460 2491 1858 2567 suspicionem
1906 2492 2233 2553 vocandam
2283 2492 2556 2569 proferre
2600 2510 2780 2552 ausus

542 2600 718 2672 esset,
763 2596 862 2654 vix
907 2598 1047 2654 ante
1094 2593 1230 2653 belli
1275 2592 1772 2670 Peloponnesiaci
1818 2593 1995 2654 finem
2043 2594 2283 2654 domum
2330 2595 2524 2656 rediit·
2619 2596 2778 2669 „Pri-

542 2699 710 2758 mus‘⁴
743 2701 942 2757 autem
972 2695 1253 2772 Aeschyli
1286 2696 1511 2774 histrio,
1556 2697 1839 2772 quoniam
1884 2701 2063 2773 poeta
2102 2716 2154 2756 a.
2186 2701 2308 2758 525
2351 2704 2527 2757 natus
2572 2716 2624 2757 a.
2654 2700 2777 2758 456

544 2804 815 2860 mortuus
873 2804 996 2875 est,
1056 2800 1153 2858 vix
1214 2802 1351 2875 post
1394 2817 1449 2857 a.
1492 2801 1618 2860 500
1665 2803 1842 2858 natus
1903 2804 2007 2860 est.
2096 2799 2231 2873 Qua
2275 2799 2350 2861 de
2395 2819 2608 2871 cansa,
2669 2800 2778 2860 nisi

542 2903 814 2963 histrioni
845 2902 1186 2978 Aeschyleo
1232 2900 1473 2960 nimium
1517 2919 1811 2961 annornm
1845 2920 2156 2962 numerum
2200 2903 2462 2963 tribuere
2492 2903 2778 2973 volumus,

541 3006 696 3066 duos
756 3005 938 3065 fuisse
986 3003 1315 3066 Cleandros
1371 3004 1689 3064 histriones
1735 3007 2001 3065 statuere
2046 3005 2330 3082 cogimur.
2421 3005 2776 3067 Cleandrum

543 3109 798 3168 alterum
844 3106 1115 3185 ejusdem
1163 3106 1345 3166 fuisse
1389 3105 1646 3166 civitatis
1691 3124 1762 3166 ac
1806 3107 2161 3168 Thucritum
2207 3108 2241 3166 i.
2289 3125 2339 3167 e.
2381 3108 2596 3167 atticae
2642 3106 2779 3166 inde

538 3214 822 3288 apparet,
877 3210 1037 3287 quod
1101 3213 1165 3269 ut
1206 3208 1534 3268 Thucritus
1594 3209 1651 3268 in
1714 3207 2043 3269 libertatem
2105 3209 2513 3269 vindicaretur
2570 3214 2781 3268 auctor

539 3313 685 3390 suit;
758 3312 1012 3372 eundem
1086 3315 1210 3370 tum
1287 3310 1570 3387 temporis
1645 3310 1926 3372 Leucade
1995 3310 2154 3388 quod
2224 3311 2439 3371 Graeci
2502 3311 2781 3371 dicebant

544 3408 692 3489 „gazi
733 3409 924 3493 ξένης
965 3396 1496 3491 ὑποκριθῆναι“,
1541 3432 1900 3490 quamquam
1936 3432 1968 3473 e
2001 3414 2036 3473 l.
2068 3414 2107 3472 l.
2138 3413 2334 3473 evinci
2380 3413 2606 3490 nequit,
2640 3413 2779 3489 jure

539 3517 794 3578 fortasse
842 3517 1053 3575 statuit
1099 3515 1591 3575 Westermannus
1636 3513 1799 3587 (adn.
1845 3516 1919 3575 ad
1967 3515 2116 3575 Eub.
2149 3512 2312 3593 1.l.);
2357 3516 2461 3593 qui
2506 3516 2780 3591 exemplo

539 3620 716 3679 affert
763 3618 1203 3677 Aristodemum
1250 3622 1311 3676 et
1353 3618 1814 3694 Neoptolemum
1862 3618 2303 3695 tragoediarum
2349 3621 2603 3695 actores,
2665 3619 2778 3676 De·

544 3720 870 3781 mosthenis
937 3717 1242 3795 aequales,
1323 3736 1475 3794 quos
1543 3718 1890 3796 saepissime
1955 3720 2193 3780 fabulas
2264 3737 2518 3797 peregre
2584 3720 2779 3798 egisse

542 3828 802 3900 constat;
869 3820 974 3881 sed
1033 3819 1153 3894 jam
1215 3820 1326 3880 snb
1392 3822 1592 3898 quarti
1665 3822 1890 3882 saeculi
1958 3823 2190 3883 initium
2260 3820 2654 3900 Callippidem
2721 3826 2781 3880 et

540 3927 946 3986 Nicostratum
1000 3915 1142 3993 „exi
1187 3919 1377 4002 ξένης
1427 3909 1929 4002 ὕποκριθῆναι“
1985 3942 2017 3984 e
2063 3925 2345 4000 Polyaen.
2402 3929 2564 3985 strat.
2613 3928 2669 4002 6,
2701 3930 2780 3985 10

540 4027 699 4100 (coll.
740 4028 888 4087 Xen.
936 4025 1071 4086 hell.
1114 4029 1171 4103 4,
1216 4028 1272 4096 8,
1322 4022 1426 4097 18)
1477 4025 1845 4102 intelligitur,
1891 4046 2010 4104 quo
2057 4026 2214 4087 infra
2257 4031 2641 4087 revertemur.

712 4130 896 4190 Plura
954 4128 1029 4188 de
1092 4129 1283 4189 altero
1327 4128 1612 4204 Aeschyli
1660 4129 1948 4190 histrione
1992 4129 2297 4199 audimus,
2343 4129 2418 4189 de
2465 4130 2778 4206 Mynnisco

544 4233 932 4294 Chalcidensi.
1046 4231 1233 4309 Cujus
1293 4228 1368 4289 de
1430 4237 1695 4307 tempore
1756 4234 2041 4292 certiores
2101 4250 2211 4292 nos
2269 4233 2414 4291 l'acit
2470 4233 2778 4309 inscriptio
