3166 4871
531 278 654 339 304

533 470 785 528 rumque
829 453 889 512 in
933 452 1225 513 infinitivo
1272 451 1501 512 adiecto
1547 454 1702 514 inest
1739 452 2095 530 significatio
2126 453 2419 525 movendi,
2463 454 2558 513 vel
2588 453 2767 514 eundi

531 555 629 613 vel
673 553 918 614 videndi
960 556 1060 614 vel
1105 573 1224 632 quo
1267 557 1517 616 affectus
1546 556 1724 615 animi
1757 556 2179 633 depinguntur.
2267 559 2326 616 in
2359 557 2767 617 libertinorum

535 658 853 735 colloquiis
885 658 999 718 hoc
1030 659 1276 719 verbum
1310 659 1495 719 octies
1544 660 1844 719 invenitur
1884 660 1966 718 ita
2012 664 2381 738 usurpatum,
2424 664 2491 720 ut
2535 679 2572 720 a
2616 680 2769 719 com-

536 760 697 819 muni
747 777 858 820 usu
923 779 1042 819 non
1091 761 1351 820 recedat.
1440 765 1498 821 et
1557 762 1797 821 omnino
1854 780 1973 821 uon
2033 761 2208 821 modo
2256 780 2374 821 non
2420 767 2565 839 puto
2608 762 2769 822 huuc

533 863 1076 939 frequentissimum
1130 863 1292 924 verbi
1339 865 1612 938 coepisse
1656 883 1826 924 usum
1860 865 2122 941 vulgaris
2152 869 2257 924 aut
2286 865 2594 925 familiaris
2640 884 2771 925 esse

532 967 859 1043 sermonis,
917 965 1020 1025 sed
1070 967 1414 1027 Petronium
1477 966 1591 1025 hac
1635 986 1701 1026 re
1746 985 2075 1026 sermonem
2123 968 2544 1044 elegantiorem
2592 972 2772 1046 atque

533 1068 910 1127 urbaniorem
976 1067 1233 1129 reddere
1294 1069 1555 1129 voluisse
1614 1069 1995 1146 crediderim,
2054 1070 2401 1147 praesertim
2460 1089 2592 1130 cum
2647 1089 2772 1130 sae-

532 1171 769 1247 pissime
816 1170 1047 1230 adiecto
1111 1172 1284 1245 coepi
1337 1173 1655 1233 verborum
1712 1173 1804 1231 vis
1864 1171 2299 1248 quodammodo
2346 1177 2635 1249 mut-etur,
2692 1173 2773 1231 ita

535 1277 601 1331 ut
647 1292 756 1332 nos
804 1273 959 1332 haud
1009 1291 1146 1332 raro
1206 1273 1360 1333 illam
1423 1274 1873 1351 significationis
1917 1275 2306 1346 variationem
2353 1274 2608 1335 reddere
2655 1295 2773 1335 non

536 1374 850 1451 possimus.
951 1376 1280 1435 Strelitzius
1352 1375 1412 1449 (1.
1469 1396 1517 1437 c.
1586 1396 1641 1453 p.
1687 1373 1837 1449 633)
1900 1377 2062 1436 hunc
2122 1395 2293 1436 usum
2357 1395 2486 1436 cum
2553 1378 2774 1438 aoristo

532 1496 750 1553 graeco
799 1481 1117 1554 comparat.
1208 1481 1406 1555 aptius
1464 1480 1828 1540 Kuehnerus
1875 1476 1955 1554 (11
2001 1480 2035 1549 ξ
2069 1483 2224 1556 242,
2271 1484 2331 1550 3)
2392 1480 2632 1541 videtur
2690 1481 2775 1540 sic

535 1581 901 1656 explicasse,
965 1586 1031 1640 ut
1073 1581 1177 1640 sit:
1238 1581 1371 1640 eine
1418 1582 1898 1658 Umscbreibung
1954 1583 2060 1642 des
2107 1582 2615 1643 beschreibenden
2664 1585 2773 1643 Im-

535 1682 799 1759 perfects
859 1683 962 1741 mit
1007 1682 1376 1742 Ruecksicbt
1432 1683 1545 1743 auf
1596 1683 1712 1744 den
1759 1684 2001 1761 Anfang
2047 1686 2156 1745 der
2200 1684 2543 1762 Handlung.
2631 1686 2771 1745 illud

534 1789 736 1844 autem
771 1785 944 1844 nobis
975 1784 1100 1844 fere
1129 1785 1463 1845 inauditum
1510 1786 1769 1863 videtur,
1813 1787 1975 1864 quod
2020 1786 2178 1863 apud
2214 1788 2575 1865 Petronium,
2621 1789 2777 1847 sicut

536 1889 713 1947 etiam
762 1886 921 1963 apud
955 1887 1274 1947 nonnullos
1306 1889 1452 1948 alios
1483 1891 1804 1965 scriptores
1843 1888 1936 1962 (ut
1965 1888 2312 1951 Ciceronem
2358 1895 2416 1949 et
2446 1888 2776 1962 Senecam),

534 2008 965 2066 nonnunquam
1015 1989 1238 2066 legitur
1284 1992 1459 2065 coepi
1502 1992 1656 2051 velle
1715 2011 1846 2050 cum
1896 1990 2184 2051 infinitivo
2229 1991 2383 2051 alius
2427 1992 2595 2052 verbi
2640 2011 2774 2052 eon-

533 2093 818 2150 iunctum.
924 2091 997 2151 cf.
1060 2110 1109 2150 c.
1157 2095 1220 2154 9:
1283 2094 1483 2167 coepit
1542 2094 1688 2152 mihi
1747 2094 1891 2153 velle
1943 2084 2238 2167 pudorem
2300 2098 2660 2167 extorquere
2718 2099 2777 2154 et

537 2215 584 2253 c.
640 2197 755 2255 70:
800 2195 918 2252 iam
963 2199 1250 2268 coeperat
1295 2196 1637 2254 Fortunata
1682 2197 1832 2255 velle
1872 2197 2105 2255 saltare
2148 2195 2232 2269 (et
2277 2196 2545 2255 similiter
2588 2217 2637 2255 c.
2668 2200 2778 2258 98:

540 2297 744 2370 incipe
787 2298 941 2356 velle
983 2300 1290 2366 servare),
1380 2298 1540 2375 quod
1590 2298 1636 2357 si
1684 2316 1792 2358 nos
1823 2299 2159 2357 accuratius
2188 2297 2444 2357 reddere
2485 2299 2777 2370 volumus,

537 2401 733 2477 longis
778 2400 1098 2460 verborum
1145 2400 1490 2475 ambagibus
1536 2419 1690 2477 opus
1736 2406 1843 2461 est.
1870 2398 1938 2470 ¹⁰)

707 2500 957 2579 Saepius
1004 2501 1222 2561 deinde
1268 2504 1604 2563 invenimus
1650 2492 1891 2563 verbum
1939 2508 2157 2563 notare
2201 2522 2236 2561 a
2281 2504 2562 2565 Petronio
2608 2522 2777 2564 usur-

533 2608 740 2681 patum
804 2622 914 2681 pro
974 2604 1463 2669 animadvertere.
1555 2605 1788 2664 omissis
1833 2606 2022 2665 tribus
2068 2606 2247 2676 locis,
2308 2607 2528 2683 quibus
2574 2613 2775 2666 notum

540 2706 799 2766 reddere
844 2705 1170 2782 significat,
1215 2706 1692 2783 quattuordecim
1739 2707 1967 2784 iuveni,
2011 2707 2224 2783 quibus
2270 2711 2374 2766 aut
2417 2713 2632 2768 notare
2675 2713 2780 2769 aut

534 2807 655 2867 sibi
699 2812 915 2866 notare
972 2806 1069 2879 (cf.
1115 2826 1162 2867 c.
1210 2813 1246 2869 6
1294 2808 1381 2885 [9,
1427 2809 1556 2887 10],
1606 2814 1723 2871 103
1772 2810 1947 2886 [126,
1991 2811 2079 2887 31,
2128 2814 2242 2870 111
2302 2809 2480 2886 [138‚
2522 2807 2617 2882 31)
2670 2830 2777 2887 pro

537 2911 1016 2970 animadvertere
1078 2910 1334 2986 positum
1395 2915 1505 2970 est..
1607 2912 1712 2971 sed
1777 2912 1872 2970 bic
1946 2930 2090 2972 usus
2155 2912 2332 2971 etiam
2394 2912 2556 2989 apud
2632 2914 2778 2972 alios

535 3015 889 3091 scriptore8‚
947 3032 1288 3090 quanquam
1352 3014 1574 3085 rarius,
1638 3016 1954 3074 invenitur.
2043 3013 2145 3086 (cf.
2209 3016 2469 3075 Reiuesii
2520 3016 2655 3075 adn.
2699 3015 2775 3074 ad

539 3137 585 3174 c.
619 3120 696 3176 67
746 3136 803 3193 p.
832 3121 955 3177 437
1003 3118 1219 3184 Burm.‚
1265 3117 1366 3192 qui
1414 3116 1577 3176 locos
1625 3119 1797 3176 affert
1840 3136 1874 3175 e
1920 3116 2223 3186 Cicerone,
2270 3117 2512 3177 Valerio
2544 3118 2778 3194 Flacc0‚

537 3219 747 3280 Gellio.
794 3218 867 3278 cf.
913 3219 1088 3279 etiam
1136 3218 1314 3278 Beck.
1359 3237 1415 3295 p.
1452 3218 1615 3291 139.)

713 3323 1004 3400 Denique,
1052 3328 1115 3381 ut
1158 3321 1218 3381 id
1266 3340 1384 3381 uno
1431 3321 1613 3382 verbo
1660 3327 1917 3398 tangam,
1962 3322 2281 3381 Petronius
2320 3341 2578 3399 quoque,
2624 3323 2779 3382 sicut

541 3473 646 3480 ——
669 3472 750 3478 --.-

719 3572 781 3634 ¹⁰)
816 3569 979 3623 Haud
1019 3570 1256 3622 alienum
1295 3569 1402 3623 erit
1446 3568 1546 3622 bac
1593 3569 1887 3623 occasione
1922 3569 2109 3622 oblata
2144 3568 2409 3624 adnotare
2446 3569 2592 3623 huuc
2630 3571 2779 3638 pleo-

537 3656 829 3717 nasticum‚
867 3663 928 3708 ut
965 3654 1046 3707 ita
1081 3654 1282 3720 dicam,
1319 3655 1477 3708 verbi
1515 3655 1770 3726 coepisse
1805 3671 1963 3708 usum
2002 3671 2071 3709 ne
2107 3654 2176 3708 ab
2213 3654 2434 3722 anglica
2460 3655 2683 3724 quidem
2721 3662 2780 3709 et

537 3758 570 3793 a
618 3740 904 3795 theodisca
952 3740 1119 3793 medii
1166 3740 1287 3793 aevi
1347 3741 1558 3809 linguis
1608 3740 1849 3794 alienum
1904 3755 2044 3794 esse.
2136 3739 2193 3792 iu
2249 3740 2588 3794 carminibus
2635 3741 2776 3795 enim

538 3826 715 3894 epicis
753 3825 907 3878 XIII.
946 3831 1001 3879 et
1037 3825 1190 3878 XIV.
1228 3840 1372 3880 saec.
1422 3825 1634 3879 similes
1678 3823 1949 3878 formulae
1998 3841 2106 3878 non
2144 3824 2223 3877 ita
2260 3841 2381 3878 raro
2418 3824 2779 3880 inveniuntur

538 3919 594 3965 et
630 3912 807 3979 magis
834 3910 994 3966 etiam
1035 3910 1091 3965 id
1130 3911 1427 3964 observavi
1467 3912 1525 3964 in
1562 3911 1804 3965 carmine
1841 3910 2060 3978 anglico
2096 3909 2337 3979 quodam
2374 3911 2579 3964 saeculi
2606 3910 2780 3976 XIII„

538 3998 686 4067 quod
737 3985 1062 4051 inscribitur
1105 3996 1192 4050 Sir
1240 3997 1528 4051 'l'ristrem.
1575 3995 1672 4063 (cf.
1710 3994 2023 4050 Gottfrieds
2060 4012 2169 4050 von
2208 3996 2537 4064 Strassburg
2573 3996 2778 4050 Werke

541 4084 796 4151 herausg.
835 4100 886 4136 v.
925 4100 975 4136 v.
1003 4083 1056 4135 d.
1083 4082 1291 4152 Hagen.
1319 4082 1370 4135 Π
1408 4087 1496 4135 ¹23
1519 4087 1700 4151 seqq.)
1736 4081 1791 4133 in
1832 4081 1936 4135 hoc
1972 4081 2214 4135 carmine
2252 4081 2481 4136 verbum
2515 4099 2631 4150 qun
2663 4097 2778 4136 sae-

539 4169 768 4237 pissime
815 4168 1008 4223 eodem
1056 4169 1220 4221 modo
1267 4177 1570 4236 usurpatur
1615 4177 1785 4236 atquc
1832 4168 2015 4237 coepit
2059 4183 2091 4221 a
2137 4167 2413 4222 Petronia
2486 4163 2691 4236 cf.l9,
2719 4172 2777 4236 ῖς
2864 4243 2873 4250 0

547 4261 619 4322 10,
646 4259 707 4322 33
749 4260 824 4322 15,
852 4260 908 4323 43
953 4259 1026 4322 17,
1051 4259 1080 4306 2
1117 4254 1320 4307 multos
1356 4253 1495 4306 alios
1531 4253 1701 4307 locos
