<?xml version="1.0" encoding="UTF-8"?>
<!DOCTYPE html PUBLIC "-//W3C//DTD XHTML 1.0 Transitional//EN"
    "http://www.w3.org/TR/xhtml1/DTD/xhtml1-transitional.dtd">
<html xmlns="http://www.w3.org/1999/xhtml" xml:lang="en" lang="en">
 <head>
  <title>
</title>
<meta http-equiv="Content-Type" content="text/html;charset=utf-8" />
  <meta name='ocr-system' content='tesseract 3.04.00' />
  <meta name='ocr-capabilities' content='ocr_page ocr_carea ocr_par ocr_line ocrx_word'/>
</head>
<body>
  <div class='ocr_page' id='page_1' title='image "./dissertationesp00hallgoog_0416.png"; bbox 0 0 3166 4871; ppageno 0'>
   <div class='ocr_carea' id='block_1_1' title="bbox 571 267 659 368">
    <p class='ocr_par' dir='ltr' id='par_1_1' title="bbox 571 267 659 368">
     <span class='ocr_line' id='line_1_1' title="bbox 571 267 659 368; baseline 0 -40"><span class='ocrx_word' id='word_1_1' title='bbox 571 267 659 368; x_wconf 54' lang='lat'><em>§4</em></span> 
     </span>
    </p>
   </div>
   <div class='ocr_carea' id='block_1_2' title="bbox 746 422 2602 620">
    <p class='ocr_par' dir='ltr' id='par_1_2' title="bbox 746 422 2602 620">
     <span class='ocr_line' id='line_1_2' title="bbox 746 422 2541 518; baseline -0.001 -20"><span class='ocrx_word' id='word_1_2' title='bbox 746 427 842 511; x_wconf 71' lang='grc' dir='ltr'><em>ὥς</em></span> <span class='ocrx_word' id='word_1_3' title='bbox 884 428 1051 498; x_wconf 79' lang='grc' dir='ltr'><em>ποτέ</em></span> <span class='ocrx_word' id='word_1_4' title='bbox 1093 457 1194 510; x_wconf 89' lang='grc' dir='ltr'><em>τις</em></span> <span class='ocrx_word' id='word_1_5' title='bbox 1241 429 1413 518; x_wconf 79' lang='grc' dir='ltr'><em>ἐρέει</em></span> <span class='ocrx_word' id='word_1_6' title='bbox 1454 434 1562 498; x_wconf 84' lang='grc' dir='ltr'><em>καὶ</em></span> <span class='ocrx_word' id='word_1_7' title='bbox 1613 428 2075 517; x_wconf 80' lang='grc' dir='ltr'><em>ἐπεσσομένων</em></span> <span class='ocrx_word' id='word_1_8' title='bbox 2123 422 2541 517; x_wconf 74' lang='grc' dir='ltr'><em>ἀνθρώπων·</em></span> 
     </span>
     <span class='ocr_line' id='line_1_3' title="bbox 747 526 2602 620; baseline -0.001 -19"><span class='ocrx_word' id='word_1_9' title='bbox 747 527 963 612; x_wconf 79' lang='grc' dir='ltr'><em>δεινὸς</em></span> <span class='ocrx_word' id='word_1_10' title='bbox 1008 529 1162 617; x_wconf 82' lang='grc' dir='ltr'><strong><em>ὄφις</em></strong></span> <span class='ocrx_word' id='word_1_11' title='bbox 1205 531 1576 620; x_wconf 78' lang='grc' dir='ltr'><strong><em>τριέλικτος</em></strong></span> <span class='ocrx_word' id='word_1_12' title='bbox 1623 526 1932 600; x_wconf 72' lang='grc' dir='ltr'><em>ἀπώλετο</em></span> <span class='ocrx_word' id='word_1_13' title='bbox 1982 535 2173 619; x_wconf 87' lang='grc' dir='ltr'><em>δουρὶ</em></span> <span class='ocrx_word' id='word_1_14' title='bbox 2222 535 2602 619; x_wconf 86' lang='grc' dir='ltr'><em>δαμασθείς.</em></span> 
     </span>
    </p>
   </div>
   <div class='ocr_carea' id='block_1_3' title="bbox 743 727 2427 929">
    <p class='ocr_par' dir='ltr' id='par_1_3' title="bbox 743 727 2427 929">
     <span class='ocr_line' id='line_1_4' title="bbox 1635 727 1771 788; baseline 0.007 -1"><span class='ocrx_word' id='word_1_15' title='bbox 1635 727 1771 788; x_wconf 80' lang='grc'><strong>106.</strong></span> 
     </span>
     <span class='ocr_line' id='line_1_5' title="bbox 743 830 2427 929; baseline -0.002 -20"><span class='ocrx_word' id='word_1_16' title='bbox 743 839 857 929; x_wconf 81' lang='grc' dir='ltr'><em>Μὴ</em></span> <span class='ocrx_word' id='word_1_17' title='bbox 901 844 1070 909; x_wconf 87' lang='grc' dir='ltr'><em>κίνει</em></span> <span class='ocrx_word' id='word_1_18' title='bbox 1116 843 1533 928; x_wconf 82' lang='grc' dir='ltr'><em>Καμερίναν·</em></span> <span class='ocrx_word' id='word_1_19' title='bbox 1586 832 1906 927; x_wconf 73' lang='grc' dir='ltr'><em>ἀκίνητος</em></span> <span class='ocrx_word' id='word_1_20' title='bbox 1949 832 2072 926; x_wconf 79' lang='grc' dir='ltr'><em>γάρ</em></span> <span class='ocrx_word' id='word_1_21' title='bbox 2121 830 2427 924; x_wconf 79' lang='grc' dir='ltr'><em>ἀμείνων.</em></span> 
     </span>
    </p>
   </div>
   <div class='ocr_carea' id='block_1_4' title="bbox 1632 1035 1768 1097">
    <p class='ocr_par' dir='ltr' id='par_1_4' title="bbox 1632 1035 1768 1097">
     <span class='ocr_line' id='line_1_6' title="bbox 1632 1035 1768 1097; baseline 0.022 -3"><span class='ocrx_word' id='word_1_22' title='bbox 1632 1035 1768 1097; x_wconf 84' lang='grc'><strong>107.</strong></span> 
     </span>
    </p>
   </div>
   <div class='ocr_carea' id='block_1_5' title="bbox 607 1141 2637 1442">
    <p class='ocr_par' dir='ltr' id='par_1_5' title="bbox 607 1141 2637 1442">
     <span class='ocr_line' id='line_1_7' title="bbox 743 1141 2449 1240; baseline -0.004 -23"><span class='ocrx_word' id='word_1_23' title='bbox 743 1141 972 1240; x_wconf 76' lang='grc' dir='ltr'><em>Ἐχθρὲ</em></span> <span class='ocrx_word' id='word_1_24' title='bbox 1017 1146 1525 1236; x_wconf 80' lang='grc' dir='ltr'><em>περικτιόνεσσι,</em></span> <span class='ocrx_word' id='word_1_25' title='bbox 1571 1142 1712 1231; x_wconf 77' lang='grc' dir='ltr'><em>φίλ’</em></span> <span class='ocrx_word' id='word_1_26' title='bbox 1760 1141 2163 1214; x_wconf 76' lang='grc' dir='ltr'><em>ἀθανάτοισι</em></span> <span class='ocrx_word' id='word_1_27' title='bbox 2207 1154 2449 1227; x_wconf 78' lang='grc' dir='ltr'><em>θεοῖσι,</em></span> 
     </span>
     <span class='ocr_line' id='line_1_8' title="bbox 748 1241 2503 1339; baseline -0.002 -20"><span class='ocrx_word' id='word_1_28' title='bbox 748 1254 905 1319; x_wconf 77' lang='grc' dir='ltr'><em>εἴσω</em></span> <span class='ocrx_word' id='word_1_29' title='bbox 951 1250 1074 1318; x_wconf 82' lang='grc' dir='ltr'><em>τὸν</em></span> <span class='ocrx_word' id='word_1_30' title='bbox 1119 1249 1536 1339; x_wconf 80' lang='grc' dir='ltr'><em>προβόλαιον</em></span> <span class='ocrx_word' id='word_1_31' title='bbox 1585 1249 1758 1336; x_wconf 77' lang='grc' dir='ltr'><em>ἔχων</em></span> <span class='ocrx_word' id='word_1_32' title='bbox 1800 1252 2316 1336; x_wconf 79' lang='grc' dir='ltr'><em>πεφυλαγμένος</em></span> <span class='ocrx_word' id='word_1_33' title='bbox 2358 1241 2503 1336; x_wconf 79' lang='grc' dir='ltr'><em>ἧσο,</em></span> 
     </span>
     <span class='ocr_line' id='line_1_9' title="bbox 607 1349 2637 1442; baseline -0.001 -22"><span class='ocrx_word' id='word_1_34' title='bbox 607 1370 622 1392; x_wconf 84' lang='grc'><em>“</em></span> <span class='ocrx_word' id='word_1_35' title='bbox 744 1356 860 1420; x_wconf 89' lang='grc' dir='ltr'><em>καὶ</em></span> <span class='ocrx_word' id='word_1_36' title='bbox 901 1352 1205 1442; x_wconf 85' lang='grc' dir='ltr'><em>κεφαλὴν</em></span> <span class='ocrx_word' id='word_1_37' title='bbox 1248 1351 1597 1437; x_wconf 74' lang='grc' dir='ltr'><em>πεφύλαξο</em></span> <span class='ocrx_word' id='word_1_38' title='bbox 1623 1375 1636 1388; x_wconf 88' lang='grc'><em>·</em></span> <span class='ocrx_word' id='word_1_39' title='bbox 1682 1351 1855 1441; x_wconf 89' lang='grc' dir='ltr'><em>κάρη</em></span> <span class='ocrx_word' id='word_1_40' title='bbox 1903 1354 1973 1420; x_wconf 72' lang='grc' dir='ltr'><em>δὲ</em></span> <span class='ocrx_word' id='word_1_41' title='bbox 2016 1351 2096 1419; x_wconf 84' lang='grc' dir='ltr'><em>τὸ</em></span> <span class='ocrx_word' id='word_1_42' title='bbox 2144 1355 2332 1438; x_wconf 79' lang='grc' dir='ltr'><em>σῶμα</em></span> <span class='ocrx_word' id='word_1_43' title='bbox 2379 1349 2637 1419; x_wconf 80' lang='grc' dir='ltr'><em>σαώσει.</em></span> 
     </span>
    </p>
   </div>
   <div class='ocr_carea' id='block_1_6' title="bbox 629 1544 2637 1852">
    <p class='ocr_par' dir='ltr' id='par_1_6' title="bbox 629 1544 2637 1852">
     <span class='ocr_line' id='line_1_10' title="bbox 1636 1544 1773 1608; baseline 0.015 -2"><span class='ocrx_word' id='word_1_44' title='bbox 1636 1544 1773 1608; x_wconf 83' lang='lat'>108.</span> 
     </span>
     <span class='ocr_line' id='line_1_11' title="bbox 629 1652 2637 1748; baseline -0.001 -21"><span class='ocrx_word' id='word_1_45' title='bbox 629 1662 638 1678; x_wconf 75' lang='lat'>²</span> <span class='ocrx_word' id='word_1_46' title='bbox 750 1657 1030 1747; x_wconf 76' lang='grc' dir='ltr'><em>Φράζεο,</em></span> <span class='ocrx_word' id='word_1_47' title='bbox 1076 1658 1609 1748; x_wconf 81' lang='grc' dir='ltr'><em>βαρβαρόφωνος</em></span> <span class='ocrx_word' id='word_1_48' title='bbox 1653 1652 1821 1727; x_wconf 77' lang='grc' dir='ltr'><em>ὅταν</em></span> <span class='ocrx_word' id='word_1_49' title='bbox 1867 1657 2073 1746; x_wconf 78' lang='grc' dir='ltr'><em>ζυγὸν</em></span> <span class='ocrx_word' id='word_1_50' title='bbox 2114 1660 2206 1738; x_wconf 84' lang='grc' dir='ltr'><em>εἰς</em></span> <span class='ocrx_word' id='word_1_51' title='bbox 2251 1652 2381 1726; x_wconf 71' lang='grc' dir='ltr'><em>ἅλα</em></span> <span class='ocrx_word' id='word_1_52' title='bbox 2424 1656 2637 1742; x_wconf 79' lang='grc' dir='ltr'><em>βάλλῃ</em></span> 
     </span>
     <span class='ocr_line' id='line_1_12' title="bbox 745 1755 2491 1852; baseline -0.001 -22"><span class='ocrx_word' id='word_1_53' title='bbox 745 1762 1063 1845; x_wconf 78' lang='grc' dir='ltr'><em>βύβλινον</em></span> <span class='ocrx_word' id='word_1_54' title='bbox 1109 1756 1401 1851; x_wconf 77' lang='grc' dir='ltr'><em>Εὐβοίης</em></span> <span class='ocrx_word' id='word_1_55' title='bbox 1447 1755 1718 1848; x_wconf 83' lang='grc' dir='ltr'><em>άπέχειν</em></span> <span class='ocrx_word' id='word_1_56' title='bbox 1761 1759 2245 1852; x_wconf 76' lang='grc' dir='ltr'><em>πολυμηκάδας</em></span> <span class='ocrx_word' id='word_1_57' title='bbox 2288 1758 2491 1846; x_wconf 78' lang='grc' dir='ltr'><em>αἶγας.</em></span> 
     </span>
    </p>
   </div>
   <div class='ocr_carea' id='block_1_7' title="bbox 1634 1955 1772 2016">
    <p class='ocr_par' dir='ltr' id='par_1_7' title="bbox 1634 1955 1772 2016">
     <span class='ocr_line' id='line_1_13' title="bbox 1634 1955 1772 2016; baseline 0 0"><span class='ocrx_word' id='word_1_58' title='bbox 1634 1955 1772 2016; x_wconf 84' lang='grc'><strong>109.</strong></span> 
     </span>
    </p>
   </div>
   <div class='ocr_carea' id='block_1_8' title="bbox 736 2062 2468 2261">
    <p class='ocr_par' dir='ltr' id='par_1_8' title="bbox 736 2062 2468 2261">
     <span class='ocr_line' id='line_1_14' title="bbox 736 2062 2360 2158; baseline -0.003 -18.957"><span class='ocrx_word' id='word_1_59' title='bbox 736 2068 918 2157; x_wconf 76' lang='grc' dir='ltr'><em>Ἱμῖν</em></span> <span class='ocrx_word' id='word_1_60' title='bbox 964 2063 1041 2158; x_wconf 79' lang='grc' dir='ltr'><em>δ’,</em></span> <span class='ocrx_word' id='word_1_61' title='bbox 1086 2065 1143 2136; x_wconf 78' lang='grc' dir='ltr'><em>ὦ</em></span> <span class='ocrx_word' id='word_1_62' title='bbox 1186 2068 1503 2157; x_wconf 84' lang='grc' dir='ltr'><em>Σπάρτης</em></span> <span class='ocrx_word' id='word_1_63' title='bbox 1548 2066 1895 2156; x_wconf 82' lang='grc' dir='ltr'><em>οἰκήτορες</em></span> <span class='ocrx_word' id='word_1_64' title='bbox 1943 2062 2360 2157; x_wconf 69' lang='grc' dir='ltr'><em>ειρυχόροιο,</em></span> 
     </span>
     <span class='ocr_line' id='line_1_15' title="bbox 748 2159 2468 2261; baseline 0 -23"><span class='ocrx_word' id='word_1_65' title='bbox 748 2159 787 2261; x_wconf 81' lang='grc' dir='ltr'><em>ἡ</em></span> <span class='ocrx_word' id='word_1_66' title='bbox 828 2176 996 2260; x_wconf 84' lang='grc' dir='ltr'><em>μέγα</em></span> <span class='ocrx_word' id='word_1_67' title='bbox 1041 2167 1208 2240; x_wconf 79' lang='grc' dir='ltr'><em>άστυ</em></span> <span class='ocrx_word' id='word_1_68' title='bbox 1252 2174 1546 2258; x_wconf 75' lang='grc' dir='ltr'><em>ἐρικυδὲς</em></span> <span class='ocrx_word' id='word_1_69' title='bbox 1592 2164 1710 2239; x_wconf 76' lang='grc' dir='ltr'><em>υπ’</em></span> <span class='ocrx_word' id='word_1_70' title='bbox 1758 2165 2037 2261; x_wconf 85' lang='grc' dir='ltr'><em>άνδράσι</em></span> <span class='ocrx_word' id='word_1_71' title='bbox 2084 2173 2468 2260; x_wconf 84' lang='grc' dir='ltr'><em>Περσείδησι</em></span> 
     </span>
    </p>
   </div>
   <div class='ocr_carea' id='block_1_9' title="bbox 577 2318 766 2324">
    <p class='ocr_par' dir='ltr' id='par_1_9' title="bbox 577 2318 766 2324">
     <span class='ocr_line' id='line_1_16' title="bbox 577 2318 766 2324; baseline 0 0"><span class='ocrx_word' id='word_1_72' title='bbox 577 2318 766 2324; x_wconf 95' lang='lat' dir='ltr'><em> </em></span> 
     </span>
    </p>
   </div>
   <div class='ocr_carea' id='block_1_10' title="bbox 577 2381 2824 3079">
    <p class='ocr_par' dir='ltr' id='par_1_10' title="bbox 577 2381 2824 2661">
     <span class='ocr_line' id='line_1_17' title="bbox 749 2381 2820 2464; baseline -0.001 -17"><span class='ocrx_word' id='word_1_73' title='bbox 749 2387 902 2448; x_wconf 81' lang='lat' dir='ltr'><strong>adde</strong></span> <span class='ocrx_word' id='word_1_74' title='bbox 964 2387 1125 2447; x_wconf 83' lang='lat' dir='ltr'><strong>anth.</strong></span> <span class='ocrx_word' id='word_1_75' title='bbox 1183 2385 1309 2446; x_wconf 85' lang='lat' dir='ltr'>Pal.</span> <span class='ocrx_word' id='word_1_76' title='bbox 1356 2385 1493 2446; x_wconf 89' lang='lat' dir='ltr'><em>XIV</em></span> <span class='ocrx_word' id='word_1_77' title='bbox 1541 2381 1641 2446; x_wconf 85' lang='lat'><em>90.</em></span> <span class='ocrx_word' id='word_1_78' title='bbox 1730 2405 1823 2447; x_wconf 81' lang='lat' dir='ltr'><em>vv.</em></span> <span class='ocrx_word' id='word_1_79' title='bbox 1872 2382 2063 2444; x_wconf 84' lang='lat'>1-—3</span> <span class='ocrx_word' id='word_1_80' title='bbox 2124 2389 2364 2446; x_wconf 79' lang='lat' dir='ltr'><strong>exstant</strong></span> <span class='ocrx_word' id='word_1_81' title='bbox 2423 2385 2598 2446; x_wconf 79' lang='lat' dir='ltr'><strong>etiam</strong></span> <span class='ocrx_word' id='word_1_82' title='bbox 2658 2382 2820 2464; x_wconf 79' lang='lat' dir='ltr'><strong>apud</strong></span> 
     </span>
     <span class='ocr_line' id='line_1_18' title="bbox 578 2474 2824 2567; baseline -0.002 -16"><span class='ocrx_word' id='word_1_83' title='bbox 578 2493 755 2551; x_wconf 66' lang='lat' dir='ltr'><strong>Paua.</strong></span> <span class='ocrx_word' id='word_1_84' title='bbox 791 2491 846 2549; x_wconf 82' lang='grc' dir='ltr'><em>ΙΙ</em></span> <span class='ocrx_word' id='word_1_85' title='bbox 879 2486 979 2567; x_wconf 86' lang='grc' dir='ltr'><em>2Ο,</em></span> <span class='ocrx_word' id='word_1_86' title='bbox 1017 2488 1090 2545; x_wconf 88' lang='grc'><em>10</em></span> <span class='ocrx_word' id='word_1_87' title='bbox 1138 2493 1198 2547; x_wconf 83' lang='lat' dir='ltr'><em>et</em></span> <span class='ocrx_word' id='word_1_88' title='bbox 1228 2488 1391 2548; x_wconf 85' lang='lat' dir='ltr'><strong>Suid.</strong></span> <span class='ocrx_word' id='word_1_89' title='bbox 1436 2508 1482 2549; x_wconf 77' lang='lat' dir='ltr'><em>s.</em></span> <span class='ocrx_word' id='word_1_90' title='bbox 1513 2508 1568 2548; x_wconf 87' lang='lat' dir='ltr'><em>v.</em></span> <span class='ocrx_word' id='word_1_91' title='bbox 1609 2474 1978 2547; x_wconf 75' lang='grc' dir='ltr'><em>Τελέσιλλα.</em></span> <span class='ocrx_word' id='word_1_92' title='bbox 2027 2490 2101 2549; x_wconf 81' lang='lat' dir='ltr'><em>cf.</em></span> <span class='ocrx_word' id='word_1_93' title='bbox 2146 2488 2314 2548; x_wconf 78' lang='lat' dir='ltr'><strong>Mun.</strong></span> <span class='ocrx_word' id='word_1_94' title='bbox 2360 2490 2501 2548; x_wconf 86' lang='lat' dir='ltr'>Dor.</span> <span class='ocrx_word' id='word_1_95' title='bbox 2533 2489 2560 2548; x_wconf 92' lang='grc' dir='ltr'><strong>Ι</strong></span> <span class='ocrx_word' id='word_1_96' title='bbox 2591 2507 2649 2566; x_wconf 87' lang='lat' dir='ltr'><em>p.</em></span> <span class='ocrx_word' id='word_1_97' title='bbox 2684 2483 2824 2547; x_wconf 86' lang='lat'><strong>173.</strong></span> 
     </span>
     <span class='ocr_line' id='line_1_19' title="bbox 577 2577 1566 2661; baseline -0.001 -9"><span class='ocrx_word' id='word_1_98' title='bbox 577 2593 636 2652; x_wconf 89' lang='lat' dir='ltr'><em>in</em></span> <span class='ocrx_word' id='word_1_99' title='bbox 685 2612 740 2651; x_wconf 86' lang='lat' dir='ltr'><em>v.</em></span> <span class='ocrx_word' id='word_1_100' title='bbox 773 2591 843 2650; x_wconf 79' lang='lat'><em>5:</em></span> <span class='ocrx_word' id='word_1_101' title='bbox 890 2577 1192 2661; x_wconf 77' lang='grc' dir='ltr'><em>άὲλικτος</em></span> <span class='ocrx_word' id='word_1_102' title='bbox 1236 2591 1398 2651; x_wconf 79' lang='lat' dir='ltr'><strong>anth.</strong></span> <span class='ocrx_word' id='word_1_103' title='bbox 1442 2591 1566 2651; x_wconf 82' lang='lat' dir='ltr'><strong>Pal.</strong></span> 
     </span>
    </p>

    <p class='ocr_par' dir='ltr' id='par_1_11' title="bbox 580 2677 2824 2979">
     <span class='ocr_line' id='line_1_20' title="bbox 748 2677 2819 2771; baseline -0.001 -19"><span class='ocrx_word' id='word_1_104' title='bbox 748 2714 804 2754; x_wconf 84' lang='lat' dir='ltr'><em>v.</em></span> <span class='ocrx_word' id='word_1_105' title='bbox 836 2691 906 2752; x_wconf 84' lang='lat'><em>2:</em></span> <span class='ocrx_word' id='word_1_106' title='bbox 952 2688 1153 2764; x_wconf 82' lang='grc' dir='ltr'><em>κῦδος</em></span> <span class='ocrx_word' id='word_1_107' title='bbox 1202 2677 1484 2771; x_wconf 75' lang='grc' dir='ltr'><em>άρὲσθαι</em></span> <span class='ocrx_word' id='word_1_108' title='bbox 1532 2698 1592 2754; x_wconf 81' lang='lat' dir='ltr'><em>et</em></span> <span class='ocrx_word' id='word_1_109' title='bbox 1634 2695 1692 2753; x_wconf 81' lang='lat' dir='ltr'><em>iu</em></span> <span class='ocrx_word' id='word_1_110' title='bbox 1740 2713 1796 2752; x_wconf 81' lang='lat' dir='ltr'><em>v.</em></span> <span class='ocrx_word' id='word_1_111' title='bbox 1828 2691 1866 2749; x_wconf 85' lang='lat'><strong>4</strong></span> <span class='ocrx_word' id='word_1_112' title='bbox 1913 2681 2006 2763; x_wconf 71' lang='grc' dir='ltr'><em>ὥς</em></span> <span class='ocrx_word' id='word_1_113' title='bbox 2049 2679 2216 2752; x_wconf 78' lang='grc' dir='ltr'><em>ποτέ</em></span> <span class='ocrx_word' id='word_1_114' title='bbox 2266 2710 2364 2763; x_wconf 90' lang='grc' dir='ltr'><em>τις</em></span> <span class='ocrx_word' id='word_1_115' title='bbox 2420 2678 2583 2770; x_wconf 76' lang='grc' dir='ltr'><em>ἐρέει</em></span> <span class='ocrx_word' id='word_1_116' title='bbox 2644 2698 2704 2752; x_wconf 82' lang='lat' dir='ltr'><em>et</em></span> <span class='ocrx_word' id='word_1_117' title='bbox 2759 2693 2819 2751; x_wconf 88' lang='lat' dir='ltr'><em>in</em></span> 
     </span>
     <span class='ocr_line' id='line_1_21' title="bbox 580 2782 2824 2875; baseline -0.002 -19"><span class='ocrx_word' id='word_1_118' title='bbox 580 2796 616 2856; x_wconf 88' lang='lat'>5</span> <span class='ocrx_word' id='word_1_119' title='bbox 664 2791 858 2874; x_wconf 85' lang='grc' dir='ltr'><em>δουρὶ</em></span> <span class='ocrx_word' id='word_1_120' title='bbox 905 2790 1264 2873; x_wconf 86' lang='grc' dir='ltr'><em>δαμασθείς</em></span> <span class='ocrx_word' id='word_1_121' title='bbox 1319 2815 1393 2856; x_wconf 80' lang='lat' dir='ltr'><em>ex</em></span> <span class='ocrx_word' id='word_1_122' title='bbox 1441 2798 1612 2857; x_wconf 88' lang='lat' dir='ltr'><strong>Hom.</strong></span> <span class='ocrx_word' id='word_1_123' title='bbox 1673 2815 1849 2856; x_wconf 78' lang='lat' dir='ltr'><strong>carm.</strong></span> <span class='ocrx_word' id='word_1_124' title='bbox 1906 2795 2221 2875; x_wconf 81' lang='lat' dir='ltr'><strong>depromta</strong></span> <span class='ocrx_word' id='word_1_125' title='bbox 2282 2800 2437 2855; x_wconf 78' lang='lat' dir='ltr'><strong>sunt.</strong></span> <span class='ocrx_word' id='word_1_126' title='bbox 2469 2788 2490 2872; x_wconf 89' lang='grc' dir='ltr'><em>ΙΙ</em></span> <span class='ocrx_word' id='word_1_127' title='bbox 2582 2782 2824 2873; x_wconf 79' lang='grc' dir='ltr'><em>ἄλοχος</em></span> 
     </span>
     <span class='ocr_line' id='line_1_22' title="bbox 581 2884 1443 2979; baseline 0 -21"><span class='ocrx_word' id='word_1_128' title='bbox 581 2884 1009 2979; x_wconf 66' lang='grc' dir='ltr'><em>ἀμφιδρυφής</em></span> <span class='ocrx_word' id='word_1_129' title='bbox 1053 2900 1122 2959; x_wconf 82' lang='lat'><em>11.</em></span> <span class='ocrx_word' id='word_1_130' title='bbox 1153 2893 1443 2977; x_wconf 80' lang='lat'>11700.11</span> 
     </span>
    </p>

    <p class='ocr_par' dir='ltr' id='par_1_12' title="bbox 755 2999 1962 3079">
     <span class='ocr_line' id='line_1_23' title="bbox 755 2999 1962 3079; baseline 0.002 -20"><span class='ocrx_word' id='word_1_131' title='bbox 755 3000 900 3075; x_wconf 85' lang='lat'>106)</span> <span class='ocrx_word' id='word_1_132' title='bbox 946 3003 1112 3064; x_wconf 84' lang='lat' dir='ltr'><strong>Serv.</strong></span> <span class='ocrx_word' id='word_1_133' title='bbox 1156 3000 1251 3062; x_wconf 81' lang='lat' dir='ltr'><em>ad.</em></span> <span class='ocrx_word' id='word_1_134' title='bbox 1295 3004 1477 3079; x_wconf 85' lang='lat' dir='ltr'>Verg.</span> <span class='ocrx_word' id='word_1_135' title='bbox 1521 3003 1671 3063; x_wconf 79' lang='lat' dir='ltr'>Aen.</span> <span class='ocrx_word' id='word_1_136' title='bbox 1700 2999 1962 3062; x_wconf 87' lang='lat'>111701.</span> 
     </span>
    </p>
   </div>
   <div class='ocr_carea' id='block_1_11' title="bbox 756 3089 2960 3182">
    <p class='ocr_par' dir='ltr' id='par_1_13' title="bbox 756 3089 2960 3182">
     <span class='ocr_line' id='line_1_24' title="bbox 756 3089 2960 3182; baseline -0.001 -20"><span class='ocrx_word' id='word_1_137' title='bbox 756 3102 899 3178; x_wconf 82' lang='grc'>107)</span> <span class='ocrx_word' id='word_1_138' title='bbox 954 3106 1095 3164; x_wconf 77' lang='lat' dir='ltr'><strong>Her.</strong></span> <span class='ocrx_word' id='word_1_139' title='bbox 1141 3096 1437 3164; x_wconf 80' lang='lat' dir='ltr'>v&#39;11148:</span> <span class='ocrx_word' id='word_1_140' title='bbox 1504 3089 1773 3182; x_wconf 68' lang='grc' dir='ltr'><em>Ἀργεῖοι</em></span> <span class='ocrx_word' id='word_1_141' title='bbox 1828 3097 1897 3164; x_wconf 76' lang='grc' dir='ltr'><em>δὲ</em></span> <span class='ocrx_word' id='word_1_142' title='bbox 1956 3097 2221 3182; x_wconf 86' lang='grc' dir='ltr'><em>λέγουσι</em></span> <span class='ocrx_word' id='word_1_143' title='bbox 2284 3149 2297 3162; x_wconf 96' lang='grc'><strong>.</strong></span> <span class='ocrx_word' id='word_1_144' title='bbox 2361 3149 2374 3161; x_wconf 93' lang='grc'><strong>.</strong></span> <span class='ocrx_word' id='word_1_145' title='bbox 2438 3091 2821 3181; x_wconf 86' lang='grc' dir='ltr'><em>πυθόμενοι</em></span> <span class='ocrx_word' id='word_1_146' title='bbox 2952 3129 2960 3137; x_wconf 88' lang='grc'>·</span> 
     </span>
    </p>
   </div>
   <div class='ocr_carea' id='block_1_12' title="bbox 574 3193 2826 4311">
    <p class='ocr_par' dir='ltr' id='par_1_14' title="bbox 577 3193 2823 3591">
     <span class='ocr_line' id='line_1_25' title="bbox 580 3193 2823 3295; baseline -0.002 -28"><span class='ocrx_word' id='word_1_147' title='bbox 580 3194 671 3280; x_wconf 76' lang='grc' dir='ltr'><em>ὥς</em></span> <span class='ocrx_word' id='word_1_148' title='bbox 717 3221 920 3283; x_wconf 89' lang='grc' dir='ltr'><em>σφεας</em></span> <span class='ocrx_word' id='word_1_149' title='bbox 965 3199 1028 3266; x_wconf 77' lang='grc' dir='ltr'><em>οἱ</em></span> <span class='ocrx_word' id='word_1_150' title='bbox 1060 3193 1367 3286; x_wconf 83' lang='grc' dir='ltr'><em>Ἕλληνες</em></span> <span class='ocrx_word' id='word_1_151' title='bbox 1410 3198 1836 3286; x_wconf 79' lang='grc' dir='ltr'><em>πειρήσονται</em></span> <span class='ocrx_word' id='word_1_152' title='bbox 1874 3196 2519 3295; x_wconf 71' lang='grc' dir='ltr'><em>παραλαμβάνοντες</em></span> <span class='ocrx_word' id='word_1_153' title='bbox 2560 3197 2664 3265; x_wconf 77' lang='grc' dir='ltr'><em>ἐπὶ</em></span> <span class='ocrx_word' id='word_1_154' title='bbox 2699 3195 2823 3265; x_wconf 83' lang='grc' dir='ltr'><em>τὸν</em></span> 
     </span>
     <span class='ocr_line' id='line_1_26' title="bbox 582 3295 2822 3389; baseline -0.002 -19"><span class='ocrx_word' id='word_1_155' title='bbox 582 3304 878 3389; x_wconf 82' lang='grc' dir='ltr'><em>Πέρσην,</em></span> <span class='ocrx_word' id='word_1_156' title='bbox 923 3304 1181 3387; x_wconf 80' lang='grc' dir='ltr'><em>πέμψαι</em></span> <span class='ocrx_word' id='word_1_157' title='bbox 1227 3299 1667 3388; x_wconf 80' lang='grc' dir='ltr'><em>θεοπρόπους</em></span> <span class='ocrx_word' id='word_1_158' title='bbox 1710 3302 1801 3380; x_wconf 84' lang='grc' dir='ltr'><em>εἰς</em></span> <span class='ocrx_word' id='word_1_159' title='bbox 1847 3295 2140 3384; x_wconf 76' lang='grc' dir='ltr'><em>Δελφοὺς</em></span> <span class='ocrx_word' id='word_1_160' title='bbox 2183 3299 2308 3369; x_wconf 83' lang='grc' dir='ltr'><em>τὸν</em></span> <span class='ocrx_word' id='word_1_161' title='bbox 2351 3298 2523 3367; x_wconf 84' lang='grc' dir='ltr'><em>θεὸν</em></span> <span class='ocrx_word' id='word_1_162' title='bbox 2567 3300 2822 3389; x_wconf 79' lang='grc' dir='ltr'><em>ἐπειρη-</em></span> 
     </span>
     <span class='ocr_line' id='line_1_27' title="bbox 581 3395 2822 3491; baseline 0 -20"><span class='ocrx_word' id='word_1_163' title='bbox 581 3407 932 3490; x_wconf 86' lang='grc' dir='ltr'><em>σομένους·</em></span> <span class='ocrx_word' id='word_1_164' title='bbox 993 3401 1117 3491; x_wconf 80' lang='grc' dir='ltr'><em>τὴν</em></span> <span class='ocrx_word' id='word_1_165' title='bbox 1178 3404 1248 3470; x_wconf 77' lang='grc' dir='ltr'><em>δὲ</em></span> <span class='ocrx_word' id='word_1_166' title='bbox 1295 3406 1566 3491; x_wconf 80' lang='grc' dir='ltr'><em>Πυθίην</em></span> <span class='ocrx_word' id='word_1_167' title='bbox 1632 3395 1895 3470; x_wconf 74' lang='grc' dir='ltr'><em>ἀνελεῖν</em></span> <span class='ocrx_word' id='word_1_168' title='bbox 1949 3401 2136 3470; x_wconf 84' lang='grc' dir='ltr'><em>τάδε·</em></span> <span class='ocrx_word' id='word_1_169' title='bbox 2193 3396 2418 3491; x_wconf 78' lang='grc' dir='ltr'><em>Ἐχθρὲ</em></span> <span class='ocrx_word' id='word_1_170' title='bbox 2478 3409 2620 3472; x_wconf 88' lang='grc' dir='ltr'><em>κτλ.</em></span> <span class='ocrx_word' id='word_1_171' title='bbox 2666 3411 2822 3471; x_wconf 80' lang='lat' dir='ltr'><strong>adde</strong></span> 
     </span>
     <span class='ocr_line' id='line_1_28' title="bbox 577 3509 2263 3591; baseline -0.002 -16"><span class='ocrx_word' id='word_1_172' title='bbox 577 3515 760 3575; x_wconf 83' lang='lat' dir='ltr'><strong>Anth.</strong></span> <span class='ocrx_word' id='word_1_173' title='bbox 805 3514 929 3573; x_wconf 85' lang='lat' dir='ltr'><strong>Pal.</strong></span> <span class='ocrx_word' id='word_1_174' title='bbox 961 3514 1097 3573; x_wconf 88' lang='lat' dir='ltr'><em>XIV</em></span> <span class='ocrx_word' id='word_1_175' title='bbox 1129 3509 1228 3573; x_wconf 83' lang='lat'><em>94.</em></span> <span class='ocrx_word' id='word_1_176' title='bbox 1273 3532 1371 3573; x_wconf 85' lang='lat' dir='ltr'><em>vv.</em></span> <span class='ocrx_word' id='word_1_177' title='bbox 1408 3512 1544 3570; x_wconf 92' lang='lat'><em>1-</em></span> <span class='ocrx_word' id='word_1_178' title='bbox 1560 3510 1600 3571; x_wconf 84' lang='lat'><strong>2</strong></span> <span class='ocrx_word' id='word_1_179' title='bbox 1645 3515 1788 3574; x_wconf 75' lang='lat' dir='ltr'><strong>Eue.</strong></span> <span class='ocrx_word' id='word_1_180' title='bbox 1833 3533 1921 3591; x_wconf 84' lang='lat' dir='ltr'><em>pr.</em></span> <span class='ocrx_word' id='word_1_181' title='bbox 1966 3533 2059 3574; x_wconf 74' lang='lat' dir='ltr'><em>ev·</em></span> <span class='ocrx_word' id='word_1_182' title='bbox 2092 3515 2172 3574; x_wconf 91' lang='lat' dir='ltr'><em>VI</em></span> <span class='ocrx_word' id='word_1_183' title='bbox 2207 3512 2263 3574; x_wconf 88' lang='lat'><em>7.</em></span> 
     </span>
    </p>

    <p class='ocr_par' dir='ltr' id='par_1_15' title="bbox 750 3605 2811 3728">
     <span class='ocr_line' id='line_1_29' title="bbox 750 3605 2811 3728; baseline -0 -54"><span class='ocrx_word' id='word_1_184' title='bbox 750 3614 815 3675; x_wconf 86' lang='lat'><em>3:</em></span> <span class='ocrx_word' id='word_1_185' title='bbox 862 3605 1036 3695; x_wconf 90' lang='grc' dir='ltr'><em>κάρα</em></span> <span class='ocrx_word' id='word_1_186' title='bbox 1066 3616 1229 3677; x_wconf 82' lang='lat' dir='ltr'><strong>anth.</strong></span> <span class='ocrx_word' id='word_1_187' title='bbox 1262 3616 1385 3676; x_wconf 79' lang='lat' dir='ltr'><strong>Pal.</strong></span> <span class='ocrx_word' id='word_1_188' title='bbox 1417 3609 1440 3693; x_wconf 90' lang='grc' dir='ltr'><em>ΙΙ</em></span> <span class='ocrx_word' id='word_1_189' title='bbox 1512 3612 1582 3674; x_wconf 81' lang='lat'><em>2:</em></span> <span class='ocrx_word' id='word_1_190' title='bbox 1628 3610 2141 3695; x_wconf 81' lang='grc' dir='ltr'><em>πεφυλαγμένος</em></span> <span class='ocrx_word' id='word_1_191' title='bbox 2170 3605 2340 3675; x_wconf 81' lang='grc' dir='ltr'><em>εἶναι</em></span> <span class='ocrx_word' id='word_1_192' title='bbox 2370 3617 2435 3676; x_wconf 85' lang='grc' dir='ltr'><strong>ΙΙ.</strong></span> <span class='ocrx_word' id='word_1_193' title='bbox 2466 3613 2566 3694; x_wconf 84' lang='grc'><em>23,</em></span> <span class='ocrx_word' id='word_1_194' title='bbox 2596 3614 2737 3676; x_wconf 87' lang='grc'><strong>343.</strong></span> <span class='ocrx_word' id='word_1_195' title='bbox 2770 3608 2811 3728; x_wconf 75' lang='lat' dir='ltr'><em>ss&lt;</em></span> 
     </span>
    </p>

    <p class='ocr_par' dir='ltr' id='par_1_16' title="bbox 574 3702 2822 3902">
     <span class='ocr_line' id='line_1_30' title="bbox 756 3702 2822 3798; baseline -0 -22"><span class='ocrx_word' id='word_1_196' title='bbox 756 3715 900 3791; x_wconf 86' lang='lat'>108)</span> <span class='ocrx_word' id='word_1_197' title='bbox 946 3720 1087 3781; x_wconf 76' lang='lat' dir='ltr'><strong>Her.</strong></span> <span class='ocrx_word' id='word_1_198' title='bbox 1118 3720 1260 3779; x_wconf 88' lang='lat' dir='ltr'>VIII</span> <span class='ocrx_word' id='word_1_199' title='bbox 1292 3716 1402 3776; x_wconf 84' lang='lat'><em>20:</em></span> <span class='ocrx_word' id='word_1_200' title='bbox 1461 3704 1702 3777; x_wconf 78' lang='grc' dir='ltr'><em>Βάκιδι</em></span> <span class='ocrx_word' id='word_1_201' title='bbox 1749 3703 1877 3798; x_wconf 82' lang='grc' dir='ltr'><em>γὰρ</em></span> <span class='ocrx_word' id='word_1_202' title='bbox 1923 3702 2051 3778; x_wconf 81' lang='grc' dir='ltr'><em>ὧδε</em></span> <span class='ocrx_word' id='word_1_203' title='bbox 2099 3709 2226 3796; x_wconf 79' lang='grc' dir='ltr'><em>ἔχει</em></span> <span class='ocrx_word' id='word_1_204' title='bbox 2271 3713 2425 3796; x_wconf 85' lang='grc' dir='ltr'><em>περὶ</em></span> <span class='ocrx_word' id='word_1_205' title='bbox 2470 3704 2737 3778; x_wconf 70' lang='grc' dir='ltr'><em>τούτων</em></span> <span class='ocrx_word' id='word_1_206' title='bbox 2784 3734 2822 3775; x_wconf 94' lang='grc' dir='ltr'><em>ο</em></span> 
     </span>
     <span class='ocr_line' id='line_1_31' title="bbox 574 3810 2279 3902; baseline -0.001 -22"><span class='ocrx_word' id='word_1_207' title='bbox 574 3811 899 3902; x_wconf 85' lang='grc' dir='ltr'><em>χρησμὸς</em></span> <span class='ocrx_word' id='word_1_208' title='bbox 952 3810 1210 3900; x_wconf 76' lang='grc' dir='ltr'><em>Φράζεο</em></span> <span class='ocrx_word' id='word_1_209' title='bbox 1256 3819 1397 3880; x_wconf 86' lang='grc' dir='ltr'><em>κτλ.</em></span> <span class='ocrx_word' id='word_1_210' title='bbox 1444 3821 1601 3881; x_wconf 78' lang='lat' dir='ltr'><strong>adde</strong></span> <span class='ocrx_word' id='word_1_211' title='bbox 1646 3821 1811 3881; x_wconf 81' lang='lat' dir='ltr'><strong>anth.</strong></span> <span class='ocrx_word' id='word_1_212' title='bbox 1853 3822 1980 3881; x_wconf 81' lang='lat' dir='ltr'><strong>Pal.</strong></span> <span class='ocrx_word' id='word_1_213' title='bbox 2010 3822 2149 3881; x_wconf 87' lang='lat' dir='ltr'><em>XIV</em></span> <span class='ocrx_word' id='word_1_214' title='bbox 2180 3817 2279 3880; x_wconf 86' lang='grc'><strong>97.</strong></span> 
     </span>
    </p>

    <p class='ocr_par' dir='ltr' id='par_1_17' title="bbox 583 3914 2824 4106">
     <span class='ocr_line' id='line_1_32' title="bbox 756 3914 2824 4003; baseline 0 -22"><span class='ocrx_word' id='word_1_215' title='bbox 756 3924 822 3983; x_wconf 85' lang='lat'><em>1:</em></span> <span class='ocrx_word' id='word_1_216' title='bbox 869 3914 1410 4001; x_wconf 82' lang='grc' dir='ltr'><em>βαρβαρόφωνον</em></span> <span class='ocrx_word' id='word_1_217' title='bbox 1467 3929 1526 3983; x_wconf 76' lang='lat' dir='ltr'><em>ot</em></span> <span class='ocrx_word' id='word_1_218' title='bbox 1569 3924 1714 3983; x_wconf 79' lang='lat' dir='ltr'><strong>Her.</strong></span> <span class='ocrx_word' id='word_1_219' title='bbox 1776 3923 1948 3983; x_wconf 77' lang='lat' dir='ltr'><strong>codd.</strong></span> <span class='ocrx_word' id='word_1_220' title='bbox 2008 3929 2068 3984; x_wconf 82' lang='lat' dir='ltr'><em>et</em></span> <span class='ocrx_word' id='word_1_221' title='bbox 2111 3923 2274 3983; x_wconf 77' lang='lat' dir='ltr'><strong>anth.</strong></span> <span class='ocrx_word' id='word_1_222' title='bbox 2320 3924 2445 3984; x_wconf 83' lang='lat' dir='ltr'><strong>Pal.</strong></span> <span class='ocrx_word' id='word_1_223' title='bbox 2478 3917 2500 4001; x_wconf 89' lang='grc' dir='ltr'><em>ΙΙ</em></span> <span class='ocrx_word' id='word_1_224' title='bbox 2575 3917 2824 4003; x_wconf 81' lang='grc' dir='ltr'><em>Καρῶν</em></span> 
     </span>
     <span class='ocr_line' id='line_1_33' title="bbox 583 4013 2400 4106; baseline -0.001 -21"><span class='ocrx_word' id='word_1_225' title='bbox 583 4016 1138 4106; x_wconf 78' lang='grc' dir='ltr'><em>βαρβαροφώνων</em></span> <span class='ocrx_word' id='word_1_226' title='bbox 1181 4026 1247 4085; x_wconf 86' lang='grc'><strong>11.</strong></span> <span class='ocrx_word' id='word_1_227' title='bbox 1279 4026 1337 4085; x_wconf 86' lang='lat'><em>11</em></span> <span class='ocrx_word' id='word_1_228' title='bbox 1371 4021 1512 4089; x_wconf 88' lang='grc'><strong>867.</strong></span> <span class='ocrx_word' id='word_1_229' title='bbox 1544 4020 1565 4102; x_wconf 92' lang='grc' dir='ltr'><em>ΙΙ</em></span> <span class='ocrx_word' id='word_1_230' title='bbox 1641 4014 1928 4105; x_wconf 84' lang='grc' dir='ltr'><em>μηκάδες</em></span> <span class='ocrx_word' id='word_1_231' title='bbox 1971 4013 2147 4104; x_wconf 80' lang='grc' dir='ltr'><em>αἶγες</em></span> <span class='ocrx_word' id='word_1_232' title='bbox 2190 4027 2345 4087; x_wconf 88' lang='lat' dir='ltr'><strong>hom.</strong></span> <span class='ocrx_word' id='word_1_233' title='bbox 2377 4020 2400 4103; x_wconf 87' lang='grc' dir='ltr'><em>ΙΙ</em></span> 
     </span>
    </p>

    <p class='ocr_par' dir='ltr' id='par_1_18' title="bbox 581 4111 2826 4311">
     <span class='ocr_line' id='line_1_34' title="bbox 766 4111 2825 4208; baseline 0 -23"><span class='ocrx_word' id='word_1_234' title='bbox 766 4126 913 4203; x_wconf 77' lang='lat'>109)</span> <span class='ocrx_word' id='word_1_235' title='bbox 971 4130 1115 4189; x_wconf 80' lang='lat' dir='ltr'>Her.</span> <span class='ocrx_word' id='word_1_236' title='bbox 1157 4129 1266 4187; x_wconf 85' lang='lat' dir='ltr'><em>vn</em></span> <span class='ocrx_word' id='word_1_237' title='bbox 1299 4125 1468 4187; x_wconf 68' lang='grc' dir='ltr'><em>’22οε</em></span> <span class='ocrx_word' id='word_1_238' title='bbox 1532 4121 1890 4207; x_wconf 78' lang='grc' dir='ltr'><em>ἐκέχρηστο</em></span> <span class='ocrx_word' id='word_1_239' title='bbox 1950 4111 2086 4188; x_wconf 72' lang='grc' dir='ltr'><em>ὑπὸ</em></span> <span class='ocrx_word' id='word_1_240' title='bbox 2147 4123 2266 4208; x_wconf 86' lang='grc' dir='ltr'><em>τῆς</em></span> <span class='ocrx_word' id='word_1_241' title='bbox 2326 4123 2594 4208; x_wconf 82' lang='grc' dir='ltr'><em>Πυθίης</em></span> <span class='ocrx_word' id='word_1_242' title='bbox 2650 4133 2825 4187; x_wconf 84' lang='grc' dir='ltr'><em>τοῖσι</em></span> 
     </span>
     <span class='ocr_line' id='line_1_35' title="bbox 581 4214 2826 4311; baseline -0.001 -21"><span class='ocrx_word' id='word_1_243' title='bbox 581 4220 1035 4311; x_wconf 77' lang='grc' dir='ltr'><em>Σπαρτιήτῃσι</em></span> <span class='ocrx_word' id='word_1_244' title='bbox 1079 4225 1492 4310; x_wconf 86' lang='grc' dir='ltr'><em>χρεομένοισι</em></span> <span class='ocrx_word' id='word_1_245' title='bbox 1548 4226 1703 4310; x_wconf 84' lang='grc' dir='ltr'><em>περὶ</em></span> <span class='ocrx_word' id='word_1_246' title='bbox 1756 4228 1881 4290; x_wconf 83' lang='grc' dir='ltr'><em>τοῦ</em></span> <span class='ocrx_word' id='word_1_247' title='bbox 1939 4225 2243 4309; x_wconf 88' lang='grc' dir='ltr'><em>πολέμου</em></span> <span class='ocrx_word' id='word_1_248' title='bbox 2286 4219 2543 4289; x_wconf 82' lang='grc' dir='ltr'><em>τούτου</em></span> <span class='ocrx_word' id='word_1_249' title='bbox 2588 4214 2826 4289; x_wconf 66' lang='grc' dir='ltr'><em>αὐτίκα</em></span> 
     </span>
    </p>
   </div>
  </div>
 </body>
</html>
