3166 4871
519 351 604 414 60

1593 522 1693 585 92.

691 632 1037 724 Εὔδαιμον
1079 639 1496 724 πτολίεθρον
1542 634 1692 716 ἑνὸς
1738 632 2028 725 κήρυκος
2072 628 2366 706 άκούειν.
2479 675 2488 685 ·

1593 842 1694 908 93.

694 951 950 1029 Γλαῦκ’
993 962 1425 1048 Επικυδείὸη,
1468 956 1549 1027 τὸ
1593 961 1718 1044 μὲν
1762 954 2001 1026 αὐτίκα
2046 961 2316 1048 κέρδιον
2367 955 2588 1039 οὕτως

694 1057 879 1149 ὅρκῳ
922 1065 1187 1148 νικῆσαι
1233 1065 1345 1128 καὶ
1387 1059 1690 1149 χρήματα
1734 1064 2146 1149 ληίσσασθαι.

694 1161 869 1251 ὄμνυ
914 1165 1057 1232 ἐπεὶ
1106 1156 1407 1244 θάνατός
1451 1189 1521 1251 γε
1567 1166 1682 1230 καὶ
1726 1188 2014 1251 ευορκον
2056 1167 2239 1290 {¹59³}
2283 1161 2518 1254 ἄνδρα.

697 1259 844 1333 ἀλλ’
891 1260 1106 1352 ὅρκου
1150 1265 1310 1346 πάις
1352 1267 1535 1334 ἐστὶν
1580 1258 1952 1392 ἀνώνυμος,
1999 1259 2224 1334 σι’-’δ’
2193 1292 2303 1334 επι
2341 1281 2555 1356 χεῖρες

568 1377 606 1435 5
696 1354 852 1437 οὐδὲ
896 1367 1134 1448 πόδες
1180 1362 1507 1454 κραιπνὸς
1554 1370 1626 1435 δὲ
1667 1370 2054 1457 μετέρχεται
2084 1367 2314 1489 εἰσόκε
2357 1373 2587 1437 πᾶσαν

696 1470 1094 1559 συμμάρψας
1140 1465 1351 1539 ὀλέσει
1395 1468 1629 1559 γενεὴν
1675 1473 1789 1537 καὶ
1833 1464 2102 1538 οἶκον(
2078 1466 2359 1539 άπαντα.

696 1568 939 1661 ἀνδρὸς
984 1567 1042 1641 <5³
1088 1566 1373 1661 εὐόρκου
1420 1566 1611 1661 γενεὴ
1653 1570 2066 1659 μετόπισθεν
2115 1566 2434 1659 ἀμείνων..

1599 1782 1699 1846 94.

701 1895 867 1967 Οἶδα
913 1890 970 1965 ‹5'
1015 1895 1147 1985 ἐγώ
1188 1894 1466 1984 ψάμμου
1509 1890 1567 1965 τ’
1616 1891 1911 2018 ἀριθμὸν
1957 1900 2069 1965 καὶ
2112 1899 2320 1984 μέτρα
2365 1895 2710 1987 θαλάσσης

694 2004 809 2068 καὶ
854 2003 1092 2084 κωφοῦ
1135 2003 1402 2089 συνίημι
1444 2003 1557 2067 καὶ
1602 1994 1685 2068 οὐ
1727 2005 2118 2085 φωνεῦντος
2164 1994 2408 2068 ἀκούω.

697 2096 867 2193 όδμη
907 2095 973 2190 μ’
1018 2103 1083 2182 ἐς
1126 2104 1375 2190 φρένας
1415 2097 1586 2192 ἦλθε
1634 2117 2094 2192 κραταιρινοῑο
2136 2100 2433 2191 χελώνης

700 2344 807 2421 92)
854 2350 1007 2410 Plut.
1053 2355 1205 2427 sept.
1248 2368 1373 2425 sap.
1432 2368 1602 2409 conv.
1635 2349 1773 2409 VII:
1829 2344 1931 2419 τίς
1983 2337 2100 2423 ἄν,
2155 2341 2282 2430 ἔφη
2337 2338 2376 2410 ὁ
2431 2341 2771 2423 Αἴσωπος,

529 2448 635 2512 σοὶ
680 2450 886 2511 τοῦτο
930 2446 1236 2531 πεισθείη
1292 2439 1332 2531 ἢ
1385 2447 1484 2531 τῷ
1538 2448 1681 2530 θεῷ
1727 2441 2054 2529 φράσαντι
2101 2438 2274 2511 κατὰ
2313 2439 2441 2511 τὸν
2482 2443 2656 2533 πρὸς
2700 2447 2771 2511 σὲ

525 2540 855 2634 χρησμὸν·
916 2542 1256 2632 Εῧὸαιμον
1316 2553 1479 2634 κτλ.,
1525 2550 1632 2613 καὶ
1699 2538 1735 2614 ὃ
1795 2545 2077 2614 Σόλων·
2145 2540 2339 2615 Ἀλλὰ
2394 2545 2564 2634 μὴν,
2625 2545 2769 2635 ἔφη,

529 2652 641 2716 καὶ
696 2652 823 2716 νῦν
877 2641 1218 2737 Ἀθηναῖοι
1276 2643 1425 2728 ἑνὸς
1486 2646 1777 2738 κήρυκος
1834 2642 2220 2737 ἀκροῶνται
2276 2651 2389 2716 καὶ
2444 2646 2771 2737 ἄρχοντος

530 2755 654 2819 τοῦ
701 2749 932 2838 νόμου.

712 2860 819 2936 93)
850 2864 992 2923 Her.
1024 2863 1137 2922 Vll
1169 2859 1268 2942 86,
1300 2859 1368 2921 3:
1409 2907 1421 2921 .
1457 2909 1470 2921 .
1507 2859 1815 2933 Γλαῦκος
1853 2856 1922 2922 δὲ
1963 2852 2321 2941 ἐπορεύετο
2354 2856 2446 2934 εἰς
2477 2852 2774 2940 Δελφούς

533 3012 545 3024 .
594 3011 607 3024 .
656 2947 695 3044 ἡ
743 2958 971 3045 Πυθίη
1013 2958 1396 3045 μετέρχεται
1444 2950 1710 3038 [αὐτὸν]
1758 2959 2004 3024 τοισίδε
2051 2957 2268 3024 ἔπεσι·
2329 2951 2575 3025 Γλαῦκ’
2622 2963 2768 3026 κτλ.

532 3065 606 3129 of.
650 3088 707 3146 p.
746 3064 950 3128 1—-3,

702 3169 857 3230 adde
900 3169 1064 3231 anth.
1107 3171 1232 3230 Pal.
1261 3169 1403 3230 XIV
1434 3166 1533 3230 91.
1622 3169 1804 3231 Olem.
1849 3171 1942 3230 Al.
1977 3172 2055 3230 VI
2103 3168 2159 3250 2,
2205 3168 2304 3231 23.
2390 3171 2504 3231 Dio
2552 3165 2772 3250 Chrys.

533 3273 779 3334 LXXIV
831 3291 890 3351 p.
921 3269 1061 3332 400.
1148 3273 1315 3332 Eunt.
1360 3273 1425 3332 ll.
1471 3291 1528 3349 p.
1560 3271 1703 3332 414.
1798 3272 1962 3334 Stob.
2007 3274 2131 3334 flor.
2164 3275 2387 3334 XXVII
2424 3271 2516 3332 14.
2614 3274 2773 3350 Apo·

532 3376 664 3436 stol.
695 3375 754 3436 11
787 3370 944 3436 8411.
1009 3376 1225 3436 Arsen.
1253 3373 1421 3435 XLII
1453 3372 1551 3436 61.
1618 3375 1768 3436 Plat.
1799 3376 1918 3453 pol.
1951 3373 2170 3435 3041).
2220 3376 2598 3438 Seh01.Plat.
2631 3372 2772 3436 398.

533 3479 708 3539 Paua.
745 3475 883 3537 VIII
914 3471 972 3554 7,
1003 3473 1059 3538 8.
1145 3477 1341 3538 Schol.
1386 3479 1523 3538 Juv.
1567 3482 1679 3538 sat.
1711 3478 1856 3538 XIII
1893 3475 2030 3538 199.

707 3592 813 3668 94)
858 3596 1002 3656 Her.
1032 3597 1060 3655 I
1091 3592 1201 3656 47.
1262 3579 1302 3676 ἡ
1350 3591 1576 3676 Πυθίη
1631 3588 1706 3655 ἐν
1763 3586 2097 3677 εξαμέτρῳ
2138 3587 2322 3676 τόνῳ
2367 3591 2542 3678 λέγει
2584 3586 2769 3658 τάδε·

538 3685 706 3758 Οἶδα
750 3697 893 3757 κτλ.
943 3697 1100 3759 adde
1145 3699 1308 3761 Suid.
1354 3718 1399 3759 s.
1428 3719 1485 3759 v.
1540 3697 1845 3779 Κροῖσος.
1905 3720 2003 3761 vv.
2040 3697 2257 3762 1—2:
2315 3700 2612 3778 Porphyr.
2667 3701 2773 3760 vit.
2845 3734 2852 3740 -

533 3801 753 3863 Plotin.
785 3802 969 3861 XXII.
1024 3805 1289 3862 ceterum
1337 3803 1414 3862 cf.
1460 3802 1626 3862 locos
1672 3821 1708 3862 a
1751 3802 1976 3865 Steinio
2022 3804 2096 3864 ad
2142 3803 2515 3865 Herodotum
2561 3804 2775 3877 citatos

332 3865 337 3870 ·
404 3903 411 3909 ’
533 3908 898 3982 praeterque
928 3920 1055 3962 eos:
1103 3903 1242 3963 Ens.
1275 3922 1363 3981 pr.
1394 3922 1485 3963 εν.
1516 3905 1570 3964 V
1604 3899 1701 3963 34.
1732 3899 1830 3962 21.
1886 3903 2139 3966 Cedren.
2170 3926 2226 3984 p.
2263 3903 2381 3963 137
2405 3906 2452 3965 B
2485 3905 2535 3976 [Ι
2565 3924 2624 3984 p.
2648 3901 2771 3963 240

534 4004 767 4076 Bekm.
832 4005 1033 4065 Malal.
1063 4025 1119 4083 p.
1154 4000 1271 4062 197
1320 4003 1470 4079 [155
1502 4003 1731 4078 mmm.
1795 4005 1944 4067 Xon.
1991 4003 2490 4085 Cyr.v112,18.
2538 4007 2774 4073 Aeneas

535 4108 675 4170 Gaz.
718 4129 776 4188 p.
810 4105 889 4165 47
938 4106 1056 4182 [ed.
1101 4106 1518 4179 Boissonadel.
1894 4094 1898 4098 ²

704 4214 762 4272 in
822 4231 877 4271 v.
910 4207 976 4271 2:
1023 4205 1387 4282 λαλέοντος
1443 4210 1605 4273 Suid.
1665 4213 1960 4292 Porphyr.
2002 4197 2091 4293 μὴ
2139 4205 2504 4284 λαλέοντος
2546 4205 2742 4291 Rama

538 4313 602 4372 4:
647 4309 874 4393 κρέασι
918 4313 1079 4376 Suid.
1112 4310 1133 4393 ΙΙ
1212 4313 1278 4374 5:
1324 4301 1727 4393 ὑπέρκειται,
1768 4305 2014 4394 χαλκὸς
2046 4300 2104 4374 ‹5'
2142 4302 2493 4374 ὑπόκειται
2523 4314 2688 4377 Suid.
2719 4308 2742 4394 ΙΙ
