3166 4871
2498 277 2624 338 257

388 448 562 509 etiam
608 446 1044 525 posterioribus
1106 450 1261 509 vitae
1323 450 1499 510 annis
1542 449 1810 511 studiose
1855 468 1990 509 eum
2033 451 2092 508 in
2138 450 2231 509 his
2273 450 2632 511 carminibus

388 548 663 626 legendis
723 553 1024 610 versatum
1066 569 1238 611 .esse.
1340 551 1554 629 Itaque
1615 570 1749 612 cum
1803 556 2038 613 constet
2088 552 2409 613 Homerum
2455 570 2492 612 a
2536 552 2628 614 Oi·

387 669 606 713 cerone
650 671 768 713 non
811 652 1003 712 solum
1051 652 1224 714 valde
1272 653 1596 727 laudatum,
1642 654 1751 715 sed
1797 655 1970 715 etiam
2021 673 2237 732 magno
2267 672 2398 715 cum
2427 654 2627 716 studio

387 753 602 814 lectum
660 772 824 827 esse,
880 754 1026 815 nihil
1086 762 1206 833 est,
1268 775 1378 817 cur
1430 756 1795 829 dubitemus,
1858 757 2004 835 quin
2068 757 2165 816 hic
2223 774 2510 817 summam
2573 759 2627 818 ei

384 856 655 917 tribuerit
710 856 1193 932 admirationem,
1254 859 1529 937 quamvis
1587 878 1706 920 non
1771 859 2082 941 propriam⁴
2148 859 2279 937 ejus
2346 860 2625 921 virtutem

383 959 766 1037 perspiceret.
789 956 868 1031 ⁰⁷)

553 1062 647 1121 Ex
699 1061 944 1140 reliquis
1003 1067 1200 1122 antem
1275 1062 1647 1124 Graecorum
1707 1064 1891 1142 epicis
1944 1064 2303 1124 carminibus
2346 1068 2451 1124 ant
2493 1082 2624 1141 per-

382 1182 578 1241 pauca
634 1168 740 1224 aut
791 1166 1031 1226 omnino
1078 1166 1307 1229 nullum
1357 1166 1573 1244 legisse
1619 1166 1874 1227 videtur.
1960 1166 2222 1226 Primum
2269 1166 2456 1245 enim,
2513 1166 2625 1227 etsi

381 1266 550 1326 Brut.
599 1270 715 1329 191
765 1269 1130 1348 Antimachi,
1189 1287 1362 1347 quem
1412 1269 1639 1329 clarum
1685 1272 1922 1347 poetam
1968 1269 2261 1347 nominat,
2318 1268 2628 1330 Thebaida

382 1397 465 1408 —
508 1369 746 1430 titulum
792 1389 910 1431 non
958 1370 1211 1449 profert,
1254 1389 1453 1450 neque
1498 1390 1646 1432 vero
1694 1371 1938 1433 dubium
1985 1374 2092 1449 est,
2150 1371 2296 1448 quin
2342 1370 2457 1431 hoc
2500 1389 2625 1431 car-

381 1488 517 1531 men
562 1471 900 1550 significare
945 1473 1206 1535 voluerit
1251 1505 1333 1514 —
1377 1491 1511 1534 cum
1541 1474 1675 1535 aliis
1705 1473 2052 1552 colloquens
2102 1491 2417 1551 „magnum
2458 1473 2627 1554 illud,

382 1573 546 1646 quod
599 1576 851 1635 novistis
910 1574 1225 1637 volumen“
1293 1576 1586 1655 appellat,
1639 1581 1838 1638 tamen
1896 1575 2036 1636 mihi
2092 1575 2459 1653 persuadere
2502 1596 2622 1638 nou

379 1692 623 1753 possum
688 1695 824 1738 eum
867 1679 1009 1739 illud
1058 1697 1296 1739 carmen
1343 1681 1687 1741 accuratius
1734 1678 2037 1757 cognitum
2083 1677 2381 1739 habuisse.
2467 1680 2622 1739 Nam

380 1796 512 1838 cum
542 1780 671 1840 sine
702 1780 884 1842 dubio
913 1781 1167 1843 libenter
1194 1781 1394 1860 faciat,
1424 1785 1491 1842 ut
1520 1788 1835 1859 poetarum
1865 1779 2200 1842 nominibus
2229 1780 2623 1858 versibusque

378 1881 718 1953 afferendis,
765 1902 944 1961 quam
991 1883 1175 1944 multa
1218 1884 1450 1962 legerit,
1495 1882 1792 1961 ostendat,
1837 1901 1912 1943 ex
1957 1900 2049 1960 eo,
2093 1881 2256 1959 quod
2287 1883 2458 1943 nullo
2489 1883 2620 1943 loco

379 1999 619 2043 versum
668 1984 1003 2046 Antimachi
1048 1986 1254 2056 affert,
1315 1965 1462 2046 satis
1521 1985 1798 2059 dilucide⁸
1838 2002 2132 2063 apparere
2192 1984 2332 2045 mihi
2386 1985 2623 2046 videtur

379 2103 590 2162 parum
645 2104 780 2146 enm
839 2087 921 2146 illi
981 2087 1227 2147 carmini
1285 2085 1610 2148 studuisse.
1714 2086 1888 2161 Quod
1949 2090 2146 2146 autem
2193 2086 2355 2147 illius
2398 2086 2620 2147 dietum

384 2174 513 2262 ,εἷς
573 2180 717 2267 ἐμοὶ
766 2174 1032 2269 μύριοι“
1102 2189 1178 2250 ad
1236 2190 1360 2250 Att.
1420 2194 1525 2260 16,
1590 2193 1699 2267 11,
1762 2193 1793 2250 1
1851 2189 2101 2267 protulit
2157 2193 2217 2249 et
2274 2190 2441 2250 Brut.
2500 2192 2615 2251 191

378 2291 592 2351 Latine
635 2291 964 2370 expressit,
1021 2291 1170 2352 nihil
1225 2292 1302 2352 ad
1356 2310 1508 2366 rem;
1569 2310 1703 2351 nam
1750 2290 1899 2352 haec
1943 2291 2132 2352 verba
2175 2310 2296 2352 non
2342 2310 2418 2352 ex
2459 2290 2623 2352 illius

380 2393 641 2455 carmine
688 2399 925 2473 sumpta
968 2399 1123 2474 sunt,
1167 2393 1273 2456 sed
1320 2395 1394 2456 ab
1439 2412 1527 2466 eo,
1572 2399 1640 2457 ut
1678 2395 1810 2472 ipsa
1841 2392 2146 2458 Ciceronis
2177 2393 2357 2456 verba
2386 2393 2624 2473 docent,

378 2496 452 2557 de
513 2497 765 2558 Platone
824 2498 1062 2575 prolata
1123 2501 1309 2559 erant.
1408 2498 1574 2559 Nihil
1632 2498 1812 2575 igitur
1856 2502 1948 2558 est
1992 2501 2233 2575 praeter
2275 2498 2477 2576 priora
2520 2497 2623 2557 illa

377 2599 562 2660 verba
604 2601 751 2661 satis
781 2601 1031 2679 incerta,
1074 2619 1185 2662 cur
1221 2605 1502 2677 putemus
1542 2620 1676 2662 eum
1711 2599 2052 2661 Antimachi
2091 2619 2330 2661 carmen
2369 2599 2622 2661 lectione

1158 2799 1218 2868 b)
1270 2797 1536 2854 Pedem-i
1566 2798 1841 2854 oratione.

480 2887 537 2951 s)
575 2888 622 2952 1,
658 2887 896 2938 249-52
931 2914 995 2923 —-
1036 2884 1156 2938 cat.
1194 2886 1276 2938 31.

478 2972 534 3036 9)
571 2975 619 3037 3,
655 2972 890 3023 213—15
926 2998 994 3009 —
1030 2969 1083 3023 d.
1121 2983 1236 3038 rep.
1274 2974 1323 3037 5,
1366 2973 1441 3024 11.

452 3057 535 3121 10)
569 3059 617 3122 7,
654 3056 747 3108 211
789 3069 913 3124 sqq.
951 3084 1017 3092 —
1052 3052 1221 3108 Tuso.
1258 3058 1308 3122 4,
1343 3058 1427 3108 49.

451 3142 536 3207 11)
568 3145 618 3208 9,
654 3143 752 3193 442
789 3145 847 3194 et
881 3143 979 3193 443
1016 3169 1083 3179 -
1118 3138 1174 3192 d.
1209 3154 1288 3193 or.
1328 3142 1376 3208 3,
1414 3143 1496 3193 57.

451 3228 536 3292 12)
574 3228 652 3293 16,
688 3229 924 3279 432—38
960 3255 1028 3264 -
1064 3223 1118 3278 d.
1155 3223 1267 3279 div.
1306 3226 1354 3292 2,
1391 3227 1474 3278 25.

452 3313 535 3376 13)
571 3313 652 3379 20,
686 3313 921 3365 232-35
957 3339 1025 3349 —
1060 3308 1230 3365 Tuso.
1268 3313 1314 3378 1,
1350 3315 1433 3364 65.

1209 3433 1257 3484 2.
1318 3430 1412 3484 Ex
1458 3428 1786 3499 Odyssea.

1179 3535 1235 3598 a)
1297 3530 1562 3589 Versibus
1597 3531 1811 3587 inobcst‘.

487 3621 534 3684 ι)
576 3620 653 3686 12,
692 3621 919 3672 184-91
959 3648 1026 3656 -
1063 3616 1116 3671 <L
1153 3617 1245 3671 flu.
1285 3621 1333 3685 5,
1371 3622 1453 3672 49.

480 3705 534 3770 2)
575 3707 654 3767 18,
694 3707 789 3757 136
826 3708 885 3757 et
923 3705 1016 3757 137
1055 3733 1122 3742 -
1158 3703 1213 3757 (1.
1250 3700 1348 3757 iat.
1386 3703 1502 3758 rell.
1539 3707 1587 3757 3.

1156 3804 1223 3874 b)
1275 3804 1539 3861 Pedum·
1571 3805 1847 3861 oratione.

477 3895 533 3958 3)
569 3897 618 3958 6,
661 3894 752 3945 162
788 3895 848 3946 et
886 3895 979 3946 163
1018 3922 1083 3931 -
1120 3891 1173 3946 d.
1208 3891 1354 3961 legg.
1398 3896 1442 3958 1,
1479 3893 1527 3945 2.

478 3980 538 4047 4)
578 3981 655 4046 10,
689 3980 787 4032 494
826 3981 885 4032 ot
919 3981 1019 4032 495
1055 4007 1121 4017 -
1159 3976 1213 4032 d.
1251 3976 1367 4032 div.
1413 3982 1455 4046 1,
1492 3981 1575 4032 se.

548 4083 617 4146 ⁶⁷)
652 4079 738 4135 De
773 4080 899 4151 ejus
935 4080 1190 4136 vertendi
1228 4085 1349 4136 arte
1384 4079 1517 4149 quid
1554 4079 1913 4151 judicandum
1938 4079 2030 4148 sit,
2066 4077 2313 4135 hocloco
2336 4094 2446 4134 non
2472 4093 2617 4147 opus

375 4171 463 4221 est
496 4179 779 4234 quaerere.
850 4165 1106 4222 Ceterum
1143 4164 1397 4222 conferre
1432 4166 1595 4234 licet,
1640 4179 1785 4235 quae
1834 4166 1906 4222 de
1941 4163 2045 4221 hac
2081 4179 2140 4221 re
2175 4163 2244 4221 V.
2281 4163 2472 4222 Clavel
2508 4163 2544 4217 1.
2581 4163 2616 4218 1.

371 4250 580 4319 passim
617 4249 898 4307 disseruit.
