3166 4871
2555 218 2674 280 133

604 393 847 453 Aoristo
907 394 1060 452 enim
1109 411 1394 470 praesens
1440 392 1817 463 historicum,
1863 391 2023 469 quod
2073 410 2378 470 nunquam
2424 411 2461 451 a
2504 409 2675 468 prae-

431 496 620 555 sentis
667 494 868 555 deficit
912 502 1148 572 natura,
1194 497 1275 554 ita
1318 497 1661 573 opponitur,
1707 501 1774 555 ut
1812 497 2096 573 temporis
2127 497 2370 555 notione
2402 495 2677 571 neglecta

430 626 518 636 -—
563 617 698 658 nam
743 598 872 673 ipsa
908 597 1098 657 forma
1129 599 1512 675 praeteritum
1544 601 1780 676 tempus
1812 617 1930 658 non
1963 599 2315 677 exprimitur
2359 627 2440 637 —
2485 596 2674 657 solius

429 700 684 759 actionis
730 699 946 760 habeat
990 700 1278 761 rationem
1326 702 1579 778 eiusque
1625 701 1897 778 singulas
1943 706 2148 778 partes
2195 700 2389 760 animo
2434 716 2673 776 reprae-

430 806 663 879 sentet,
722 820 853 862 cum
916 802 1016 862 ille
1072 803 1248 862 simul
1292 807 1354 864 et
1396 804 1708 880 praeteriti
1756 805 2041 882 temporis
2086 808 2146 862 et
2192 803 2336 863 meri
2381 800 2522 861 facti
2570 819 2674 860 no-

431 905 653 964 tionem
699 904 1146 982 complectatur.
1235 906 1326 966 Ab
1372 906 1724 983 imperfecto
1772 910 1967 966 autem
2016 906 2214 966 differt
2256 906 2363 977 ita,
2410 910 2477 964 ut
2522 903 2674 963 absit

431 1007 644 1066 iterum
691 1009 996 1084 praeteriti
1043 1009 1327 1086 temporis
1372 1007 1744 1086 significatiO,
1790 1009 1904 1069 hoc
1948 1027 2092 1068 vero
2138 1008 2192 1068 ei
2232 1026 2367 1068 cum
2398 1007 2500 1066 illo
2532 1024 2670 1066 eon-

430 1109 621 1187 venit,
674 1110 837 1187 quod
884 1113 945 1170 et
991 1112 1183 1188 ipsum
1231 1113 1495 1170 actiones
1541 1111 1842 1171 describit.
1940 1110 2085 1172 Cum
2133 1114 2330 1170 autem
2376 1110 2482 1169 illa
2524 1113 2668 1168 tem-

429 1213 591 1290 poris
636 1214 751 1272 acti
797 1214 956 1273 notio
1018 1232 1093 1273 ex
1152 1214 1442 1274 sermonis
1499 1232 1733 1275 conexu
1783 1214 1937 1274 ultro
1983 1215 2384 1290 consequatur
2427 1216 2489 1272 et
2532 1229 2670 1288 sup-

426 1316 696 1393 pleatur,
755 1333 1045 1391 praesens
1105 1317 1452 1376 historicum
1516 1323 1575 1377 et
1629 1317 1919 1377 narrativi
1973 1322 2032 1376 et
2084 1315 2457 1392 descriptivi,
2503 1314 2665 1391 quod

427 1416 660 1488 dicitur,
704 1419 990 1496 temporis
1037 1437 1156 1478 una
1200 1420 1615 1495 complectitur
1659 1422 2030 1496 potestatem.

596 1519 714 1579 Iam
775 1522 1158 1598 perspicuum
1223 1528 1344 1600 cst,
1412 1527 1701 1599 quantum
1766 1522 1877 1581 hae
1935 1527 2268 1599 temporum
2330 1521 2665 1581 variatione

423 1622 795 1699 profecerint
822 1623 1042 1684 scenici
1073 1632 1303 1700 poetae.
1391 1626 1669 1702 Namque
1716 1625 1900 1685 multa
1929 1624 2325 1685 occurrebant
2355 1624 2414 1683 in
2445 1623 2665 1682 fabulis

423 1744 614 1803 quae,
670 1744 802 1785 cnm
863 1726 1043 1786 foeda
1103 1728 1451 1788 viderentur
1508 1730 1782 1806 aspectui
1844 1732 1949 1787 ant
2006 1727 2151 1787 alias
2209 1726 2284 1787 ob
2331 1743 2543 1785 causas
2587 1743 2662 1785 ex

422 1828 614 1888 oculis
657 1827 951 1899 tollenda,
1011 1830 1294 1891 narrabat
1352 1830 1670 1901 „facundia
1729 1827 2074 1906 praesens“.
2162 1827 2394 1902 Quibus
2440 1846 2515 1887 ex
2560 1847 2660 1887 an·

421 1930 632 2006 gustiis
677 1931 898 2007 optime
946 1932 1060 1990 iam
1104 1932 1368 2010 tragicos
1414 1933 1773 2010 expediebat
1817 1932 1915 1992 illa
1961 1931 2286 2009 singularis
2330 1929 2662 2009 praesentis

423 2031 687 2092 historici
730 2033 819 2092 vis
862 2052 934 2093 ac
978 2038 1212 2094 natura.

594 2134 842 2195 Accedit
909 2136 1070 2212 quod
1130 2167 1211 2176 —-
1273 2154 1523 2215 eamque
1593 2137 1842 2197 alteram
1914 2136 2288 2213 frequentiae
2348 2135 2662 2196 statuimus

425 2253 663 2297 cansam
710 2268 793 2277 —
840 2239 953 2298 hoc
1012 2240 1348 2316 praesentis
1408 2257 1603 2316 genus
1647 2240 1821 2299 etiam
1877 2238 2199 2299 alacritatis
2254 2239 2430 2297 animi
2476 2256 2662 2314 quan-

422 2339 555 2398 dam
602 2341 861 2418 speeiem
909 2359 1055 2419 prae
1102 2359 1167 2401 se
1211 2338 1437 2414 fert37).
1530 2341 1776 2401 Mirifice
1836 2341 2019 2418 igitur
2064 2340 2504 2401 adiuvabantur
2549 2341 2664 2401 hoc

425 2444 814 2504 concitatiore
858 2446 1147 2505 sermonis
1192 2463 1413 2522 genere
1465 2449 1674 2521 poetae
1709 2446 1773 2506 in
1805 2444 2177 2523 explicandis
2208 2449 2269 2505 et
2297 2443 2663 2505 illustrandis

417 2546 784 2623 singularum
832 2564 1225 2625 personarum
1272 2547 1601 2608 affectibus.

591 2651 713 2710 Iam
758 2650 1115 2727 Aeschyleis
1160 2650 1308 2712 haec
1353 2650 1665 2729 probanda
1707 2654 1848 2710 sunt
1891 2650 2211 2727 exemplis,
2255 2667 2508 2727 quorum
2556 2666 2662 2708 nu-

418 2770 642 2813 merum
689 2771 759 2813 eo
805 2755 1087 2813 maiorem
1135 2771 1265 2814 esse
1309 2753 1481 2814 facile
1529 2754 1700 2813 nobis
1746 2752 2274 2831 persuadebimus,
2319 2770 2438 2829 quo
2484 2752 2662 2811 latius

418 2855 479 2914 in
524 2856 652 2914 eius
697 2854 916 2915 fabulis
962 2857 1334 2916 narrationes
1380 2858 1679 2933 vagantur
1699 2852 1796 2928 33).

587 2957 678 3017 Ae
737 2958 990 3032 primum
1051 2957 1288 3035 quidem
1357 2958 1740 3018 statuendum
1800 2957 2074 3032 videtur,
2136 2974 2431 3034 quaenam
2491 2974 2660 3032 prae·

420 3058 617 3119 sentia
643 3059 706 3119 in
739 3061 950 3119 horum
996 3059 1408 3120 historicorum
1452 3061 1857 3138 praesentium
1907 3078 2153 3120 numero
2198 3057 2473 3119 habenda
2515 3058 2662 3133 sint;

419 3180 553 3221 nam
599 3161 839 3238 saepius
882 3163 957 3223 de
1001 3163 1158 3222 iusta
1201 3161 1690 3239 interpretatione
1733 3162 1991 3222 dubitari
2038 3178 2216 3238 posse
2263 3160 2513 3221 videtur.

586 3265 861 3325 Breviter
918 3283 1201 3327 enumero
1263 3284 1334 3325 ea
1393 3283 1549 3342 quae
1613 3282 1686 3324 ex
1750 3265 1962 3324 horum
2040 3281 2289 3324 numero
2356 3262 2661 3323 reicienda

416 3366 712 3427 videntur.

587 3471 784 3529 Prom.
831 3473 970 3532 590.
1033 3465 1151 3550 τῆς
1206 3452 1545 3548 Ἰναχείας;
1602 3456 1642 3548 ἢ
1697 3454 1853 3540 Διὸς
1910 3457 2162 3528 θάλπει
2222 3461 2419 3547 κέαρ,
2480 3468 2656 3528 etiam

417 3589 577 3632 nunc
623 3572 852 3649 Iupiter
897 3591 1098 3632 amore
1141 3577 1395 3633 tenetur.
1423 3603 1510 3613 —
1539 3569 1699 3649 Sept.
1730 3574 1875 3634 498.
1920 3555 2119 3642 αὐτὸς
2160 3554 2657 3649 δ’ὲπηλάλαξεν,

416 3665 656 3745 ἔνθεος
701 3658 925 3753 <Rapa
968 3671 1186 3756 βακχᾷ
1226 3664 1398 3753 πρὸς
1442 3658 1660 3754 ἀλκὴν
1701 3706 1788 3715 -
1833 3676 2090 3735 aoristus
2150 3692 2274 3735 rem
2319 3673 2553 3751 „subito
2600 3675 2659 3733 et

414 3796 535 3838 uno
594 3778 767 3854 quasi
828 3778 1111 3855 temporis
1170 3782 1467 3838 momento
1530 3771 1784 3839 factam“
1839 3781 2110 3855 enarrat,
2168 3794 2452 3856 praesens
2511 3794 2656 3836 vero

584 3942 651 4005 ³⁷)
688 3937 772 3995 Cf.
810 3938 1184 3995 Seheuerlein.
1221 3938 1379 4009 Syut.
1416 3941 1470 3995 d.
1508 3957 1591 4010 gr.
1628 3939 1752 4011 Spr.
1788 3957 1843 4010 p.
1870 3945 1985 3996 341.

583 4028 651 4093 ³⁸)
688 4023 770 4081 Cf.
817 4025 1114 4095 Hornung:
1167 4026 1236 4081 de
1280 4027 1594 4081 nuntiorum
1630 4027 1666 4080 i.
1703 4033 1770 4082 tr.
1818 4027 1915 4082 Gr.
1969 4027 2228 4097 personis
2282 4031 2339 4081 et
2389 4023 2655 4080 narratio·

413 4110 578 4167 uibus
600 4112 815 4180 (Pl-ogr.
842 4112 1247 4181 Brandenburg
1277 4116 1433 4179 1869)
1457 4129 1509 4180 p.
1529 4117 1691 4181 4—73
1716 4110 2067 4182 Bernhardy:
2094 4111 2235 4166 Hist.
2260 4111 2355 4166 Gr.
2380 4111 2485 4165 litt.
2510 4109 2582 4177 11,
2610 4113 2654 4164 2.

414 4210 467 4260 p.
493 4199 609 4250 254.
678 4196 894 4252 Teuffel
930 4195 1103 4266 praef.
1138 4198 1209 4252 ad
1245 4198 1332 4254 ed.
1369 4199 1522 4254 Pers.
1559 4216 1614 4269 p.
1641 4203 1689 4252 2.
