3166 4871
11 96 16 275 Ι
133 264 140 272 .

11 408 14 561 Ι
980 384 1067 439 De
1101 385 1301 441 nomin.
1334 384 1396 439 iu
1430 403 1595 450 -αιος,
1665 388 1699 451 3
1738 390 1820 440 55.
2404 389 2519 450 151

270 560 448 621 facile
488 559 622 620 fieri
669 564 931 639 poterat,
974 565 1042 621 ut
1083 561 1171 622 illi
1217 562 1640 624 adsuescerent
1682 562 1902 640 dicere,
1944 564 2142 640 ignem
2171 563 2270 622 vel
2299 561 2525 622 fumum

273 680 405 724 esse
450 647 817 737 ἆνόπαιον,
862 651 1156 723 ἀνόπαια
1200 664 1359 725 ferri.
1447 664 1598 726 Inde
1638 664 1863 725 faetnm
1890 668 1961 725 nt
1987 665 2137 726 illud
2164 664 2527 725 vocabulum

275 767 337 826 in
381 766 739 844 quotidiano
784 784 1056 828 sermone
1100 768 1346 828 omnino
1388 769 1502 828 hac
1547 768 1982 848 significatione
2027 770 2426 846 usurparetur
2466 771 2528 827 et

276 867 356 929 ad
412 870 564 930 alias
622 887 872 947 quoque
923 888 1022 931 res
1080 871 1436 931 translatum
1489 871 1853 948 significaret
1895 857 2250 950 ἄνωφερής
2293 887 2526 930 sursum

279 971 561 1049 tendens,
629 976 690 1033 et
734 990 915 1048 quum
963 971 1178 1057 Graeci
1220 974 1527 1049 paullatim
1573 974 1763 1051 magis
1818 972 2131 1051 magisque
2190 973 2529 1033 desinerent

279 1073 417 1135 foco
461 1074 566 1134 illo
612 1075 674 1134 in
720 1074 918 1134 media
959 1075 1133 1135 domo
1178 1076 1375 1153 posito
1422 1076 1499 1135 ad
1535 1077 1731 1152 ignem
1762 1074 2209 1137 incendendum
2241 1075 2529 1152 cibosque

278 1176 588 1253 parandos
631 1178 736 1254 nti,
779 1176 882 1237 sed
927 1178 1125 1255 ignem
1173 1179 1309 1237 usui
1355 1178 1715 1238 destinatum
1753 1179 1815 1238 in
1844 1179 2020 1239 aliam
2052 1177 2266 1239 domus
2296 1181 2526 1255 partem

278 1278 690 1340 transferrent
727 1277 944 1352 (Bekk.
989 1280 1163 1340 Char.
1209 1278 1296 1339 112
1342 1277 1441 1359 74,
1485 1280 1686 1340 Herm.
1730 1281 1849 1341 Alt.
1893 1278 2027 1359 1112,
2078 1276 2177 1358 19,
2223 1277 2347 1357 21),
2388 1297 2527 1340 mox

277 1382 522 1460 priscae
599 1383 662 1441 et
716 1374 1017 1459 genuinae
1083 1383 1361 1443 vocabuli
1425 1381 1878 1459 significationis
1937 1383 2105 1444 obliti
2178 1375 2535 1443 translatam

281 1488 523 1544 tantum
567 1485 724 1544 illam
772 1485 1165 1545 retinuerunt.
1249 1485 1418 1545 Haec
1473 1486 1659 1562 igitur
1700 1485 2054 1563 significatio
2099 1484 2395 1547 vocabulo
2440 1486 2530 1544 est

276 1585 443 1664 apud
489 1586 743 1663 Emped.
785 1590 847 1647 et
887 1586 1278 1648 Herodotum.
1363 1589 1706 1648 Formatum
1763 1591 1961 1648 antem
2021 1590 2115 1648 est
2162 1587 2527 1664 adjectivum

275 1674 609 1759 ἇνόπαιος
638 1688 838 1750 suffixi
869 1705 934 1748 ιο
965 1708 1100 1768 ope,
1136 1694 1204 1750 ut
1232 1691 1520 1768 pleraque
1544 1690 1842 1751 vocabula
1867 1690 2198 1768 composita
2226 1689 2529 1766 objectiva

277 1809 315 1851 a
346 1791 796 1868 praepositione
823 1792 1170 1869 incipientia
1198 1781 1534 1907 ἐγχώριος,
1563 1782 1932 1870 κατάγειος,
1975 1779 2529 1871 παραθαλάσσιος

276 1895 382 1973 aL,
446 1897 512 1954 et
569 1892 865 1971 significat
918 1894 981 1954 id
1040 1893 1204 1971 quod
1265 1878 1396 1952 ἀνὰ
1449 1883 1576 1972 τὴν
1636 1879 1847 1973 ὀπήν,
1910 1899 2257 1973 aperturam
2299 1910 2531 1971 versus,

277 1989 468 2075 φέρει
533 1996 635 2056 vel
701 1990 987 2074 φέρεται.
1089 1996 1448 2074 Quanquam
1516 1998 1846 2075 composita
1911 1997 2092 2057 huius
2152 1997 2392 2073 generis
2453 1995 2528 2055 ab

277 2082 437 2157 ἄνα·
483 2098 837 2177 incipientia
879 2099 1025 2158 satis
1067 2117 1211 2160 rara
1253 2102 1410 2159 sunt.
1450 2099 1629 2160 ,Mihi
1673 2118 1793 2159 non
1840 2103 1984 2160 nota
2028 2101 2173 2159 sunt
2199 2099 2315 2158 uisi
2347 2098 2529 2157 haec:

278 2185 699 2281 ἇναδενδράς
753 2201 829 2262 de
881 2203 1006 2262 vite
1065 2218 1224 2280 quae
1282 2202 1484 2262 arbori
1536 2201 1970 2263 circumvoluta
2011 2218 2251 2262 sursum
2297 2200 2529 2278 crescit,

276 2285 617 2382 ἀνάλογος
674 2303 840 2380 quod
898 2288 1026 2362 ἀνὰ
1079 2292 1290 2382 λόγον
1346 2307 1463 2380 est,
1523 2286 1851 2382 ἀνάμεσος
1893 2304 2037 2365 Hdt.
2079 2304 2161 2382 11,
2210 2299 2329 2361 108
2388 2292 2531 2376 (τὰς

277 2394 481 2477 πόλις
525 2390 899 2484 ἀναμέσους
926 2428 1014 2455 ==
1041 2390 1172 2466 ἀνὰ
1213 2399 1420 2484 μέσον
1464 2391 1716 2487 οὔσας),
1759 2391 2039 2467 ἇνόπιν·
2084 2400 2176 2478 εἰς
2218 2390 2528 2466 τούπίσω

279 2509 577 2586 Hesych„
619 2492 964 2584 ἀναφωτίς
1005 2508 1272 2570 fenestra
1315 2510 1533 2589 Nicet,
1587 2513 1649 2570 et
1689 2511 1877 2570 verba
1918 2510 1994 2571 ab
2039 2508 2328 2570 eiusmodi
2373 2526 2527 2569 com·

275 2612 496 2690 positis
537 2611 965 2673 descendentia
1010 2596 1445 2691 ἄναπαριάζω
1506 2611 1748 2673 infidum
1805 2629 1937 2673 esse
1990 2631 2153 2674 more
2198 2612 2530 2689 Pariorum,

279 2698 807 2773 ἀνατωτοῦσθαι
850 2713 912 2773 in
956 2714 1214 2774 alicuius
1260 2714 1454 2775 locum
1498 2732 1856 2793 supponere.
1942 2715 2157 2793 Neque
2199 2712 2529 2790 posteriore

282 2816 530 2895 quidem
563 2817 760 2878 aetate
788 2816 1156 2894 praepositio
1201 2799 1332 2874 ἀνά
1374 2816 1724 2893 simpliciter
1760 2818 2040 2894 usurpari
2070 2818 2218 2878 solet
2245 2815 2322 2875 ad
2351 2814 2530 2892 signi·

275 2919 586 2980 noandum
629 2923 854 2981 motam
899 2919 961 2979 in
1005 2919 1264 2996 aliquem
1307 2919 1522 2997 locum,
1565 2920 1937 2997 praesertim·
1960 2920 2355 2997 superiorem,
2397 2921 2527 2978 ten·

279 3022 554 3100 dentem,
608 3021 716 3083 sed
759 3020 837 3083 ad
880 3021 943 3081 id
988 3021 1150 3098 qnod
1194 3025 1439 3099 praeter
1480 3021 1741 3099 aliquam
1786 3038 1912 3082 rem
1957 3039 2194 3082 sursum
2240 3021 2529 3080 movetur.

277 3125 468 3204 Apud
511 3125 839 3184 Homerum
891 3126 1087 3183 tamen
1145 3123 1253 3184 illa
1307 3122 1666 3200 significatio
1722 3123 2024 3184 interdum
2081 3121 2405 3200 reperitur,
2462 3125 2530 3181 ut

279 3224 350 3287 K
373 3224 501 3284 465
545 3223 764 3305 θῆκεν
809 3210 937 3284 ἀνὰ
976 3220 1268 3305 μυρίκην
1311 3223 1421 3299 (sc.
1462 3223 1700 3304 spolia),
1757 3223 1827 3284 Σ
1851 3221 1975 3283 278
2021 3208 2380 3305 στησόμεθ’
2423 3206 2529 3302 ἅμ’
2613 3253 2616 3256 ,

278 3319 608 3444 πύργους.
701 3325 756 3389 Τ
777 3324 900 3385 212
944 3332 1158 3387 κειται
1202 3311 1334 3387 ἀνὰ
1374 3317 1740 3407 πρόθυρον
1792 3321 2260 3408 τετραμμένος.
2332 3344 2373 3404 χ
2404 3320 2529 3383 239

280 3416 413 3491 ἀνὰ
473 3420 794 3511 μεγάροιο
853 3424 1199 3510 μέλαθρον
1259 3414 1422 3506 ἕζετ’
1481 3414 1825 3506 ἀναΐξασα.
1922 3432 2135 3508 Itaque
2170 3412 2528 3488 ’ἄνόπαιον

283 3539 377 3596 eet
420 3533 586 3613 quod
631 3518 809 3614 όπήν
853 3551 1066 3595 versus
1111 3537 1405 3594 movetur.
1491 3534 1673 3594 Falsa
1716 3536 1809 3594 est
1850 3534 2130 3595 Worneri
2175 3532 2529 3610 explicatio:

282 3631 420 3716 „sie
485 3636 803 3715 durehflog
868 3635 984 3696 den
1052 3635 1208 3695 nach
1273 3634 1386 3696 der
1449 3633 1628 3695 lucke
1701 3634 2228 3713 hinaufliegenden
2296 3626 2529 3698 raum“.

280 3740 435 3801 Nan
481 3738 740 3818 primum
783 3722 1112 3809 ἀνόπαιος
1155 3753 1276 3798 non
1330 3740 1533 3815 potest
1575 3736 1914 3815 significare
1959 3738 2155 3810 „nach
2200 3737 2308 3797 der
2350 3735 2529 3799 lucke

281 3840 809 3920 hinaafliegead“‚
851 3859 990 3902 nam
1034 3859 1110 3901 ex
1154 3840 1621 3918 praepositionis
1666 3823 1795 3898 α’νά
1837 3839 2270 3917 significatione
2313 3838 2532 3918 ,‚nach‚

283 3938 547 4024 Μυσία,
577 3949 772 4005 totum
802 3943 1166 4005 vocabulum
1196 3959 1315 4004 non
1339 3946 1543 4020 potest
1562 3941 1676 4002 nisi
1701 3942 2000 4003 notionem
2025 3941 2305 4003 movendi
2327 3943 2530 4019 aliquo

281 4048 573 4127 accipere,
617 4052 687 4108 nt
729 4038 1061 4122 ἐπιδέξιος
1103 4049 1197 4106 est
1237 4046 1343 4122 qui
1386 4044 1466 4105 ad
1510 4043 1781 4106 dextram
1826 4045 2082 4106 vertitur
2110 4045 2212 4106 vel
2239 4048 2533 4120 movetur,
2598 4113 2608 4120 ,

281 4135 836 4230 ἇλλοπρόςαλλος
904 4149 1010 4226 qui
1072 4148 1149 4208 ab
1217 4147 1333 4208 alio
1400 4146 1476 4206 ad
1536 4147 1719 4206 alium
1775 4147 2057 4224 vertitur,
2129 4130 2409 4222 ἀπόγεια
2469 4148 2532 4205 et

276 4246 538 4334 ἐπίγεια
583 4269 711 4313 non
757 4249 933 4311 funes
978 4268 1134 4328 quae
1176 4268 1215 4309 a
1255 4255 1422 4310 terra
1471 4248 1682 4309 remoti
1737 4249 1837 4309 vel
1889 4249 1952 4308 in
1995 4251 2160 4308 terra
2199 4249 2367 4324 sunt,
2422 4243 2529 4305 sed

273 4377 428 4436 quae
474 4377 513 4419 a
557 4360 736 4417 terra
774 4352 854 4414 ad
899 4371 1129 4432 navem,
1172 4371 1210 4412 a
1251 4352 1392 4432 navi
1435 4350 1511 4412 ad
1554 4355 1776 4411 terram
1820 4349 2171 4427 tenduntnr,
2211 4341 2527 4406 κατακαί-
