3166 4871
526 263 648 322 350

525 438 662 495 anni
729 440 851 496 710
911 439 970 493 et
1031 436 1251 495 bellum
1318 436 1687 504 Mutinense,
1750 433 1913 510 quod
1979 451 2179 493 mense
2226 433 2420 510 Aprili
2469 412 2777 507 sequentis

529 540 670 599 anni
718 543 991 598 exortum
1040 543 1158 616 est,
1201 540 1321 598 lata
1366 557 1598 598 omnem
1645 539 1872 596 ltaliam
1922 537 2227 595 moderato
2276 536 2494 595 homini
2543 535 2610 593 L.
2657 536 2776 593 An-

528 643 695 701 tonio
765 640 1154 700 dividendum
1223 641 1352 700 dari
1417 640 1739 701 verisimile
1807 639 1969 698 solus
2036 640 2246 699 Cicero
2315 638 2464 697 vidit
2528 641 2587 696 et
2644 655 2780 713 pro-

530 743 840 802 nuntiavit.
862 741 902 813 ¹)
1005 742 1121 802 Sed
1168 741 1463 819 quidquid
1523 743 1581 801 id
1644 746 1804 816 erat,
1864 760 1938 800 ex
2001 742 2112 800 hac
2173 742 2307 818 lege
2352 739 2667 810 Antonius,
2714 743 2782 797 ut

528 845 739 906 Cicero
800 846 971 905 nobis
1019 846 1270 905 tradidit
1313 847 1372 905 in
1429 845 1702 904 oratione
1758 844 2023 904 secunda
2067 843 2398 920 Philippica
2446 846 2562 918 39,
2623 859 2779 918 quae
2879 864 2894 880 ·

525 950 681 1008 inter
725 948 881 1008 diem
929 948 1071 1007 XIII
1118 969 1171 1007 a.
1215 948 1334 1008 Cal.
1376 946 1616 1008 Octobr.
1664 952 1721 1006 et
1765 947 1908 1005 XIII
1943 947 2063 1006 Cal.
2097 948 2229 1006 Jan.
2276 949 2570 1022 concepta
2614 939 2780 1016 est‘2),

528 1052 795 1110 colonias
828 1051 1090 1128 Capuam
1125 1054 1184 1108 et
1215 1050 1540 1110 Casilinum
1575 1049 1841 1120 deduxit,
1889 1050 2159 1126 quamvis
2191 1050 2346 1108 omni
2380 1047 2778 1124 auspiciorum

526 1154 653 1212 iure
697 1152 957 1211 turbato,
1046 1153 1200 1211 Nam
1259 1152 1463 1228 paullo
1526 1157 1666 1210 ante
1723 1152 1855 1228 lege
1903 1151 2050 1211 Iulia
2095 1171 2147 1211 a.
2194 1155 2316 1212 695
2363 1150 2514 1210 haec
2559 1148 2782 1226 oppida

528 1256 587 1314 in
646 1254 1009 1314 coloniarum
1066 1254 1315 1313 formam
1379 1255 1711 1312 constituta
1770 1261 1958 1312 erant.
2062 1252 2180 1312 Sed
2227 1254 2340 1312 hae
2387 1253 2626 1312 Antonii
2676 1250 2778 1310 de-

528 1356 841 1417 ductiones
900 1358 957 1415 in
1015 1362 1321 1433 posterum
1384 1363 1620 1433 tempus
1682 1357 1827 1415 nihil
1885 1356 2104 1415 valent.
2193 1357 2343 1415 Nam
2392 1357 2488 1414 lex
2534 1354 2781 1413 Antonii

527 1460 641 1518 iam
689 1477 888 1517 mense
933 1459 1211 1518 Ianuario
1244 1460 1386 1517 anni
1423 1463 1539 1517 711
1576 1458 1879 1517 dissoluta
1910 1461 2019 1535 est,
2063 1475 2438 1534 possessores
2471 1456 2782 1516 territoriis

527 1559 650 1620 suis
696 1561 856 1619 exire
889 1560 1239 1620 debuerunt.
1317 1560 1509 1633 Quod,
1558 1561 1606 1618 si
1652 1560 1921 1620 Ciceroni
1938 1558 1987 1632 ³)
2036 1559 2397 1619 credendum
2432 1563 2538 1628 est,
2585 1575 2780 1634 aequo

528 1664 722 1722 animo
785 1661 1088 1721 fecerunt:
1173 1681 1303 1721 nam
1390 1663 1663 1732 „nullam
1741 1664 2068 1738 impensam
2146 1661 2443 1722 fecerant:
2515 1659 2779 1720 nondum

529 1766 971 1834 instruxerant,
1057 1766 1272 1842 partim
1349 1765 1497 1840 quia
1571 1783 1689 1823 non
1765 1763 2064 1839 fidebant,
2154 1763 2368 1839 partim
2445 1765 2588 1840 qnia
2661 1780 2778 1821 non

532 1867 885 1927 habebant.“

702 1969 791 2027 Ex
852 1988 970 2044 quo
1037 1973 1304 2044 tempore
1364 1987 1556 2044 usque
1603 1968 1677 2026 ad
1725 1968 1946 2027 bellum
1993 1969 2375 2045 Philippense
2421 1968 2493 2026 de
2538 1967 2783 2027 coloniis

530 2070 804 2130 deductis
849 2071 990 2129 nihil
1038 2070 1330 2130 audimus.
1421 2071 1535 2130 Sed
1586 2078 1722 2129 ante
1771 2071 1884 2129 1100
1931 2071 2218 2146 proelium
2268 2070 2506 2129 tresviri
2558 2088 2601 2128 r.
2633 2089 2688 2145 p.
2732 2087 2783 2127 c.

528 2172 939 2249 duodeviginti
1003 2173 1208 2232 Italiae
1271 2172 1756 2248 splendidissima
1811 2174 2032 2250 oppida
2093 2174 2406 2251 militibus,
2482 2179 2548 2232 ut
2606 2172 2781 2230 fidem

531 2280 589 2334 et
648 2277 875 2334 animos
938 2275 1276 2345 firmarent,
1339 2275 1413 2332 ad
1478 2274 1876 2350 diripiendum
1944 2275 2412 2335 destinaverunt.
2514 2274 2780 2347 Quorum

528 2377 885 2455 oppidorum
931 2377 1242 2454 Appianas
1303 2378 1354 2435 b.
1404 2395 1451 2435 c.
1497 2380 1551 2437 4.
1603 2381 1677 2448 3.,
1738 2378 1837 2454 qui
1888 2378 2050 2437 solus
2097 2379 2275 2437 huius
2321 2377 2582 2437 foederis
2626 2376 2784 2434 inter

529 2482 912 2557 imperatores
1004 2481 1340 2556 militesque
1420 2482 1781 2539 mentionem
1853 2480 2018 2550 fecit,
2114 2487 2340 2558 septem
2425 2479 2785 2539 nominavit:

529 2583 790 2658 Capuam
862 2581 1109 2656 Regium
1194 2582 1511 2640 Venusiam
1596 2581 1919 2640 Nuceriam
2008 2583 2337 2641 Ariminum
2415 2581 2782 2658 Ilipponium

530 2686 951 2742 Beneventum.
1014 2712 1097 2720 —
1158 2683 1235 2741 Et
1292 2683 1461 2743 Bruti
1509 2683 1820 2760 Cassiiquc
1880 2684 2113 2743 viribus
2167 2684 2371 2743 fractis
2415 2684 2785 2744 Octavianus

530 2788 588 2845 in
636 2786 864 2845 Italiam
911 2784 1089 2844 rediit
1133 2804 1204 2844 eo
1251 2786 1520 2863 consilio,
1566 2790 1632 2845 ut
1678 2788 1948 2846 coloniae
1995 2786 2281 2846 militibus
2327 2787 2404 2845 ibi
2453 2787 2786 2845 destinatae

529 2888 951 2964 conderentur,
1004 2886 1143 2946 dum
1191 2888 1487 2947 Antonius
1535 2906 1610 2947 ex
1659 2888 1806 2947 Asia
1853 2890 2137 2964 pecunias
2185 2887 2587 2964 compelleret,
2634 2904 2788 2964 quas

528 2991 812 3068 oppidani
871 3009 978 3067 pro
1040 2992 1354 3050 territoriis
1416 2992 1712 3069 ademptis
1777 2992 2136 3068 acciperent.
2237 2990 2351 3050 Sed
2415 2990 2788 3051 Octavianus

528 3080 765 3169 quidem
826 3094 942 3152 iam
989 3111 1060 3151 ea
1104 3112 1170 3152 re
1217 3092 1539 3169 impeditus
1587 3098 1707 3170 est,
1769 3093 1929 3169 quod
1993 3094 2060 3151 L.
2105 3093 2402 3153 Antonius
2466 3101 2527 3152 et
2571 3093 2789 3152 Fulvia

527 3197 872 3273 permittere
930 3194 1287 3272 noluerunt,
1347 3202 1413 3255 ut
1476 3197 1575 3255 1110
1622 3197 1788 3254 001110
1835 3195 2098 3255 colonias
2144 3195 2456 3255 condendo
2505 3213 2787 3270 magnum

530 3299 777 3356 militum
841 3316 1155 3357 numerum
1218 3298 1327 3356 sibi
1389 3298 1752 3357 conciliaret.
1844 3298 2038 3358 000011
2082 3295 2477 3374 0010νί00110,
2537 3298 2791 3374 contigit

527 3400 807 3475 Antonio,
854 3404 919 3459 ut
962 3400 1282 3459 nonnullas
1332 3399 1534 3459 fratris
1585 3401 1851 3476 legiones
1896 3401 1956 3458 in
1989 3400 2164 3459 Italia
2196 3401 2540 3460 deduceret.
2610 3400 2788 3473 Quod

526 3500 767 3577 quidem
813 3506 871 3561 et
916 3504 1227 3577 Appianas
1273 3502 1456 3561 refert
1499 3502 1576 3573 (b.
1627 3520 1673 3560 0.
1719 3500 1775 3561 S.
1823 3500 1932 3573 43)
2009 3507 2069 3561 et
2113 3503 2368 3562 fortasse
2414 3504 2664 3579 vestigia
2709 3503 2786 3561 ad

530 3622 637 3663 nos
697 3609 995 3663 venerunt
1040 3604 1290 3663 duorum
1338 3604 1698 3681 oppidorum
1766 3604 1840 3664 ab
1886 3605 2147 3681 Antonio
2197 3606 2310 3665 hoc
2355 3610 2623 3681 tempore
2687 3605 2788 3665 de-

528 3706 856 3781 ductorum,
904 3706 1207 3765 Bononiae
1253 3713 1312 3766 et
1356 3708 1668 3766 Perusiae.
1713 3737 1797 3746 ——
1846 3707 1962 3767 Sed
2012 3709 2123 3764 hae
2170 3706 2565 3766 deductiones
2612 3707 2791 3767 Octa-

528 3809 687 3867 viani
761 3813 820 3866 et
879 3808 1123 3867 Antonii
1184 3827 1388 3868 omnes
1456 3810 1513 3868 in
1569 3811 1840 3886 utrisque
1907 3811 2178 3886 partibus
2257 3810 2440 3867 invite
2500 3815 2790 3887 acceptae

707 4061 747 4123 ¹)
784 4062 830 4110 5.
868 4056 1005 4110 Phil.
1044 4062 1090 4109 3.
1132 4061 1178 4109 7.

698 4145 747 4209 2)
780 4142 996 4195 Teuffel
1034 4141 1099 4194 H.
1138 4143 1196 4195 L.
1240 4142 1304 4193 R.
1344 4158 1393 4209 p.
1433 4146 1547 4195 308.

700 4231 745 4295 ³)
781 4234 828 4281 15.
866 4226 1003 4281 Phil.
1049 4231 1125 4279 14.
