3166 4871
2489 285 2609 346 199

369 453 483 517 καὶ
523 448 739 517 κακὸν
769 455 989 528 κακῶς
1020 469 1088 517 σε
1134 446 1421 535 μάλιστα
1447 451 1570 536 μὲν
1616 450 1681 516 οἱ
1722 453 1895 529 θεοί,
1944 442 2161 516 ἔπειθ’
2209 441 2405 517 οὗτοι
2448 448 2613 518 πάν-

370 577 478 632 τες
523 545 974 620 ἀπολέσειαν.“
1083 561 1293 620 Priore
1353 579 1533 621 versu
1582 561 1878 636 Polydori
1933 559 2148 619 umbra
2208 561 2268 621 in
2328 559 2616 620 Hecubae

373 663 750 738 Euripideae
815 663 980 722 initio
1040 664 1095 722 in
1158 681 1397 722 scenam
1457 662 1675 740 prodit.
1763 663 1934 724 Alter
1995 681 2208 724 versus
2264 681 2297 723 e
2356 682 2613 741 quanam

373 764 578 825 fabula
641 764 993 841 desumptus
1053 766 1130 823 sit
1175 783 1293 824 non
1355 769 1619 842 constat3
1681 766 2070 842 sequentibus
2129 784 2371 843 qnoque
2415 763 2617 826 verbis

370 871 527 927 tecte
571 865 871 944 significat
928 875 1129 927 orator
1173 866 1415 927 fabulae
1461 867 1778 945 cujusdam
1841 868 2009 927 nobis
2068 869 2309 944 ignotae
2357 885 2615 937 versum,

371 969 471 1046 qni
518 972 716 1029 exstat
760 987 855 1045 ap.
900 968 1124 1028 Athen.
1154 968 1252 1039 IV,
1283 987 1337 1045 p.
1375 971 1551 1030 150⁰:

575 1057 820 1141 „xaxov
875 1064 1100 1140 κακῶς
1171 1063 1247 1128 σε’
1307 1054 1367 1148 γ’
1413 1053 1821 1130 ἀπολέσειαν
1899 1062 1963 1129 οἱ
2039 1065 2225 1130 θεοί“
2284 1070 2380 1145 (cf.
2441 1071 2619 1132 Mein.

374 1191 571 1232 exerc.
614 1173 674 1232 in
722 1173 937 1233 Athen.
970 1174 1050 1250 ΙΙ,
1090 1191 1146 1249 p.
1181 1172 1260 1245 7).
2200 1235 2209 1242 ,

545 1275 844 1349 Quoniam
908 1274 982 1336 de
1044 1275 1264 1335 fabulis
1323 1279 1384 1334 et
1441 1276 1714 1352 partibus
1776 1277 1852 1335 ab
1899 1276 2196 1336 Aeschine
2241 1277 2390 1335 actis
2434 1276 2618 1336 verba

375 1376 530 1437 facio
577 1378 974 1437 calamitatem
1022 1377 1322 1454 quandam
1371 1395 1769 1437 commemoro
1816 1396 1972 1455 quae
2003 1378 2284 1438 Aeschini
2330 1379 2389 1438 in
2436 1396 2620 1438 scena

371 1479 592 1539 accidit
635 1485 696 1540 et
739 1498 862 1556 qua
905 1484 1236 1539 commotus
1280 1483 1388 1557 est,
1434 1485 1499 1538 nt
1544 1498 1790 1540 munere
1836 1480 2164 1539 histrionali
2198 1498 2263 1541 se
2295 1481 2618 1550 abdicaret,

374 1586 526 1642 teste
570 1583 738 1641 Dem.
783 1582 838 1641 d.
884 1581 923 1641 f.
968 1582 1005 1642 l.
1051 1584 1171 1642 337
1221 1577 1428 1654 (449):
1498 1573 1680 1659 πἐμοὶ
1736 1574 1808 1640 δὲ
1865 1576 2123 1640 δοκεῖτε
2171 1566 2621 1642 ἀτοπώτατον

375 1670 701 1745 ἁπάντων
756 1670 840 1742 ἂν
899 1680 1205 1764 ποιῆσαι,
1262 1675 1318 1741 εἰ
1364 1666 1476 1741 ὅτε
1519 1677 1644 1761 μὲν
1688 1669 1771 1741 τὰ
1819 1676 2122 1743 Θυέστου
2166 1678 2277 1742 καὶ
2324 1681 2466 1743 τῷν
2508 1676 2621 1742 ἐπὶ
2738 1737 2747 1750 ,

386 1780 583 1867 Τροίᾳ
643 1774 818 1844 κακὰ
859 1769 1261 1863 ἠγωνίζετο,
1333 1774 1717 1860 ἐξεβάλλετε
1763 1769 1970 1843 αὐτὸν
2018 1779 2129 1843 καὶ
2175 1778 2620 1863 ἐξεσυρίττετε

377 1879 452 1946 ἐκ
504 1883 648 1946 τῶν
707 1878 1028 1964 θεάτρων
1083 1881 1195 1945 καὶ
1254 1872 1472 1964 μόνον
1542 1871 1626 1944 οὐ
1682 1872 2076 1944 κατελεύετε
2132 1873 2387 1960 οὕτως,
2451 1872 2622 1947 ὥστε

376 1985 796 2047 τελευτῶντα
839 1985 966 2046 τοῦ
1009 1993 1559 2065 τριταγωνιστεῖν
1591 1975 1989 2066 ἀποστῆναι.
2024 1988 2142 2028 —“
2214 1990 2363 2049 'I'ale
2396 1989 2617 2066 aliquid

378 2090 523 2167 quin
569 2091 850 2150 Aeschini
896 2090 1203 2166 acciderit,
1255 2090 1483 2149 etiamsi
1541 2090 1796 2150 sortasse
1854 2091 2050 2150 verbis
2095 2091 2272 2151 nimis
2314 2093 2542 2169 asperis
2586 2111 2624 2151 a

381 2192 781 2252 Demosthene
854 2193 931 2251 sit
996 2193 1364 2268 expositum,
1434 2210 1619 2269 quum
1700 2193 1828 2269 ipsa
1899 2195 2139 2252 nomina
2212 2193 2467 2270 partium
2543 2196 2622 2254 ab

378 2295 677 2355 Aeschine
721 2295 874 2353 male
919 2300 1188 2354 actarum
1235 2294 1557 2372 addantur,
1604 2313 1723 2353 non
1769 2298 1859 2354 est
1904 2313 2011 2354 cur
2056 2295 2412 2356 dubitemus.

550 2397 744 2457 Aliam
825 2397 1121 2473 quandam
1209 2397 1605 2457 calamitatem
1690 2397 2128 2458 Demosthenes
2202 2397 2501 2476 significat
2561 2398 2624 2459 in

379 2500 648 2560 oratione
677 2500 1023 2577 posteriore,
1054 2499 1110 2559 d.
1144 2519 1261 2560 cor.
1299 2503 1420 2561 180
1451 2498 1513 2573 (2
1527 2495 1666 2571 88):
1720 2534 1837 2571 „—
1870 2484 1951 2558 ὃν
1982 2491 2056 2557 ἐν
2088 2497 2418 2580 Κολλυτῷ
2456 2518 2625 2561 ποτε

384 2588 727 2680 Οἰνόμαον
770 2597 997 2673 κακῶς
1041 2594 1437 2680 ἐπέτριψας“
1490 2632 1576 2641 -·
1619 2602 1694 2661 ib.
1727 2605 1849 2662 242
1881 2601 2057 2675 (307)
2104 2633 2231 2671 ,,-
2267 2589 2627 2682 ἀρουραῖος

384 2694 715 2783 Οἰνόμαος
757 2706 892 2765 -.“
988 2705 1147 2778 Quid
1192 2704 1482 2765 acciderit
1511 2705 1794 2765 Aeschini
1846 2704 2131 2766 Oenomai
2178 2710 2378 2783 partes
2423 2708 2627 2783 agenti

377 2808 651 2868 audimus
702 2826 779 2867 ex
830 2807 1148 2885 Apollonio
1215 2808 1272 2866 in
1331 2807 1429 2866 vit.
1482 2806 1701 2866 Aesch.
1748 2825 1802 2882 p.
1848 2811 1956 2867 13:
2022 2837 2141 2878 ,,-
2184 2800 2500 2886 Αἰσχίνης
2543 2838 2626 2849 —-

378 2894 894 2989 τριταγωνιστὴς
956 2902 1223 2985 ἐγένετο
1284 2903 1713 2986 τραγῳδιῶν,
1770 2901 1884 2965 καὶ
1941 2899 2016 2965 ἐν
2073 2903 2406 2986 Κολλυτῷ
2458 2925 2628 2968 ποτε

386 3000 726 3089 Οἰνόμαον
777 2999 1311 3089 ὑποκρινόμενος
1353 3004 1726 3069 κατέπεσεν
1770 3040 1871 3079 —‚
1932 3015 1992 3069 et
2035 3028 2067 3069 e
2114 3010 2487 3071 Demochare
2533 3030 2626 3088 ap.

381 3115 576 3175 Anon.
600 3116 701 3174 vit.
727 3114 967 3174 Aeson:
1008 3142 1083 3152 —-
1113 3101 1498 3191 Δημοχάρης
1532 3106 1602 3170 δὲ
1636 3099 1674 3170 ὁ
1707 3096 2110 3185 ἀδελφιδοῦς
2136 3100 2595 3191 Δημοσθένου
2572 3132 2626 3185 c,

384 3209 440 3276 εἰ
502 3203 631 3295 ἄρα
696 3212 1093 3274 πιστευτέον
1157 3201 1343 3293 αὐτῷ
1415 3210 1682 3292 λέγοντι
1755 3207 1912 3291 περὶ
1990 3206 2347 3292 Αἰσχίνου,
2426 3210 2629 3295 φησὶν

380 3302 747 3398 Ἰσχάνδρου
834 3313 958 3377 τοῦ
1040 3312 1398 3395 τραγῳδοῦ
1483 3306 2019 3394 τριταγωνιστὴν
2100 3309 2414 3394 γενέσθαι
2503 3308 2628 3377 τὸν

385 3416 707 3500 Αἰσχίνην
765 3415 881 3479 καὶ
937 3405 1481 3498 ὑποκρινόμενον
1552 3411 1891 3497 Οἰνόμαον
1958 3402 2302 3478 διώκοντα
2355 3414 2630 3479 Πέλοπα

384 3517 667 3603 αἰσχρῶς
716 3530 946 3583 πεσεῖν
995 3517 1109 3581 καὶ
1166 3507 1535 3601 ἀναστῆναι
1578 3509 1718 3581 im}
1764 3515 2159 3592 Σαννίωνος
2202 3519 2325 3581 ‘coi'
2366 3515 2631 3600 χοροδι-

387 3612 729 3686 δασκὰλου
769 3609 1062 3701 (ἐνθένδ’
1092 3604 1217 3683 οὖν
1246 3618 1673 3704 Δημοσθένης
1714 3613 2053 3702 Οἰνόμαον
2083 3608 2292 3682 αὐτὸν
2321 3608 2634 3702 ὀνομάζει

386 3720 557 3807 πρὸς
617 3713 877 3799 εἰδότας
930 3718 1010 3786 τό
1062 3724 1340 3805 πρᾶγμα
1382 3712 1893 3798 {mamistram-Y
1970 3745 2045 3786 ex
2090 3726 2301 3787 eodem
2347 3746 2441 3804 ap.
2484 3728 2634 3787 Har·

387 3850 553 3911 pocr.
605 3851 651 3892 s.
708 3851 764 3891 v.
815 3818 1188 3908 Ἴσχανδρος
1242 3860 1328 3870 -—
1385 3819 1698 3907 τραγικὸς
1769 3810 2138 3909 ὑποκριτὴς
2205 3815 2243 3887 ὃ
2303 3816 2636 3907 ’Ίσχνδρός

387 3929 525 3995 ἐστι
566 3949 580 3963 ·
623 3912 813 3993 δοκεῖ
883 3917 1131 4011 δἀὖτῷ
1202 3920 1862 4010 συνυποκρινόμενος
1920 3923 2235 4011 Αἰσχίνης
2296 3918 2334 3989 ὁ
2412 3920 2634 4010 ῥήτωρ

388 4030 463 4097 ἐν
529 4033 862 4115 Κολλυτῷ
932 4034 1390 4094 καταπεσεῖν.“
1521 4034 1738 4094 Verbis
1803 4017 2201 4111 „doovpatog
2265 4021 2631 4110 Οἰνόμαος“

393 4141 847 4201 Demosthenem
934 4138 1182 4199 eandem
1267 4138 1421 4196 hanc
1494 4138 1888 4196 calamitatem
1971 4136 2296 4213 Collyteam
2364 4138 2638 4212 spectare

393 4245 766 4304 manifestum
832 4247 954 4309 est;
1018 4259 1205 4319 quare
1270 4259 1384 4299 vox
1451 4224 1887 4317 ηάρουραῑος*
1943 4240 1998 4298 in
2049 4239 2163 4297 hoc
2206 4238 2639 4298 sententiarum

2137 4349 2235 4405 13*
