3166 4871
2523 245 2644 307 129

401 421 514 498 plis
557 421 703 480 satis
762 420 1115 496 intelligitur
1180 420 1474 480 Keckium
1548 438 1758 498 parum
1834 425 1995 480 recte
2071 418 2438 479 contendere
2493 418 2640 478 illud

400 516 565 602 πρὶν
639 508 741 581 ὤν
809 542 928 582 non
1003 540 1182 600 posse
1252 522 1615 600 siguificare.
1684 523 1734 581 is
1805 523 1908 599 qui
1971 518 2208 589 fuit3²);
2285 520 2429 580 nihil
2489 521 2644 581 enim

403 624 604 685 differt
661 625 774 686 hoc
833 619 998 704 πρὶν
1052 611 1152 684 ὢν
1213 625 1288 685 ab
1349 626 1481 702 illo,
1551 625 1716 702 quod
1788 643 1975 701 supra
2044 624 2382 684 attulimus:
2454 610 2648 693 ὄντες

404 716 703 804 ἔχθιστοι
746 717 827 786 τὸ
856 721 1021 806 πρίν
1065 729 1120 787 h.
1152 745 1202 787 e.
1247 720 1315 785 οἳ
1343 718 1644 805 ἔχθιστοι
1673 717 1847 804 ἦσαν
1875 711 1955 784 τό
1993 719 2173 804 πρίν.
2266 727 2647 786 Hermannus

406 829 678 906 quidem,
723 832 827 908 qui
872 830 1252 891 scribendum
1297 835 1501 907 putat:
1547 812 1632 887 οὗ
1678 822 2010 904 λελέξεται
2053 821 2219 906 πρὶν
2276 815 2410 900 ὥν,
2471 828 2650 887 vertit

407 931 523 991 hoc
553 933 759 993 modo:
812 952 1062 1010 „neque,
1095 934 1195 1010 qui
1227 937 1406 993 autea
1436 938 1653 1010 potens
1685 937 1830 1008 erat,
1877 950 1996 991 non
2029 931 2262 991 dicetur
2292 928 2528 991 fuisse.“
2563 960 2650 969 —

579 1050 699 1113 Sed
758 1052 952 1129 quid?
1010 1053 1313 1131 participii
1372 1053 1707 1130 praesentis
1765 1050 1980 1112 Gracci
2038 1070 2237 1112 nonne
2297 1050 2503 1112 eadem
2560 1055 2652 1110 est

410 1153 680 1215 condicio
725 1164 906 1232 atque
949 1154 1192 1215 Latini?
1280 1156 1339 1216 Si
1391 1155 1631 1232 quidem
1677 1172 1884 1214 verum
1930 1157 2272 1231 spectantes
2316 1152 2653 1214 accuratius

410 1258 772 1335 quaerimus,
815 1259 874 1316 in
921 1276 993 1317 eo
1036 1259 1402 1318 conveniunt
1445 1263 1504 1317 et
1532 1257 1812 1317 Latinum
1860 1260 1921 1316 et
1950 1254 2243 1316 Graecum
2274 1254 2653 1333 participium

411 1360 771 1437 praesentis,
829 1361 993 1438 quod
1038 1360 1314 1438 neglecta
1358 1361 1645 1438 temporis
1689 1361 1933 1420 notione
1979 1360 2272 1419 actionem
2315 1356 2656 1434 significant

412 1462 850 1540 imperfectam
917 1469 981 1524 at
1035 1481 1183 1524 vero
1239 1463 1419 1541 plane
1479 1463 1767 1523 differunt
1827 1480 1956 1522 usu.
2019 1493 2100 1500 —-
2162 1460 2344 1539 Apud
2405 1460 2656 1522 Latinos

413 1565 571 1625 enim
634 1565 1009 1643 participium
1071 1567 1405 1644 praesentis
1466 1567 1759 1626 actionem
1823 1564 2122 1642 significat
2181 1565 2312 1624 eius
2354 1564 2659 1641 temporis,

413 1668 577 1745 quod
661 1668 845 1729 verbo
929 1670 1024 1729 cui
1083 1670 1462 1747 participium
1521 1669 1822 1729 adiectum
1882 1672 1974 1728 est
2047 1666 2363 1727 iudicatur.
2472 1664 2656 1742 Apud

415 1771 683 1832 Graecos
756 1789 900 1832 vero
978 1772 1134 1832 idem
1199 1771 1579 1849 participium
1650 1771 1946 1831 actionem
2008 1767 2247 1846 quidem
2308 1785 2657 1844 permanen·

413 1880 531 1934 tem
604 1879 664 1934 et
730 1874 926 1950 ipsum
986 1873 1311 1951 significat,
1386 1873 1487 1933 illa
1543 1878 1742 1933 autem
1805 1870 1962 1932 actio
2050 1888 2170 1948 quo
2229 1874 2496 1946 tempore
2555 1887 2658 1945 po·

420 1974 620 2036 nenda
677 1977 782 2052 sit,
846 1995 968 2037 non
1025 1994 1261 2053 semper
1317 1995 1391 2035 ex
1453 1994 1557 2047 eo,
1631 1975 1728 2034 cui
1788 1973 2171 2052 participium
2226 1971 2493 2032 additum
2552 1974 2660 2041 est,

418 2077 635 2147 verbo,
710 2078 817 2137 sed
871 2082 975 2137 aut
1033 2096 1109 2138 ex
1182 2077 1604 2138 additamentis
1669 2075 2125 2152 temporalibus,
2202 2080 2266 2134 ut
2332 2061 2663 2151 πρόσθεν,

419 2168 757 2257 πρότερον
826 2180 1236 2257 similibusque
1310 2178 1613 2240 adverbiis
1681 2179 1780 2238 vel
1837 2177 2259 2255 substantivis,
2320 2177 2380 2235 in
2443 2175 2663 2253 quibus

423 2280 719 2358 quaedam
779 2283 1064 2359 temporis
1109 2282 1270 2343 notio
1314 2282 1499 2358 inest,
1558 2286 1662 2340 aut
1707 2280 1807 2340 ubi
1849 2280 1953 2339 illa
1997 2279 2404 2339 additamenta
2447 2278 2667 2338 absunt

423 2403 497 2444 ex
544 2402 778 2445 conexu
825 2386 1254 2446 sententiarum
1300 2384 1696 2461 cognoscitur.
1783 2382 1928 2443 Tria
1983 2382 2168 2460 igitur
2211 2380 2354 2443 inde
2396 2379 2665 2458 proficis·

425 2494 642 2549 cuntur
687 2506 832 2548 usus
875 2505 1131 2565 genera,
1193 2505 1349 2565 quae
1394 2486 1688 2563 exemplis
1732 2486 2035 2546 illustrare
2081 2485 2269 2545 liceat.
2355 2486 2447 2544 Ac
2491 2481 2665 2561 primi

424 2590 665 2668 quidem
710 2591 949 2668 generis
994 2590 1270 2668 exempla
1315 2592 1456 2649 sunt
1499 2589 1679 2649 haec:

509 2709 569 2782 a)
629 2712 825 2771 Prom.
856 2714 996 2773 366.
1039 2696 1285 2788 ἥμενος
1327 2701 1813 2788 μυδροκτυπεῖ,
1863 2707 2240 2785 participium
2270 2707 2331 2764 in
2363 2706 2666 2783 praesenti

628 2821 927 2890 tempore,
989 2812 1150 2890 quod
1218 2812 1403 2871 verbo
1461 2805 1925 2888 μυδροκτυπεῖ
1978 2808 2312 2880 indicatur,
2372 2808 2669 2878 statuitur,

631 2914 817 2974 veluti
845 2916 895 2974 si
925 2913 1160 2973 diceres
1195 2910 1366 2990 λέγει
1394 2909 1627 2989 γελῶν.
1672 2910 1745 2973 cf.
1777 2911 1973 2970 Prom.
2007 2913 2188 2972 1001.
2277 2909 2539 2987 Choeph.
2575 2911 2671 2968 12.

638 3019 734 3076 15.
782 3018 878 3075 18.
927 3021 1040 3075 etc.

516 3133 579 3208 b)
635 3137 800 3196 Pers.
824 3139 923 3197 20.
955 3124 1217 3210 ἔβαν-
1239 3128 1666 3212 παρέχοντες,
1698 3133 2077 3211 participium
2100 3133 2157 3193 in
2181 3131 2505 3209 praeterito
2528 3134 2670 3190 tem-

637 3256 785 3316 pore
831 3238 1126 3309 statuitur,
1173 3237 1315 3314 quia
1358 3236 1643 3351 rescitur
1667 3234 1744 3294 ad
1788 3236 2179 3312 praeteritum
2218 3230 2552 3307 (aoristum)
2598 3232 2671 3292 cf.

635 3343 798 3419 Sept.
838 3343 980 3402 802.
1038 3340 1177 3400 ibid.
1231 3343 1410 3401 1015.
1456 3325 1547 3408 ὡς
1609 3321 1749 3396 ὄντ’
1810 3321 2236 3415 αναστατῆρα
2294 3334 2401 3409 (=
2455 3318 2530 3406 ὃς
2587 3320 2677 3413 ἦν

644 3429 1047 3522 ἀναστατήρ,
1093 3443 1275 3503 veluti
1308 3459 1383 3512 ος
1413 3433 1675 3519 ἐγένετο
1712 3423 2138 3518 ἆναστατήρ),
2169 3430 2226 3496 εἰ
2253 3427 2342 3518 μή
2369 3455 2471 3508 τις
2501 3427 2673 3516 ἔστη.

520 3560 576 3634 c)
634 3563 831 3622 Prom.
860 3567 1004 3624 444.
1050 3555 1222 3638 λέξω
1266 3592 1348 3601 -
1394 3550 1566 3639 ἔχων
1609 3590 1696 3601 -
1741 3547 2205 3640 ἐξηγούμενος,
2250 3556 2569 3636 participia
2612 3557 2674 3616 in

638 3664 842 3725 futuro
888 3670 1155 3743 tempore
1199 3669 1565 3742 statuuntur,
1608 3664 1751 3740 quia
1793 3661 1999 3722 addita
2043 3664 2185 3721 sunt
2228 3659 2444 3721 futuro.

604 3769 869 3828 Alterius
916 3785 1060 3828 vero
1105 3768 1345 3845 generis
1389 3765 1664 3842 exempla
1707 3768 1849 3825 sunt
1893 3765 2069 3824 haec:

521 3871 581 3945 a)
641 3872 821 3951 Soph.
878 3872 972 3949 Aj.
1019 3874 1160 3933 338.
1224 3853 1394 3949 ἁνήρ
1440 3858 1658 3928 ἔοικεν
1712 3854 1755 3948 ἢ
1811 3873 2038 3927 νοσεῖν
2096 3852 2138 3945 ἢ
2200 3871 2372 3938 τοῖς
2431 3852 2677 3924 πάλαι

607 4141 678 4207 ²²)
720 4136 897 4194 Keck.
946 4136 1034 4191 ad.
1082 4134 1134 4189 h.
1181 4135 1401 4190 locum:.
1441 4130 1576 4204 πρὶν
1626 4125 1708 4187 ὢν
1753 4131 1845 4187 fiir
1892 4132 2013 4196 „ein
2062 4136 2420 4201 gewesener“
2471 4129 2548 4183 ist
2583 4143 2682 4182 un-

436 4222 764 4292 griechiscb.

2204 4319 2276 4372 9*
