3166 4871
2522 292 2641 354 187

408 466 694 520 memorat
780 461 1017 538 apolog.
1090 467 1128 523 ὅ
1218 447 1409 540 ,,άλλ’
1492 454 1557 523 οἱ
1638 456 1761 541 μὲν
1839 469 1981 534 τοῖς
2057 469 2398 544 τραγικοῖς
2476 452 2643 524 ὑπο-

405 568 660 640 κριταῖς
726 551 1137 635 εἰκάσουσιν,
1207 557 1274 624 οἳ
1332 557 1444 624 ἐπὶ
1513 559 1638 643 μὲν
1711 562 1830 643 τῆς
1908 563 2152 647 σκηνῆς
2223 550 2641 644 Ἀγαμέμνων

402 652 678 734 ἕκαστος
732 648 961 723 αὐτῶν
1018 651 1059 746 ἢ
1121 655 1354 744 Κρέων
1411 652 1452 747 ἢ
1504 651 1709 738 αὐτὸς
1757 654 2079 748 Ἡρακλῆς
2127 660 2318 740 εἰσιν,
2379 657 2507 743 ἔξω
2567 662 2641 728 δὲ

405 764 645 837 [la-204.-
703 753 744 845 ἢ
805 751 1262 848 Ἀριστόδημος
1323 756 1742 847 ὑποθέμενοι
1794 759 1884 828 τὰ
1933 776 2329 848 προσωπεῖα
2380 764 2640 849 γίγνον-

401 886 510 928 ται
597 856 964 947 ’ἱπόμισθοι
1051 866 1586 949 τραγῳδοῦντες,
1692 864 2135 943 ἐκπίπτοντες
2221 867 2329 931 καὶ
2424 884 2639 952 συριτ-

400 957 700 1048 τόμενοι,
759 963 974 1031 ἐνίοτε
1035 965 1108 1031 δὲ
1164 966 1276 1032 καὶ
1327 963 1841 1052 μαστιγούμενοί
1884 991 2061 1045 τινες
2103 959 2363 1048 αὐτῶν,
2422 963 2512 1048 ὡς
2554 963 2639 1035 ἂν

399 1071 499 1153 τῷ
541 1059 816 1154 θεάτρῳ
860 1068 1077 1152 δοκῇ“.
1168 1077 1232 1135 In
1287 1077 1621 1155 principum
1669 1081 1935 1137 actorum
1981 1078 2338 1154 tragicorum
2388 1098 2637 1141 numero

401 1178 711 1255 reponitur
754 1180 813 1238 in
859 1180 988 1239 Jov.
1019 1183 1171 1256 trag.
1202 1184 1302 1256 41,
1347 1180 1448 1238 ubi
1489 1181 1694 1239 Darnis
1724 1180 1976 1241 Timocli
2021 1180 2373 1259 respondet:
2418 1165 2637 1257 ,,Αλλ’,

399 1266 456 1339 (ὃ
499 1269 930 1359 γενναιότατε
979 1267 1377 1356 φιλοσόφων
1432 1272 1796 1360 Τιμόκλεις,
1858 1274 1914 1341 εἰ
1958 1280 2235 1342 τοιαῦτα
2278 1278 2638 1355 ποιοῦντες

398 1374 460 1442 οἱ
529 1377 862 1461 τραγῳδοὶ
933 1377 1285 1443 πεπείκασί
1349 1395 1448 1457 σε,
1530 1369 1788 1465 ἀνάγκη
1856 1378 2049 1444 δυοῖν
2113 1374 2415 1463 θάτερον
2485 1373 2635 1465 ἤτοι

397 1481 647 1546 Πῶλον
697 1479 823 1544 ’καὶ
869 1470 1343 1567 Ἀριστόδημον
1402 1482 1508 1546 καὶ
1573 1473 1896 1566 Σάτυρον
1953 1474 2261 1568 ἡγεῖσθαι
2316 1499 2388 1548 σε
2435 1475 2637 1561 θεοὺς

396 1577 566 1649 εἶναι
609 1577 764 1649 τότε
810 1574 852 1668 ἢ
896 1578 984 1647 τὰ
1023 1575 1362 1670 πρόσωπα
1407 1587 1548 1649 τῶν
1592 1585 1783 1650 θεῶν
1827 1579 1998 1651 αὐτὰ
2026 1584 2138 1650 καὶ
2166 1580 2325 1661 τοὺς
2352 1581 2638 1668 ἐμβάτας

394 1686 508 1751 καὶ
546 1681 710 1763 τούς
753 1681 1071 1771 ποδήρεις
1116 1687 1224 1751 καὶ
1272 1683 1607 1771 χλαμύδας
1643 1688 1755 1751 καὶ
1783 1686 2072 1772 χειρῖδας
2100 1688 2209 1753 καὶ
2238 1690 2635 1774 προγαστρί-

396 1792 505 1856 δια
564 1789 676 1853 καὶ
736 1783 1036 1872 σωμάτια
1095 1790 1208 1853 καὶ
1275 1782 1520 1868 τᾶλλα,
1588 1783 1689 1866 οἷς
1749 1788 1994 1855 ἐκεῖνοι
2051 1785 2451 1873 σεμνύνουσι
2509 1782 2635 1877 τὴν

393 1890 808 1976 τραγῳδίαν“
850 1927 937 1937 -
980 1899 1242 1974 itemque
1285 1898 1343 1956 iu
1394 1898 1659 1974 eJusdem
1710 1897 1837 1957 libri
1886 1916 2016 1974 cap.
2043 1902 2106 1976 ’3,
2161 1898 2259 1958 ubi
2302 1898 2461 1959 Juno
2493 1900 2630 1960 Jovi

355 2000 561 2060 uicit:
623 1993 736 2070 „Ti
792 1978 921 2058 οὖν
974 1984 1143 2057 ἄλλο
1206 1988 1429 2057 δεινὸν
1477 1986 1562 2057 ἂν
1604 1992 1893 2076 γένοιτο;
1957 1983 2081 2076 οὐχ
2126 1985 2267 2079 ὁρῶ
2306 1989 2458 2078 γὰρ,
2519 1985 2631 2062 ὅτε

390 2091 479 2182 μὴ
526 2091 611 2160 τὰ
651 2097 936 2159 τοιαῦτα
977 2098 1398 2179 παραλυπεῖ,
1458 2085 1706 2179 ἐφ’ὅτῳ
1768 2097 2005 2173 Πῶλος
2064 2087 2105 2183 ἢ
2169 2085 2631 2185 Ἀριστόδημος

307 2239 326 2250 =
392 2190 541 2264 άντὶ
574 2188 729 2273 Διὸς
771 2190 927 2284 ἡμῖν
958 2187 1392 2283 άναπέφηνας
1439 2202 1645 2277 (schol.
1701 2235 1817 2276 „·—
1849 2200 2085 2271 Πῶλος
2118 2198 2189 2264 δὲ
2220 2199 2332 2264 καὶ
2354 2188 2630 2286 Άριστό-

393 2303 596 2387 δημος
640 2287 1004 2385 ὑποκριταὶ
1046 2299 1508 2385 περιφανεῖς“).

561 2411 613 2471 Α
668 2409 860 2472 Gellio
914 2411 970 2471 in
1033 2413 1185 2472 noct
1242 2415 1345 2471 att.
1392 2409 1494 2487 VI,
1539 2414 1576 2472 5
1638 2414 1955 2472 enarratur
2008 2410 2295 2490 „historia
2354 2411 2428 2473 de
2480 2412 2631 2474 Polo

392 2515 679 2575 histrione
725 2518 1051 2574 memoratu
1098 2505 1330 2591 digna“.
1417 2513 1679 2585 „Histrio
1726 2515 1785 2573 in
1830 2518 1994 2573 terra
2023 2511 2280 2574 Graecia
2326 2514 2437 2575 fuit
2474 2514 2632 2576 fama

389 2617 638 2695 celebri,
697 2617 798 2695 qui
858 2617 1125 2694 gestibus
1186 2620 1245 2677 et
1306 2617 1470 2677 vocis
1524 2615 1884 2677 claritudine
1940 2619 2001 2677 et
2057 2620 2371 2679 venustate
2416 2618 2631 2679 ceteris

386 2721 751 2797 antestabat3
827 2740 1040 2781 nomen
1109 2719 1292 2780 fuisse
1361 2720 1534 2798 ajunt
1594 2719 1831 2789 Polum;
1907 2717 2256 2796 tragoedias
2320 2722 2629 2798 poetarum

385 2824 663 2884 nobilium
719 2824 864 2884 scite
921 2828 1102 2901 atque
1148 2826 1492 2883 asseverate
1538 2822 1823 2881 actitavit.
1914 2821 1974 2881 Is
2018 2820 2206 2881 Polus
2251 2822 2427 2881 unice
2472 2841 2628 2883 ama·

385 2930 509 2985 tum
569 2925 752 2985 filium
819 2927 1009 2985 morte
1065 2926 1274 2984 amisit.
1377 2925 1524 2984 Eum
1588 2925 1812 2984 luctum
1877 2941 2060 3000 quum
2121 2924 2264 2983 satis
2319 2924 2484 2984 visus
2541 2929 2634 2985 est

388 3028 660 3104 eluxisse,
705 3025 880 3087 rediit
925 3026 998 3086 ad
1050 3032 1361 3103 quaestum
1410 3027 1572 3086 artis.
1648 3026 1715 3084 In
1762 3044 1833 3086 eo
1865 3030 2132 3102 tempore
2168 3024 2418 3086 Athenis
2462 3027 2630 3087 Elec-

388 3136 539 3190 tram
584 3128 899 3206 Sophoclis
944 3132 1191 3188 acturus
1236 3132 1472 3205 gestare
1521 3145 1730 3187 urnam
1778 3126 1950 3204 quasi
1997 3145 2129 3187 cum
2159 3126 2356 3189 Oresti
2399 3128 2631 3189 ossibus

387 3231 658 3292 debebat.
746 3231 839 3291 Ita
896 3229 1287 3308 compositum
1359 3230 1597 3289 fabulae
1658 3232 2074 3306 argumentum
2139 3233 2253 3302 est,
2317 3234 2381 3290 ut
2442 3230 2629 3291 veluti

388 3335 590 3395 fratris
633 3333 914 3410 reliquias
959 3331 1161 3393 ferens
1207 3333 1444 3392 Electra
1490 3331 1819 3407 comploret
1864 3331 2433 3412 commisereturque
2477 3333 2628 3394 inte-

383 3437 561 3498 ritum
618 3436 776 3513 ejus,
834 3435 938 3512 qui
993 3454 1103 3513 per
1157 3435 1275 3495 vim
1330 3435 1659 3495 exstinctus
1717 3435 2110 3494 existImatur.
2197 3435 2390 3511 Igitur
2444 3435 2628 3496 Polus

384 3539 622 3615 lugubri
680 3537 886 3597 habitu
943 3538 1219 3598 Electrae
1281 3536 1526 3596 indutus
1587 3555 1724 3597 ossa
1778 3540 1961 3613 atque
2015 3554 2221 3595 urnam
2269 3555 2304 3595 a
2346 3537 2624 3613 sepulcro

383 3641 521 3701 tulit
566 3639 696 3717 filii,
739 3644 802 3700 et
845 3641 1015 3717 quasi
1062 3639 1259 3701 Oresti
1305 3640 1621 3717 amplexus
1667 3639 1934 3716 opplevit
1978 3640 2177 3700 omnia
2220 3658 2340 3700 non
2385 3639 2625 3699 simula-

382 3743 500 3804 cris
547 3761 743 3820 neque
788 3743 1186 3819 imitamentis,
1229 3741 1335 3803 sed
1381 3743 1541 3802 luctu
1586 3748 1767 3820 atque
1816 3741 2089 3802 lamentis
2120 3743 2278 3802 veris
2309 3746 2370 3802 et
2397 3743 2626 3820 spiran-

381 3847 555 3907 tibus.
643 3846 854 3922 Itaque
914 3865 1098 3923 quum
1158 3847 1252 3921 agi
1315 3844 1517 3905 fabula
1578 3844 1918 3923 videretur,
1979 3844 2149 3905 dolor
2206 3847 2437 3906 accitus
2482 3836 2627 3905 est.“

379 3949 649 4010 Pertinet
695 3949 809 4008 hoc
852 3948 927 4008 ad
975 3948 1251 4008 Electrae
1299 3949 1679 4024 monologum
1725 3966 1761 4006 a
1806 3965 1860 4006 v.
1911 3951 2073 4010 1126
2119 3948 2520 4026 incipientem:

594 4037 691 4130 „³9
738 4036 1073 4127 φιλτάτου
1117 4055 1440 4130 μνημεῖον
1488 4033 1881 4129 ἀνθρώπων
1925 4041 2072 4127 ἐμοὶ

593 4150 808 4234 ψυχῆς
853 4138 1155 4233 Ὀρέστου
1203 4142 1468 4225 λοιπόν,
1513 4138 1610 4223 ὥς
1654 4138 1712 4211 o'
1754 4135 1869 4211 υπ’
1912 4145 2206 4211 ἐλπίδων

592 4240 717 4333 οὐχ
762 4251 987 4334 ῶνπερ
1036 4245 1408 4334 ἐξέπεμπον
1454 4244 1898 4334 εἰσεδεξάμην.
