3166 4871
577 255 700 316 222

573 428 749 505 plura
793 428 967 486 etiam
1014 426 1244 499 omittit,
1290 426 1366 486 de
1416 427 1638 503 quibus
1685 427 1826 486 mihi
1873 431 2153 486 accurate
2198 426 2495 504 agendum
2543 428 2683 487 erit:
2735 427 2818 486 ita

573 532 730 591 enim
776 550 848 590 ex
894 531 1243 607 quaestione
1305 528 1617 606 proposita
1662 547 1783 588 rem
1828 529 2113 601 instituit,
2176 536 2243 589 ut
2286 548 2490 589 omnes
2535 534 2818 589 tractaret

572 633 765 710 locos,
808 632 1022 709 quibus
1068 633 1347 717 universe
1394 632 1468 691 de
1513 631 1762 691 Graecis
1811 649 2005 691 sermo
2054 641 2171 709 est,
2230 650 2476 708 prorsus
2519 631 2819 692 omitteret

574 754 695 806 eos,
741 736 841 795 ubi
872 733 1079 796 Cicero
1130 734 1205 794 de
1249 735 1505 811 singulis
1550 734 1732 812 hujus
1778 736 1984 811 populi
2031 735 2174 794 viris
2207 734 2463 812 judicat.
2551 734 2818 810 Accedit,

574 837 735 915 quod
795 838 943 897 ratio
1008 836 1352 914 disputandi
1413 854 1483 895 ac
1545 835 1860 913 judicandi
1920 837 2001 895 illi
2062 836 2313 912 probata
2374 838 2607 897 minime
2676 836 2815 896 mihi

573 941 786 1019 placet.
872 940 1023 999 Nam
1072 957 1222 1010 cum,
1270 942 1337 998 ιιι
1379 939 1656 1016 plerique
1701 945 1839 998 ante
1879 945 2141 999 nostram
2186 945 2460 1016 aetatem,
2502 941 2562 998 in
2610 957 2815 999 eorum

574 1044 650 1103 sit
693 1060 963 1118 numero,
1009 1042 1111 1118 qui
1162 1042 1389 1117 ingenti
1436 1043 1692 1101 oratoris
1739 1040 2046 1102 Ciceronis
2091 1041 2483 1102 admiratione
2542 1040 2820 1101 commoti

573 1145 771 1204 omnia
812 1161 1002 1220 paene
1047 1144 1106 1202 in
1154 1161 1257 1220 eo,
1321 1142 1370 1202 si
1419 1143 1612 1202 minus
1656 1142 1888 1202 laudari
1933 1147 2215 1218 possunt,
2276 1150 2439 1204 certe
2483 1144 2567 1203 ita
2611 1142 2816 1203 defen·
2856 1133 2859 1138 ’

574 1245 773 1307 denda
815 1251 877 1305 et
917 1244 1374 1323 interpretanda
1436 1263 1567 1305 esse
1616 1244 2001 1323 arbitrantur,
2063 1250 2126 1305 ut
2169 1245 2394 1321 gloriae
2451 1246 2581 1323 eJus
2636 1263 2814 1322 quam

574 1349 816 1408 minima
859 1346 1209 1407 detrahatur
1253 1347 1585 1425 particula,
1644 1348 1825 1406 multo
1886 1347 2078 1407 lenius
2124 1348 2197 1407 de
2254 1349 2325 1407 iis
2370 1348 2517 1407 locis
2567 1347 2818 1426 judicat,

572 1450 675 1510 ubi
720 1450 1067 1510 Ciceronem
1113 1449 1318 1526 inique
1364 1448 1439 1509 de
1491 1450 1738 1509 Graecis
1784 1449 2122 1526 disputasse
2167 1452 2375 1526 negari
2423 1469 2541 1510 non
2587 1455 2817 1528 potest:

574 1552 718 1612 dicit
775 1551 931 1611 enim
992 1550 1150 1610 haud
1215 1551 1398 1611 semel
1456 1551 1644 1611 solam
1707 1550 1835 1611 fere
1893 1552 2224 1630 iniquitatis
2301 1570 2570 1612 caussam
2633 1552 2818 1612 fuisse

576 1654 739 1714 illius
771 1652 1016 1712 nimium
1062 1658 1123 1712 et
1165 1670 1360 1730 paene
1405 1670 1649 1712 caecum
1696 1655 1926 1729 patriae
1966 1671 2243 1729 amorem,
2288 1672 2669 1731 quamquam,
2713 1653 2816 1730 qui

575 1774 736 1816 nunc
779 1755 907 1814 sine
949 1754 1040 1814 ira
1083 1760 1143 1814 et
1184 1753 1384 1814 studio
1436 1753 1717 1833 judicare
1765 1756 1910 1832 vult,
1974 1754 2172 1815 facere
2220 1773 2337 1814 non
2383 1757 2621 1832 poterit,
2668 1756 2812 1831 quin

573 1857 864 1918 concedat
921 1857 1261 1935 saepissime
1321 1856 1670 1918 Ciceronem
1732 1887 1816 1897 —
1879 1863 1944 1916 ut
2001 1859 2113 1917 hoc
2174 1857 2306 1917 loco
2366 1858 2512 1917 alias
2575 1875 2815 1917 caussas

575 1960 839 2019 omittam
884 1988 966 1998 —
1013 1977 1089 2019 ex
1135 1960 1410 2019 consulto
1456 1959 1642 2019 falsas
1697 1959 1917 2020 dixisse
1965 1960 2318 2037 sententias,
2373 1966 2440 2020 ut
2496 1960 2814 2037 superbiae

569 2063 1005 2138 Romanorum,
1063 2062 1286 2139 quippe
1351 2080 1606 2137 quorum
1663 2061 1886 2121 favoris
1932 2061 2350 2138 cupidissimus
2405 2066 2590 2133 esset,
2655 2061 2814 2121 blan-

571 2164 820 2224 diretur.
917 2162 1073 2223 Sane
1134 2164 1297 2223 illum
1363 2164 1474 2224 hoc
1531 2182 1649 2224 uon
1702 2164 2064 2225 intellexisse
2128 2166 2229 2224 vix
2287 2165 2497 2224 mirum
2558 2164 2816 2240 videtur,

570 2267 849 2345 quoniam
913 2271 1079 2325 tanta
1133 2266 1193 2325 in
1251 2285 1321 2326 eo
1384 2270 1474 2327 est
1519 2266 1824 2327 Ciceronis
1882 2265 2228 2338 admiratio,
2290 2273 2357 2325 ut
2415 2285 2552 2343 pag.
2594 2269 2634 2326 4
2681 2283 2813 2326 eum

570 2370 847 2430 eximium
909 2367 1332 2446 philosophum
1391 2369 1701 2447 appellare
1765 2388 1882 2428 non
1951 2369 2185 2429 dubitet
2243 2381 2304 2430 et
2348 2389 2482 2448 pag.
2513 2374 2551 2430 5
2615 2370 2814 2430 Crassi

569 2472 770 2532 verbis
813 2469 894 2544 (d.
940 2490 1020 2531 or.
1058 2475 1113 2548 1,
1139 2473 1285 2541 195)
1332 2471 1546 2531 leviter
1594 2472 1833 2531 mutatis
1878 2474 1963 2532 ita
2010 2471 2213 2532 dicere
2261 2473 2510 2533 audeat:
2560 2473 2812 2545 „Biblio-

568 2574 775 2634 thecas
806 2572 1143 2632 mehercule
1187 2572 1574 2649 plurimorum
1616 2572 1917 2644 librorum,
1966 2575 2363 2634 recentiorum
2394 2576 2664 2652 inprimis
2692 2592 2813 2634 una

570 2675 709 2734 mihi
753 2675 1034 2735 videntur
1064 2673 1371 2735 Ciceronis
1403 2693 1593 2753 opera
1637 2682 1696 2737 et
1724 2676 2097 2734 auctoritatis
2125 2675 2395 2753 pondere
2441 2681 2500 2735 et
2544 2676 2813 2736 utilitatis

568 2776 841 2838 ubertate
882 2778 1220 2854 superare.“
1315 2778 1640 2837 Praeterea
1670 2778 1729 2837 in
1767 2777 2014 2855 judiciis
2046 2777 2353 2838 Ciceronis
2400 2778 2812 2838 examinandis

567 2880 695 2940 fere
739 2897 987 2956 prorsus
1046 2879 1107 2938 id
1153 2879 1464 2939 attendere
1525 2881 1825 2957 neglexit,
1886 2879 2047 2957 quod
2097 2879 2390 2940 interdum
2439 2880 2598 2939 haud
2662 2881 2811 2940 levis

509 3046 514 3051 ,
569 2982 849 3043 momenti
895 3000 1026 3042 esse
1073 2981 1424 3059 videbimus,
1470 2986 1670 3041 utrum
1716 2983 1846 3059 ipse
1894 2981 2102 3043 Cicero
2149 2984 2504 3042 sententiam
2550 2983 2810 3059 aliquam

567 3084 868 3163 proferret
923 3101 999 3143 an
1062 3084 1242 3143 alium
1306 3084 1460 3142 hanc
1525 3082 1818 3143 dicentem
1876 3083 2205 3143 induceret.
2304 3084 2472 3158 Quae
2530 3102 2661 3143 cum
2729 3085 2811 3144 ita

568 3187 710 3258 sint,
771 3186 946 3247 facile
1001 3186 1382 3263 intellegitur,
1441 3186 1606 3245 Petri
1651 3205 1707 3245 v.
1754 3186 1808 3244 d.
1869 3186 2030 3262 Chys
2089 3186 2355 3245 libellum
2417 3205 2534 3246 nou
2593 3206 2809 3263 magno

567 3289 711 3347 mihi
752 3287 937 3349 fuisse
970 3290 1121 3349 usui.
1210 3289 1409 3366 Atque
1455 3306 1587 3347 cum
1620 3288 1793 3364 alius,
1839 3287 2011 3364 cujus
2058 3294 2408 3363 argumento
2456 3289 2643 3365 major
2676 3308 2808 3348 cum

566 3407 698 3449 meo
729 3389 1066 3450 intercedat
1096 3389 1442 3467 similitudo,
1472 3389 1638 3467 quod
1671 3392 1869 3461 sciam,
1902 3408 2020 3450 non
2054 3394 2261 3461 exstet,
2301 3409 2519 3466 operae
2549 3393 2808 3467 pretium

565 3491 822 3569 videtur,
865 3492 1011 3568 quid
1044 3509 1180 3551 cum
1212 3492 1286 3552 de
1315 3491 1559 3568 ingenio
1593 3496 1654 3552 et
1684 3492 1912 3570 litteris,
1957 3496 2081 3552 tum
2112 3492 2188 3552 de
2219 3494 2411 3569 poetis
2444 3492 2808 3553 Graecorum

566 3592 775 3655 Cicero
833 3595 1115 3670 senserit,
1176 3594 1260 3653 ita
1305 3611 1637 3670 exponere,
1700 3598 1764 3653 ut
1823 3596 2001 3654 etiam
2065 3612 2170 3666 ea,
2232 3612 2388 3671 quae
2450 3594 2526 3655 de
2579 3595 2810 3655 Latinis

561 3694 775 3755 litteris
818 3696 1101 3772 protulit,
1145 3701 1435 3773 quantum
1484 3714 1636 3773 opus
1678 3695 1949 3773 videtur,
2001 3697 2343 3772 respiciam:
2405 3715 2584 3773 quam
2629 3714 2809 3773 quae-

564 3796 816 3857 stionem
849 3796 925 3856 ad
954 3797 1256 3875 ingenium
1289 3815 1603 3874 moresque
1636 3802 1697 3857 et
1726 3798 1802 3858 ad
1834 3799 2062 3875 scripta
2094 3798 2400 3859 Ciceronis
2440 3802 2604 3858 recte
2633 3797 2807 3858 aesti-

563 3899 781 3960 manda
825 3917 944 3959 non
973 3917 1221 3978 prorsus
1249 3899 1516 3960 inutilem
1562 3916 1693 3960 esse
1734 3900 1997 3960 futuram
2044 3900 2184 3959 mihi
2238 3917 2591 3979 persuasum
2637 3896 2809 3973 est.³)

733 4063 778 4128 ¹)
813 4061 1124 4116 Notandum
1169 4061 1396 4116 videtur
1447 4076 1637 4116 omnes
1696 4060 1980 4117 Ciceronis
2025 4061 2179 4116 locos
2236 4076 2306 4116 ex
2342 4061 2590 4117 editione
2635 4062 2810 4117 altera

564 4145 755 4201 Orellii
783 4161 817 4200 a
842 4147 902 4201 C.
927 4146 1145 4201 Halmio
1183 4156 1239 4200 et
1263 4147 1328 4201 G.
1354 4147 1581 4201 Baitero
1619 4147 1689 4200 ad
1716 4145 1879 4200 finem
1920 4146 2191 4213 perducta
2224 4146 2303 4200 ita
2336 4161 2423 4201 me
2446 4148 2807 4215 prolaturum,

561 4238 628 4285 ut
659 4232 1038 4302 paragraphos
1072 4234 1211 4299 (non
1245 4231 1454 4301 capita)
1492 4231 1838 4300 singulorum
1876 4230 2141 4285 librorum
2178 4230 2431 4285 indicem.
