<?xml version="1.0" encoding="UTF-8"?>
<!DOCTYPE html PUBLIC "-//W3C//DTD XHTML 1.0 Transitional//EN"
    "http://www.w3.org/TR/xhtml1/DTD/xhtml1-transitional.dtd">
<html xmlns="http://www.w3.org/1999/xhtml" xml:lang="en" lang="en">
 <head>
  <title>
</title>
<meta http-equiv="Content-Type" content="text/html;charset=utf-8" />
  <meta name='ocr-system' content='tesseract 3.04.00' />
  <meta name='ocr-capabilities' content='ocr_page ocr_carea ocr_par ocr_line ocrx_word'/>
</head>
<body>
  <div class='ocr_page' id='page_1' title='image "./dissertationesp00hallgoog_0405.png"; bbox 0 0 3166 4871; ppageno 0'>
   <div class='ocr_carea' id='block_1_1' title="bbox 2579 294 2658 356">
    <p class='ocr_par' dir='ltr' id='par_1_1' title="bbox 2579 294 2658 356">
     <span class='ocr_line' id='line_1_1' title="bbox 2579 294 2658 356; baseline 0 0"><span class='ocrx_word' id='word_1_1' title='bbox 2579 294 2658 356; x_wconf 79' lang='lat'><strong><em>53</em></strong></span> 
     </span>
    </p>
   </div>
   <div class='ocr_carea' id='block_1_2' title="bbox 1488 468 1590 532">
    <p class='ocr_par' dir='ltr' id='par_1_2' title="bbox 1488 468 1590 532">
     <span class='ocr_line' id='line_1_2' title="bbox 1488 468 1590 532; baseline 0.029 -4"><span class='ocrx_word' id='word_1_2' title='bbox 1488 468 1590 532; x_wconf 87' lang='grc'><strong><em>75.</em></strong></span> 
     </span>
    </p>
   </div>
   <div class='ocr_carea' id='block_1_3' title="bbox 459 576 2638 1079">
    <p class='ocr_par' dir='ltr' id='par_1_3' title="bbox 459 576 2638 1079">
     <span class='ocr_line' id='line_1_3' title="bbox 577 576 2168 670; baseline 0 -23"><span class='ocrx_word' id='word_1_3' title='bbox 577 576 827 662; x_wconf 82' lang='grc' dir='ltr'><strong><em>Ὄλβιοι</em></strong></span> <span class='ocrx_word' id='word_1_4' title='bbox 872 582 940 648; x_wconf 84' lang='grc' dir='ltr'><strong><em>οἳ</em></strong></span> <span class='ocrx_word' id='word_1_5' title='bbox 980 583 1213 670; x_wconf 84' lang='grc' dir='ltr'><strong><em>κείνην</em></strong></span> <span class='ocrx_word' id='word_1_6' title='bbox 1256 579 1459 648; x_wconf 86' lang='grc' dir='ltr'><strong><em>πόλιν</em></strong></span> <span class='ocrx_word' id='word_1_7' title='bbox 1505 576 1735 669; x_wconf 76' lang='grc' dir='ltr'><strong><em>ἀνέρες</em></strong></span> <span class='ocrx_word' id='word_1_8' title='bbox 1780 579 2168 669; x_wconf 80' lang='grc' dir='ltr'><strong><em>οἰκήσουσιν</em></strong></span> 
     </span>
     <span class='ocr_line' id='line_1_4' title="bbox 590 674 2638 772; baseline 0.001 -23"><span class='ocrx_word' id='word_1_9' title='bbox 590 674 797 771; x_wconf 82' lang='grc' dir='ltr'><strong><em>άκτῆς</em></strong></span> <span class='ocrx_word' id='word_1_10' title='bbox 846 686 1160 772; x_wconf 81' lang='grc' dir='ltr'><strong><em>θρηικίης</em></strong></span> <span class='ocrx_word' id='word_1_11' title='bbox 1203 677 1572 770; x_wconf 76' lang='grc' dir='ltr'><strong><em>στενυγρὰν</em></strong></span> <span class='ocrx_word' id='word_1_12' title='bbox 1617 676 1777 771; x_wconf 78' lang='grc' dir='ltr'><strong><em>παρ’</em></strong></span> <span class='ocrx_word' id='word_1_13' title='bbox 1824 680 2040 769; x_wconf 78' lang='grc' dir='ltr'><strong><em>ἄκρον</em></strong></span> <span class='ocrx_word' id='word_1_14' title='bbox 2084 682 2295 769; x_wconf 87' lang='grc' dir='ltr'><strong><em>στόμα</em></strong></span> <span class='ocrx_word' id='word_1_15' title='bbox 2337 682 2602 751; x_wconf 81' lang='grc' dir='ltr'><strong><em>πόντου</em></strong></span> <span class='ocrx_word' id='word_1_16' title='bbox 2625 705 2638 718; x_wconf 93' lang='grc'><em>·</em></span> 
     </span>
     <span class='ocr_line' id='line_1_5' title="bbox 588 777 2383 875; baseline 0.002 -25"><span class='ocrx_word' id='word_1_17' title='bbox 588 783 760 851; x_wconf 78' lang='grc' dir='ltr'><strong><em>ἔνθα</em></strong></span> <span class='ocrx_word' id='word_1_18' title='bbox 805 784 924 853; x_wconf 87' lang='grc' dir='ltr'><strong><em>δύο</em></strong></span> <span class='ocrx_word' id='word_1_19' title='bbox 972 784 1302 865; x_wconf 73' lang='grc' dir='ltr'><strong><em>σκύλακες</em></strong></span> <span class='ocrx_word' id='word_1_20' title='bbox 1344 779 1595 875; x_wconf 78' lang='grc' dir='ltr'><strong><em>πολιὴν</em></strong></span> <span class='ocrx_word' id='word_1_21' title='bbox 1640 784 1968 854; x_wconf 78' lang='grc' dir='ltr'><strong><em>λάπτουσι</em></strong></span> <span class='ocrx_word' id='word_1_22' title='bbox 2014 777 2383 867; x_wconf 78' lang='grc' dir='ltr'><strong><em>θάλασσαν,</em></strong></span> 
     </span>
     <span class='ocr_line' id='line_1_6' title="bbox 587 879 2468 975; baseline 0.002 -22"><span class='ocrx_word' id='word_1_23' title='bbox 587 879 736 953; x_wconf 75' lang='grc' dir='ltr'><strong><em>ἔνθ’</em></strong></span> <span class='ocrx_word' id='word_1_24' title='bbox 778 885 971 974; x_wconf 78' lang='grc' dir='ltr'><strong><em>ἰχθὺς</em></strong></span> <span class='ocrx_word' id='word_1_25' title='bbox 1017 886 1262 973; x_wconf 78' lang='grc' dir='ltr'><strong><em>ἔλαφός</em></strong></span> <span class='ocrx_word' id='word_1_26' title='bbox 1308 915 1379 957; x_wconf 86' lang='grc' dir='ltr'><strong><em>τε</em></strong></span> <span class='ocrx_word' id='word_1_27' title='bbox 1428 887 1641 975; x_wconf 82' lang='grc' dir='ltr'><strong><em>νομὸν</em></strong></span> <span class='ocrx_word' id='word_1_28' title='bbox 1686 882 2008 971; x_wconf 85' lang='grc' dir='ltr'><strong><em>βόσκουσι</em></strong></span> <span class='ocrx_word' id='word_1_29' title='bbox 2054 883 2181 956; x_wconf 81' lang='grc' dir='ltr'><strong><em>τόν</em></strong></span> <span class='ocrx_word' id='word_1_30' title='bbox 2223 881 2468 956; x_wconf 72' lang='grc' dir='ltr'><strong><em>αὐτόν·</em></strong></span> 
     </span>
     <span class='ocr_line' id='line_1_7' title="bbox 459 983 2605 1079; baseline 0.001 -25"><span class='ocrx_word' id='word_1_31' title='bbox 459 996 497 1054; x_wconf 84' lang='grc'>5</span> <span class='ocrx_word' id='word_1_32' title='bbox 587 991 890 1058; x_wconf 80' lang='grc' dir='ltr'><strong><em>στέλλειν</em></strong></span> <span class='ocrx_word' id='word_1_33' title='bbox 934 983 993 1058; x_wconf 74' lang='grc' dir='ltr'><strong><em>δ’</em></strong></span> <span class='ocrx_word' id='word_1_34' title='bbox 1038 983 1130 1071; x_wconf 83' lang='grc' dir='ltr'><strong><em>ῶς</em></strong></span> <span class='ocrx_word' id='word_1_35' title='bbox 1173 987 1426 1059; x_wconf 82' lang='grc' dir='ltr'><strong><em>ῶκιστα</em></strong></span> <span class='ocrx_word' id='word_1_36' title='bbox 1472 994 1586 1059; x_wconf 88' lang='grc' dir='ltr'><strong><em>καὶ</em></strong></span> <span class='ocrx_word' id='word_1_37' title='bbox 1630 993 1722 1071; x_wconf 81' lang='grc' dir='ltr'><strong><em>εἰς</em></strong></span> <span class='ocrx_word' id='word_1_38' title='bbox 1766 993 1979 1079; x_wconf 81' lang='grc' dir='ltr'><strong><em>φρένα</em></strong></span> <span class='ocrx_word' id='word_1_39' title='bbox 2021 989 2247 1060; x_wconf 84' lang='grc' dir='ltr'><strong><em>πάντα</em></strong></span> <span class='ocrx_word' id='word_1_40' title='bbox 2290 989 2605 1074; x_wconf 83' lang='grc' dir='ltr'><strong><em>λαβόντα.</em></strong></span> 
     </span>
    </p>
   </div>
   <div class='ocr_carea' id='block_1_4' title="bbox 585 1186 2391 1388">
    <p class='ocr_par' dir='ltr' id='par_1_4' title="bbox 585 1186 2391 1388">
     <span class='ocr_line' id='line_1_8' title="bbox 1493 1186 1590 1248; baseline 0.021 -2"><span class='ocrx_word' id='word_1_41' title='bbox 1493 1186 1590 1248; x_wconf 88' lang='grc'><strong><em>76.</em></strong></span> 
     </span>
     <span class='ocr_line' id='line_1_9' title="bbox 585 1296 2391 1388; baseline 0 -23"><span class='ocrx_word' id='word_1_42' title='bbox 585 1301 831 1385; x_wconf 84' lang='grc' dir='ltr'><strong><em>Σμῆνα</em></strong></span> <span class='ocrx_word' id='word_1_43' title='bbox 871 1296 1249 1385; x_wconf 77' lang='grc' dir='ltr'><strong><em>μελισσάων</em></strong></span> <span class='ocrx_word' id='word_1_44' title='bbox 1291 1297 1457 1385; x_wconf 86' lang='grc' dir='ltr'><strong><em>τάχα</em></strong></span> <span class='ocrx_word' id='word_1_45' title='bbox 1502 1323 1611 1367; x_wconf 93' lang='grc' dir='ltr'><strong><em>τοι</em></strong></span> <span class='ocrx_word' id='word_1_46' title='bbox 1656 1302 1771 1365; x_wconf 88' lang='grc' dir='ltr'><strong><em>καὶ</em></strong></span> <span class='ocrx_word' id='word_1_47' title='bbox 1816 1303 2061 1388; x_wconf 80' lang='grc' dir='ltr'><strong><em>σφῆκες</em></strong></span> <span class='ocrx_word' id='word_1_48' title='bbox 2108 1298 2391 1366; x_wconf 80' lang='grc' dir='ltr'><strong><em>ἔσονται.</em></strong></span> 
     </span>
    </p>
   </div>
   <div class='ocr_carea' id='block_1_5' title="bbox 1492 1491 1590 1553">
    <p class='ocr_par' dir='ltr' id='par_1_5' title="bbox 1492 1491 1590 1553">
     <span class='ocr_line' id='line_1_10' title="bbox 1492 1491 1590 1553; baseline 0.02 -3"><span class='ocrx_word' id='word_1_49' title='bbox 1492 1491 1590 1553; x_wconf 89' lang='grc'><strong><em>77.</em></strong></span> 
     </span>
    </p>
   </div>
   <div class='ocr_carea' id='block_1_6' title="bbox 455 1599 2643 2103">
    <p class='ocr_par' dir='ltr' id='par_1_6' title="bbox 455 1599 2643 2004">
     <span class='ocr_line' id='line_1_11' title="bbox 455 1599 2643 1699; baseline -0.002 -22"><span class='ocrx_word' id='word_1_50' title='bbox 455 1616 515 1690; x_wconf 76' lang='lat' dir='ltr'><strong><em>a)</em></strong></span> <span class='ocrx_word' id='word_1_51' title='bbox 581 1599 769 1676; x_wconf 78' lang='lat' dir='ltr'><em>Balv&#39;</em></span> <span class='ocrx_word' id='word_1_52' title='bbox 815 1599 931 1674; x_wconf 73' lang='grc' dir='ltr'><strong><em>ἄπ’</em></strong></span> <span class='ocrx_word' id='word_1_53' title='bbox 975 1606 1156 1693; x_wconf 77' lang='grc' dir='ltr'><strong><em>ἐμῶν</em></strong></span> <span class='ocrx_word' id='word_1_54' title='bbox 1196 1603 1576 1693; x_wconf 80' lang='grc' dir='ltr'><strong><em>τριπόδων·</em></strong></span> <span class='ocrx_word' id='word_1_55' title='bbox 1627 1604 1725 1673; x_wconf 77' lang='grc' dir='ltr'><strong><em>ἔτι</em></strong></span> <span class='ocrx_word' id='word_1_56' title='bbox 1769 1631 1875 1672; x_wconf 91' lang='grc' dir='ltr'><strong><em>τοι</em></strong></span> <span class='ocrx_word' id='word_1_57' title='bbox 1921 1603 2130 1689; x_wconf 83' lang='grc' dir='ltr'><strong><em>φόνος</em></strong></span> <span class='ocrx_word' id='word_1_58' title='bbox 2177 1599 2345 1699; x_wconf 73' lang='grc' dir='ltr'><strong><em>ἀμφὶ</em></strong></span> <span class='ocrx_word' id='word_1_59' title='bbox 2384 1609 2643 1695; x_wconf 85' lang='grc' dir='ltr'><strong><em>χέρεσσι</em></strong></span> 
     </span>
     <span class='ocr_line' id='line_1_12' title="bbox 582 1701 2298 1796; baseline -0.001 -19"><span class='ocrx_word' id='word_1_60' title='bbox 582 1707 839 1789; x_wconf 78' lang='grc' dir='ltr'><strong><em>πουλὺς</em></strong></span> <span class='ocrx_word' id='word_1_61' title='bbox 882 1702 1291 1791; x_wconf 74' lang='grc' dir='ltr'><strong><em>α’ποστάζων</em></strong></span> <span class='ocrx_word' id='word_1_62' title='bbox 1336 1701 1472 1776; x_wconf 81' lang='grc' dir='ltr'><strong><em>άπὸ</em></strong></span> <span class='ocrx_word' id='word_1_63' title='bbox 1518 1709 1756 1775; x_wconf 76' lang='grc' dir='ltr'><strong><em>λαΐνου</em></strong></span> <span class='ocrx_word' id='word_1_64' title='bbox 1802 1701 2015 1775; x_wconf 79' lang='grc' dir='ltr'><strong><em>ου’δοῦ</em></strong></span> <span class='ocrx_word' id='word_1_65' title='bbox 2062 1705 2298 1796; x_wconf 80' lang='grc' dir='ltr'><strong><em>ἐρύκει.</em></strong></span> 
     </span>
     <span class='ocr_line' id='line_1_13' title="bbox 586 1809 2449 1899; baseline -0.002 -19"><span class='ocrx_word' id='word_1_66' title='bbox 586 1810 669 1880; x_wconf 83' lang='grc' dir='ltr'><strong><em>οὔ</em></strong></span> <span class='ocrx_word' id='word_1_67' title='bbox 715 1833 781 1879; x_wconf 87' lang='grc' dir='ltr'><strong><em>σε</em></strong></span> <span class='ocrx_word' id='word_1_68' title='bbox 830 1809 1285 1898; x_wconf 60' lang='grc' dir='ltr'><strong><em>θεμιστεύσωῖ</em></strong></span> <span class='ocrx_word' id='word_1_69' title='bbox 1330 1815 1636 1878; x_wconf 80' lang='grc' dir='ltr'><strong><em>Μουσῶν</em></strong></span> <span class='ocrx_word' id='word_1_70' title='bbox 1683 1809 2080 1899; x_wconf 78' lang='grc' dir='ltr'><strong><em>θεράποντα</em></strong></span> <span class='ocrx_word' id='word_1_71' title='bbox 2124 1813 2449 1891; x_wconf 78' lang='grc' dir='ltr'><strong><em>κατέκτας</em></strong></span> 
     </span>
     <span class='ocr_line' id='line_1_14' title="bbox 569 1907 2308 2004; baseline -0.002 -21"><span class='ocrx_word' id='word_1_72' title='bbox 569 1912 766 2004; x_wconf 66' lang='grc' dir='ltr'><strong><em>θΙΙρης</em></strong></span> <span class='ocrx_word' id='word_1_73' title='bbox 810 1909 983 2003; x_wconf 76' lang='grc' dir='ltr'><strong><em>πρὸς</em></strong></span> <span class='ocrx_word' id='word_1_74' title='bbox 1027 1922 1308 2000; x_wconf 82' lang='grc' dir='ltr'><strong><em>βωμοῖσι</em></strong></span> <span class='ocrx_word' id='word_1_75' title='bbox 1356 1917 1547 1980; x_wconf 85' lang='grc' dir='ltr'><strong><em>θεῶν</em></strong></span> <span class='ocrx_word' id='word_1_76' title='bbox 1591 1917 1769 1981; x_wconf 88' lang='grc' dir='ltr'><strong><em>τίσιν</em></strong></span> <span class='ocrx_word' id='word_1_77' title='bbox 1816 1907 1943 1980; x_wconf 76' lang='grc' dir='ltr'><strong><em>οὐκ</em></strong></span> <span class='ocrx_word' id='word_1_78' title='bbox 1993 1907 2308 1991; x_wconf 78' lang='grc' dir='ltr'><strong><em>άλεείνας.</em></strong></span> 
     </span>
    </p>

    <p class='ocr_par' dir='ltr' id='par_1_7' title="bbox 459 2008 2447 2103">
     <span class='ocr_line' id='line_1_15' title="bbox 459 2008 2447 2103; baseline -0.001 -19"><span class='ocrx_word' id='word_1_79' title='bbox 459 2026 497 2084; x_wconf 84' lang='grc'>5</span> <span class='ocrx_word' id='word_1_80' title='bbox 585 2032 727 2098; x_wconf 84' lang='grc' dir='ltr'><strong><em>τοῖς</em></strong></span> <span class='ocrx_word' id='word_1_81' title='bbox 772 2020 841 2084; x_wconf 79' lang='grc' dir='ltr'><strong><em>δὲ</em></strong></span> <span class='ocrx_word' id='word_1_82' title='bbox 887 2020 1113 2095; x_wconf 88' lang='grc' dir='ltr'><strong><em>κακῶς</em></strong></span> <span class='ocrx_word' id='word_1_83' title='bbox 1159 2016 1381 2103; x_wconf 75' lang='grc' dir='ltr'><strong><em>ῥέξασι</em></strong></span> <span class='ocrx_word' id='word_1_84' title='bbox 1429 2019 1615 2103; x_wconf 80' lang='grc' dir='ltr'><strong><em>δίκης</em></strong></span> <span class='ocrx_word' id='word_1_85' title='bbox 1658 2018 1856 2096; x_wconf 83' lang='grc' dir='ltr'><strong><em>τέλος</em></strong></span> <span class='ocrx_word' id='word_1_86' title='bbox 1901 2008 2047 2101; x_wconf 74' lang='grc' dir='ltr'><strong><em>οὐχὶ</em></strong></span> <span class='ocrx_word' id='word_1_87' title='bbox 2087 2014 2447 2103; x_wconf 84' lang='grc' dir='ltr'><strong><em>χρονιστὸν</em></strong></span> 
     </span>
    </p>
   </div>
   <div class='ocr_carea' id='block_1_7' title="bbox 414 2144 821 2154">
    <p class='ocr_par' dir='ltr' id='par_1_8' title="bbox 414 2144 821 2154">
     <span class='ocr_line' id='line_1_16' title="bbox 414 2144 821 2154; baseline 0 2717"><span class='ocrx_word' id='word_1_88' title='bbox 414 2144 821 2154; x_wconf 95' lang='lat' dir='ltr'><strong><em> </em></strong></span> 
     </span>
    </p>
   </div>
   <div class='ocr_carea' id='block_1_8' title="bbox 409 2201 2664 4346">
    <p class='ocr_par' dir='ltr' id='par_1_9' title="bbox 409 2201 2661 2493">
     <span class='ocr_line' id='line_1_17' title="bbox 589 2201 2656 2291; baseline -0 -20"><span class='ocrx_word' id='word_1_89' title='bbox 589 2211 694 2287; x_wconf 84' lang='lat'><strong><em>75)</em></strong></span> <span class='ocrx_word' id='word_1_90' title='bbox 740 2214 945 2291; x_wconf 78' lang='lat' dir='ltr'><strong>Steph.</strong></span> <span class='ocrx_word' id='word_1_91' title='bbox 988 2214 1135 2288; x_wconf 82' lang='lat' dir='ltr'><strong>Byz.</strong></span> <span class='ocrx_word' id='word_1_92' title='bbox 1181 2201 1563 2286; x_wconf 78' lang='grc' dir='ltr'><strong><em>Βυζάντιον</em></strong></span> <span class='ocrx_word' id='word_1_93' title='bbox 1608 2201 1689 2271; x_wconf 92' lang='grc' dir='ltr'><strong><em>τό</em></strong></span> <span class='ocrx_word' id='word_1_94' title='bbox 1737 2204 1809 2269; x_wconf 79' lang='grc' dir='ltr'><strong><em>ἐν</em></strong></span> <span class='ocrx_word' id='word_1_95' title='bbox 1859 2201 2088 2291; x_wconf 78' lang='grc' dir='ltr'><strong><em>Θράκῃ</em></strong></span> <span class='ocrx_word' id='word_1_96' title='bbox 2132 2205 2472 2285; x_wconf 86' lang='grc' dir='ltr'><strong><em>βασίλειον</em></strong></span> <span class='ocrx_word' id='word_1_97' title='bbox 2519 2259 2529 2270; x_wconf 95' lang='grc'><strong><em>.</em></strong></span> <span class='ocrx_word' id='word_1_98' title='bbox 2582 2258 2593 2270; x_wconf 93' lang='grc'><strong><em>.</em></strong></span> <span class='ocrx_word' id='word_1_99' title='bbox 2644 2258 2656 2270; x_wconf 92' lang='grc'><strong>.</strong></span> 
     </span>
     <span class='ocr_line' id='line_1_18' title="bbox 409 2300 2661 2397; baseline -0.001 -21"><span class='ocrx_word' id='word_1_100' title='bbox 409 2307 704 2397; x_wconf 82' lang='grc' dir='ltr'><strong><em>χρησμὸς</em></strong></span> <span class='ocrx_word' id='word_1_101' title='bbox 778 2300 836 2375; x_wconf 60' lang='grc' dir='ltr'><strong><em>δ’</em></strong></span> <span class='ocrx_word' id='word_1_102' title='bbox 910 2304 1121 2395; x_wconf 79' lang='grc' dir='ltr'><strong><em>ἐδόθη</em></strong></span> <span class='ocrx_word' id='word_1_103' title='bbox 1195 2304 1687 2394; x_wconf 77' lang='grc' dir='ltr'><strong><em>ἐρωτησάντων</em></strong></span> <span class='ocrx_word' id='word_1_104' title='bbox 1758 2308 1850 2386; x_wconf 81' lang='grc' dir='ltr'><strong><em>εἰς</em></strong></span> <span class='ocrx_word' id='word_1_105' title='bbox 1923 2305 2227 2390; x_wconf 71' lang='grc' dir='ltr'><strong><em>Λελφοῦς</em></strong></span> <span class='ocrx_word' id='word_1_106' title='bbox 2290 2309 2661 2394; x_wconf 75' lang='grc' dir='ltr'><strong><em>Μεγαρέων</em></strong></span> 
     </span>
     <span class='ocr_line' id='line_1_19' title="bbox 414 2406 1229 2493; baseline -0.001 -15"><span class='ocrx_word' id='word_1_107' title='bbox 414 2416 751 2492; x_wconf 81' lang='grc' dir='ltr'><strong><em>τοιοῦτος·</em></strong></span> <span class='ocrx_word' id='word_1_108' title='bbox 788 2406 1036 2493; x_wconf 84' lang='grc' dir='ltr'><strong><em>Ὄλβιοι</em></strong></span> <span class='ocrx_word' id='word_1_109' title='bbox 1082 2416 1229 2477; x_wconf 89' lang='grc' dir='ltr'><strong><em>κτλ.</em></strong></span> 
     </span>
    </p>

    <p class='ocr_par' dir='ltr' id='par_1_10' title="bbox 413 2519 2662 2698">
     <span class='ocr_line' id='line_1_20' title="bbox 586 2519 2662 2598; baseline 0 -16"><span class='ocrx_word' id='word_1_110' title='bbox 586 2523 742 2582; x_wconf 73' lang='lat' dir='ltr'><strong>adde</strong></span> <span class='ocrx_word' id='word_1_111' title='bbox 785 2523 1046 2598; x_wconf 77' lang='lat' dir='ltr'><strong>Hesyeh.</strong></span> <span class='ocrx_word' id='word_1_112' title='bbox 1090 2522 1285 2581; x_wconf 76' lang='lat' dir='ltr'><strong>Miles·</strong></span> <span class='ocrx_word' id='word_1_113' title='bbox 1331 2522 1477 2598; x_wconf 87' lang='lat' dir='ltr'><strong>orig.</strong></span> <span class='ocrx_word' id='word_1_114' title='bbox 1525 2521 1726 2581; x_wconf 83' lang='lat' dir='ltr'><strong>Const.</strong></span> <span class='ocrx_word' id='word_1_115' title='bbox 1758 2523 1784 2581; x_wconf 93' lang='grc' dir='ltr'>Ι</span> <span class='ocrx_word' id='word_1_116' title='bbox 1835 2520 1918 2592; x_wconf 85' lang='lat' dir='ltr'><strong><em>[v.</em></strong></span> <span class='ocrx_word' id='word_1_117' title='bbox 1955 2519 2006 2582; x_wconf 90' lang='grc'><strong>1.</strong></span> <span class='ocrx_word' id='word_1_118' title='bbox 2039 2519 2094 2581; x_wconf 93' lang='grc'><strong>2.</strong></span> <span class='ocrx_word' id='word_1_119' title='bbox 2128 2520 2182 2582; x_wconf 85' lang='grc'><strong>4.</strong></span> <span class='ocrx_word' id='word_1_120' title='bbox 2215 2520 2662 2594; x_wconf 70' lang='lat' dir='ltr'><strong>5].13ustath.</strong></span> 
     </span>
     <span class='ocr_line' id='line_1_21' title="bbox 413 2620 2589 2698; baseline -0.001 -13"><span class='ocrx_word' id='word_1_121' title='bbox 413 2625 509 2685; x_wconf 77' lang='lat' dir='ltr'><strong><em>ad.</em></strong></span> <span class='ocrx_word' id='word_1_122' title='bbox 554 2626 732 2694; x_wconf 83' lang='lat' dir='ltr'><strong>Dion.</strong></span> <span class='ocrx_word' id='word_1_123' title='bbox 763 2621 884 2683; x_wconf 85' lang='lat'><strong><em>803</em></strong></span> <span class='ocrx_word' id='word_1_124' title='bbox 938 2622 1020 2696; x_wconf 87' lang='lat' dir='ltr'><strong><em>[l.</em></strong></span> <span class='ocrx_word' id='word_1_125' title='bbox 1052 2620 1109 2683; x_wconf 86' lang='lat'><strong><em>2.</em></strong></span> <span class='ocrx_word' id='word_1_126' title='bbox 1140 2622 1228 2697; x_wconf 78' lang='lat'><strong><em>4].</em></strong></span> <span class='ocrx_word' id='word_1_127' title='bbox 1316 2624 1602 2685; x_wconf 76' lang='lat' dir='ltr'><strong><em>Codinus.</em></strong></span> <span class='ocrx_word' id='word_1_128' title='bbox 1648 2624 1866 2686; x_wconf 83' lang='lat' dir='ltr'><strong>Chron.</strong></span> <span class='ocrx_word' id='word_1_129' title='bbox 1911 2625 2266 2686; x_wconf 74' lang='lat' dir='ltr'><strong>constantin</strong></span> <span class='ocrx_word' id='word_1_130' title='bbox 2317 2624 2484 2697; x_wconf 85' lang='lat' dir='ltr'><strong><em>[l—</em></strong></span> <span class='ocrx_word' id='word_1_131' title='bbox 2502 2622 2589 2698; x_wconf 79' lang='lat'><strong><em>41.</em></strong></span> 
     </span>
    </p>

    <p class='ocr_par' dir='ltr' id='par_1_11' title="bbox 415 2723 2662 2907">
     <span class='ocr_line' id='line_1_22' title="bbox 587 2723 2662 2806; baseline -0 -19"><span class='ocrx_word' id='word_1_132' title='bbox 587 2727 662 2788; x_wconf 80' lang='lat' dir='ltr'><strong><em>of.</em></strong></span> <span class='ocrx_word' id='word_1_133' title='bbox 725 2726 794 2788; x_wconf 91' lang='lat'><strong><em>0.</em></strong></span> <span class='ocrx_word' id='word_1_134' title='bbox 836 2728 1068 2789; x_wconf 76' lang='lat' dir='ltr'><strong>Miiller.</strong></span> <span class='ocrx_word' id='word_1_135' title='bbox 1124 2730 1268 2787; x_wconf 86' lang='lat' dir='ltr'><strong>Dor.</strong></span> <span class='ocrx_word' id='word_1_136' title='bbox 1298 2727 1326 2786; x_wconf 95' lang='lat' dir='ltr'>I</span> <span class='ocrx_word' id='word_1_137' title='bbox 1373 2746 1431 2804; x_wconf 89' lang='lat' dir='ltr'><strong><em>p.</em></strong></span> <span class='ocrx_word' id='word_1_138' title='bbox 1480 2723 1615 2787; x_wconf 88' lang='grc'><strong>120.</strong></span> <span class='ocrx_word' id='word_1_139' title='bbox 1714 2728 1932 2789; x_wconf 78' lang='lat' dir='ltr'>Muller</span> <span class='ocrx_word' id='word_1_140' title='bbox 1989 2728 2122 2789; x_wconf 74' lang='lat' dir='ltr'><strong>hist.</strong></span> <span class='ocrx_word' id='word_1_141' title='bbox 2175 2726 2247 2787; x_wconf 83' lang='lat' dir='ltr'><strong><em>fr.</em></strong></span> <span class='ocrx_word' id='word_1_142' title='bbox 2277 2728 2359 2787; x_wconf 90' lang='lat' dir='ltr'><strong><em>IV</em></strong></span> <span class='ocrx_word' id='word_1_143' title='bbox 2422 2746 2478 2806; x_wconf 92' lang='lat' dir='ltr'><strong><em>p.</em></strong></span> <span class='ocrx_word' id='word_1_144' title='bbox 2526 2725 2662 2786; x_wconf 82' lang='lat'><strong>147.</strong></span> 
     </span>
     <span class='ocr_line' id='line_1_23' title="bbox 415 2825 1386 2907; baseline -0.007 -16"><span class='ocrx_word' id='word_1_145' title='bbox 415 2831 630 2891; x_wconf 74' lang='lat' dir='ltr'>Muller</span> <span class='ocrx_word' id='word_1_146' title='bbox 675 2849 882 2907; x_wconf 79' lang='lat' dir='ltr'><strong>geogr.</strong></span> <span class='ocrx_word' id='word_1_147' title='bbox 928 2831 1065 2890; x_wconf 88' lang='lat' dir='ltr'><strong><em>min.</em></strong></span> <span class='ocrx_word' id='word_1_148' title='bbox 1094 2831 1153 2889; x_wconf 88' lang='lat'><strong><em>11</em></strong></span> <span class='ocrx_word' id='word_1_149' title='bbox 1199 2849 1256 2906; x_wconf 92' lang='lat' dir='ltr'><strong><em>p.</em></strong></span> <span class='ocrx_word' id='word_1_150' title='bbox 1289 2825 1386 2888; x_wconf 90' lang='grc'><strong>27.</strong></span> 
     </span>
    </p>

    <p class='ocr_par' dir='ltr' id='par_1_12' title="bbox 414 2919 2664 3419">
     <span class='ocr_line' id='line_1_24' title="bbox 583 2919 2661 3010; baseline -0.001 -18"><span class='ocrx_word' id='word_1_151' title='bbox 583 2952 644 2993; x_wconf 88' lang='lat' dir='ltr'><strong><em>v.</em></strong></span> <span class='ocrx_word' id='word_1_152' title='bbox 680 2931 737 2992; x_wconf 92' lang='grc'><strong>1.</strong></span> <span class='ocrx_word' id='word_1_153' title='bbox 770 2925 837 2991; x_wconf 84' lang='grc' dir='ltr'><strong><em>οἳ</em></strong></span> <span class='ocrx_word' id='word_1_154' title='bbox 864 2923 1149 3010; x_wconf 65' lang='grc' dir='ltr'><strong><em>κείνηνε</em></strong></span> <span class='ocrx_word' id='word_1_155' title='bbox 1129 2920 1315 3010; x_wconf 78' lang='grc' dir='ltr'><strong><em>ιερήν</em></strong></span> <span class='ocrx_word' id='word_1_156' title='bbox 1343 2920 1550 2989; x_wconf 88' lang='grc' dir='ltr'><strong><em>πόλιν</em></strong></span> <span class='ocrx_word' id='word_1_157' title='bbox 1581 2919 1711 2990; x_wconf 80' lang='grc' dir='ltr'><strong><em>οἰκ.</em></strong></span> <span class='ocrx_word' id='word_1_158' title='bbox 1744 2933 2007 3007; x_wconf 77' lang='lat' dir='ltr'><strong>Hesych.</strong></span> <span class='ocrx_word' id='word_1_159' title='bbox 2041 2925 2162 3008; x_wconf 69' lang='grc'><strong><em>112</em></strong></span> <span class='ocrx_word' id='word_1_160' title='bbox 2174 2919 2427 3009; x_wconf 60' lang='grc' dir='ltr'><strong><em>ιεῧγρόν</em></strong></span> <span class='ocrx_word' id='word_1_161' title='bbox 2457 2931 2661 3006; x_wconf 79' lang='lat' dir='ltr'><strong>Steph.</strong></span> 
     </span>
     <span class='ocr_line' id='line_1_25' title="bbox 418 3019 2661 3113; baseline -0.001 -17"><span class='ocrx_word' id='word_1_162' title='bbox 418 3019 1786 3113; x_wconf 70' lang='lat' dir='ltr'><strong><em>Eustath.t&#39;ezvypovllesych.otwvy00&#39;1</em></strong></span> <span class='ocrx_word' id='word_1_163' title='bbox 1773 3027 2661 3110; x_wconf 77' lang='lat' dir='ltr'><strong>Lobeok.Aglaoph.11853.</strong></span> 
     </span>
     <span class='ocr_line' id='line_1_26' title="bbox 414 3121 2664 3215; baseline -0.002 -18"><span class='ocrx_word' id='word_1_164' title='bbox 414 3137 673 3198; x_wconf 82' lang='lat' dir='ltr'><strong>Meinek.</strong></span> <span class='ocrx_word' id='word_1_165' title='bbox 717 3142 777 3198; x_wconf 77' lang='lat' dir='ltr'><strong><em>et</em></strong></span> <span class='ocrx_word' id='word_1_166' title='bbox 819 3138 1106 3197; x_wconf 73' lang='lat' dir='ltr'><strong>Mullerns</strong></span> <span class='ocrx_word' id='word_1_167' title='bbox 1146 3136 1306 3212; x_wconf 84' lang='lat' dir='ltr'><strong>apud</strong></span> <span class='ocrx_word' id='word_1_168' title='bbox 1354 3136 1556 3212; x_wconf 78' lang='lat' dir='ltr'><strong>Steph.</strong></span> <span class='ocrx_word' id='word_1_169' title='bbox 1590 3137 1733 3212; x_wconf 84' lang='lat' dir='ltr'><strong>Byz.</strong></span> <span class='ocrx_word' id='word_1_170' title='bbox 1766 3129 1787 3212; x_wconf 86' lang='grc' dir='ltr'><strong><em>ΙΙ</em></strong></span> <span class='ocrx_word' id='word_1_171' title='bbox 1865 3121 2076 3215; x_wconf 85' lang='grc' dir='ltr'><strong><em>ακτὴν</em></strong></span> <span class='ocrx_word' id='word_1_172' title='bbox 2111 3130 2435 3215; x_wconf 81' lang='grc' dir='ltr'><strong><em>Θρηικίην</em></strong></span> <span class='ocrx_word' id='word_1_173' title='bbox 2479 3124 2664 3214; x_wconf 86' lang='grc' dir='ltr'><strong><em>παρά</em></strong></span> 
     </span>
     <span class='ocr_line' id='line_1_27' title="bbox 416 3224 2661 3318; baseline -0 -20"><span class='ocrx_word' id='word_1_174' title='bbox 416 3256 486 3300; x_wconf 89' lang='grc' dir='ltr'><strong><em>τε</em></strong></span> <span class='ocrx_word' id='word_1_175' title='bbox 537 3226 750 3318; x_wconf 87' lang='grc' dir='ltr'><strong><em>στόμα</em></strong></span> <span class='ocrx_word' id='word_1_176' title='bbox 793 3229 1057 3300; x_wconf 80' lang='grc' dir='ltr'><strong><em>πόντου</em></strong></span> <span class='ocrx_word' id='word_1_177' title='bbox 1102 3240 1369 3316; x_wconf 78' lang='lat' dir='ltr'><strong>Hesych.</strong></span> <span class='ocrx_word' id='word_1_178' title='bbox 1402 3233 1423 3316; x_wconf 89' lang='grc'><strong><em>11</em></strong></span> <span class='ocrx_word' id='word_1_179' title='bbox 1501 3236 1565 3297; x_wconf 87' lang='lat'><strong><em>3:</em></strong></span> <span class='ocrx_word' id='word_1_180' title='bbox 1612 3224 1836 3318; x_wconf 80' lang='grc' dir='ltr'><strong><em>διερὴν</em></strong></span> <span class='ocrx_word' id='word_1_181' title='bbox 1878 3227 2262 3316; x_wconf 83' lang='grc' dir='ltr'><strong><em>μάρπτουσι</em></strong></span> <span class='ocrx_word' id='word_1_182' title='bbox 2312 3227 2661 3297; x_wconf 88' lang='grc' dir='ltr'><strong><em>θάλασσαν</em></strong></span> 
     </span>
     <span class='ocr_line' id='line_1_28' title="bbox 417 3327 2629 3419; baseline -0.001 -16"><span class='ocrx_word' id='word_1_183' title='bbox 417 3343 621 3403; x_wconf 86' lang='lat' dir='ltr'><strong>chron.</strong></span> <span class='ocrx_word' id='word_1_184' title='bbox 668 3344 866 3406; x_wconf 77' lang='lat' dir='ltr'><strong>Const.</strong></span> <span class='ocrx_word' id='word_1_185' title='bbox 899 3337 921 3419; x_wconf 92' lang='grc' dir='ltr'><strong><em>ΙΙ</em></strong></span> <span class='ocrx_word' id='word_1_186' title='bbox 955 3341 1018 3400; x_wconf 77' lang='lat'><strong><em>4:</em></strong></span> <span class='ocrx_word' id='word_1_187' title='bbox 1064 3330 1430 3415; x_wconf 89' lang='grc' dir='ltr'><strong><em>βόσκονται</em></strong></span> <span class='ocrx_word' id='word_1_188' title='bbox 1461 3332 1525 3412; x_wconf 76' lang='grc' dir='ltr'><strong><em>ἐς</em></strong></span> <span class='ocrx_word' id='word_1_189' title='bbox 1556 3327 1765 3399; x_wconf 79' lang='grc' dir='ltr'><strong><em>αὐτόν</em></strong></span> <span class='ocrx_word' id='word_1_190' title='bbox 1811 3342 2075 3417; x_wconf 77' lang='lat' dir='ltr'><strong>Hesych.</strong></span> <span class='ocrx_word' id='word_1_191' title='bbox 2121 3341 2330 3402; x_wconf 86' lang='lat' dir='ltr'><strong>Codin.</strong></span> <span class='ocrx_word' id='word_1_192' title='bbox 2376 3342 2574 3403; x_wconf 76' lang='lat' dir='ltr'><strong>Const.</strong></span> <span class='ocrx_word' id='word_1_193' title='bbox 2608 3335 2629 3418; x_wconf 90' lang='grc'><strong><em>11</em></strong></span> 
     </span>
    </p>

    <p class='ocr_par' dir='ltr' id='par_1_13' title="bbox 586 3440 1832 3521">
     <span class='ocr_line' id='line_1_29' title="bbox 586 3440 1832 3521; baseline -0.002 -16"><span class='ocrx_word' id='word_1_194' title='bbox 586 3447 662 3505; x_wconf 75' lang='lat' dir='ltr'><strong><em>of.</em></strong></span> <span class='ocrx_word' id='word_1_195' title='bbox 710 3446 894 3506; x_wconf 88' lang='lat' dir='ltr'>Wolff</span> <span class='ocrx_word' id='word_1_196' title='bbox 935 3445 1012 3505; x_wconf 78' lang='lat' dir='ltr'><strong><em>de</em></strong></span> <span class='ocrx_word' id='word_1_197' title='bbox 1057 3446 1279 3506; x_wconf 69' lang='lat' dir='ltr'><strong><em>noviss.</em></strong></span> <span class='ocrx_word' id='word_1_198' title='bbox 1322 3463 1482 3504; x_wconf 78' lang='lat' dir='ltr'><strong>orac.</strong></span> <span class='ocrx_word' id='word_1_199' title='bbox 1525 3449 1640 3504; x_wconf 80' lang='lat' dir='ltr'><strong>aet.</strong></span> <span class='ocrx_word' id='word_1_200' title='bbox 1686 3463 1744 3521; x_wconf 90' lang='lat' dir='ltr'><strong><em>p.</em></strong></span> <span class='ocrx_word' id='word_1_201' title='bbox 1776 3440 1832 3502; x_wconf 86' lang='lat'><strong><em>3.</em></strong></span> 
     </span>
    </p>

    <p class='ocr_par' dir='ltr' id='par_1_14' title="bbox 417 3531 2662 3730">
     <span class='ocr_line' id='line_1_30' title="bbox 590 3531 2662 3627; baseline -0 -23"><span class='ocrx_word' id='word_1_202' title='bbox 590 3545 695 3620; x_wconf 75' lang='lat'><strong><em>76)</em></strong></span> <span class='ocrx_word' id='word_1_203' title='bbox 740 3549 898 3608; x_wconf 87' lang='lat' dir='ltr'><strong>Plut.</strong></span> <span class='ocrx_word' id='word_1_204' title='bbox 945 3548 1019 3608; x_wconf 79' lang='lat' dir='ltr'><strong><em>de</em></strong></span> <span class='ocrx_word' id='word_1_205' title='bbox 1064 3548 1236 3608; x_wconf 79' lang='lat' dir='ltr'><strong>amic.</strong></span> <span class='ocrx_word' id='word_1_206' title='bbox 1279 3547 1444 3607; x_wconf 78' lang='lat' dir='ltr'><strong>mnlt.</strong></span> <span class='ocrx_word' id='word_1_207' title='bbox 1478 3547 1614 3605; x_wconf 85' lang='lat' dir='ltr'>VII:</span> <span class='ocrx_word' id='word_1_208' title='bbox 1676 3531 1897 3624; x_wconf 75' lang='grc' dir='ltr'><strong><em>ὥσπερ</em></strong></span> <span class='ocrx_word' id='word_1_209' title='bbox 1956 3533 2083 3605; x_wconf 81' lang='grc' dir='ltr'><strong><em>οὖν</em></strong></span> <span class='ocrx_word' id='word_1_210' title='bbox 2138 3534 2176 3606; x_wconf 84' lang='grc' dir='ltr'><strong>ὁ</strong></span> <span class='ocrx_word' id='word_1_211' title='bbox 2230 3541 2326 3624; x_wconf 77' lang='grc' dir='ltr'><strong><em>τῷ</em></strong></span> <span class='ocrx_word' id='word_1_212' title='bbox 2391 3539 2662 3627; x_wconf 77' lang='grc' dir='ltr'><strong><em>Τιμησίᾳ</em></strong></span> 
     </span>
     <span class='ocr_line' id='line_1_31' title="bbox 417 3635 2658 3730; baseline -0.001 -22"><span class='ocrx_word' id='word_1_213' title='bbox 417 3644 570 3730; x_wconf 81' lang='grc' dir='ltr'><strong><em>περὶ</em></strong></span> <span class='ocrx_word' id='word_1_214' title='bbox 613 3647 734 3730; x_wconf 87' lang='grc' dir='ltr'><strong><em>τῆς</em></strong></span> <span class='ocrx_word' id='word_1_215' title='bbox 763 3635 1077 3722; x_wconf 75' lang='grc' dir='ltr'><strong><em>ἀποικίας</em></strong></span> <span class='ocrx_word' id='word_1_216' title='bbox 1108 3644 1340 3720; x_wconf 86' lang='grc' dir='ltr'><strong><em>δοθεὶς</em></strong></span> <span class='ocrx_word' id='word_1_217' title='bbox 1379 3638 1675 3729; x_wconf 70' lang='grc' dir='ltr'><strong><em>χρησμὸς</em></strong></span> <span class='ocrx_word' id='word_1_218' title='bbox 1711 3637 2198 3728; x_wconf 80' lang='grc' dir='ltr'><strong><em>προηγόρευσε·</em></strong></span> <span class='ocrx_word' id='word_1_219' title='bbox 2248 3644 2484 3728; x_wconf 70' lang='grc' dir='ltr'><strong><em>Σαῆνα</em></strong></span> <span class='ocrx_word' id='word_1_220' title='bbox 2515 3646 2658 3706; x_wconf 88' lang='grc' dir='ltr'><strong><em>κτλ.</em></strong></span> 
     </span>
    </p>

    <p class='ocr_par' dir='ltr' id='par_1_15' title="bbox 416 3736 2664 4346">
     <span class='ocr_line' id='line_1_32' title="bbox 588 3736 2663 3834; baseline 0 -25"><span class='ocrx_word' id='word_1_221' title='bbox 588 3750 667 3811; x_wconf 92' lang='grc'><strong><em>77</em></strong></span> <span class='ocrx_word' id='word_1_222' title='bbox 693 3750 752 3825; x_wconf 84' lang='lat' dir='ltr'><strong><em>a)</em></strong></span> <span class='ocrx_word' id='word_1_223' title='bbox 783 3752 909 3813; x_wconf 83' lang='lat' dir='ltr'><strong>Ael.</strong></span> <span class='ocrx_word' id='word_1_224' title='bbox 939 3772 1065 3812; x_wconf 84' lang='lat' dir='ltr'><strong>var.</strong></span> <span class='ocrx_word' id='word_1_225' title='bbox 1098 3753 1229 3813; x_wconf 75' lang='lat' dir='ltr'><strong>hist.</strong></span> <span class='ocrx_word' id='word_1_226' title='bbox 1260 3753 1346 3811; x_wconf 89' lang='lat'><strong><em>111</em></strong></span> <span class='ocrx_word' id='word_1_227' title='bbox 1380 3748 1485 3810; x_wconf 80' lang='lat'><strong><em>43:</em></strong></span> <span class='ocrx_word' id='word_1_228' title='bbox 1517 3743 1591 3809; x_wconf 77' lang='grc' dir='ltr'><strong><em>ἐν</em></strong></span> <span class='ocrx_word' id='word_1_229' title='bbox 1621 3736 1917 3831; x_wconf 77' lang='grc' dir='ltr'><strong><em>Συβάρει</em></strong></span> <span class='ocrx_word' id='word_1_230' title='bbox 1948 3745 2343 3831; x_wconf 76' lang='grc' dir='ltr'><strong><em>κιθαρῳδοῦ</em></strong></span> <span class='ocrx_word' id='word_1_231' title='bbox 2375 3740 2663 3834; x_wconf 78' lang='grc' dir='ltr'><strong><em>ᾄδοντος</em></strong></span> 
     </span>
     <span class='ocr_line' id='line_1_33' title="bbox 416 3839 2663 3934; baseline -0 -21"><span class='ocrx_word' id='word_1_232' title='bbox 416 3901 430 3913; x_wconf 94' lang='grc'><strong>.</strong></span> <span class='ocrx_word' id='word_1_233' title='bbox 468 3899 482 3913; x_wconf 93' lang='grc'><strong><em>.</em></strong></span> <span class='ocrx_word' id='word_1_234' title='bbox 530 3844 1044 3915; x_wconf 86' lang='grc' dir='ltr'><strong><em>στασιασάντων</em></strong></span> <span class='ocrx_word' id='word_1_235' title='bbox 1072 3841 1245 3932; x_wconf 80' lang='grc' dir='ltr'><strong><em>ὑπὲρ</em></strong></span> <span class='ocrx_word' id='word_1_236' title='bbox 1292 3839 1504 3913; x_wconf 78' lang='grc' dir='ltr'><strong><em>αὐτοῦ</em></strong></span> <span class='ocrx_word' id='word_1_237' title='bbox 1549 3850 1693 3913; x_wconf 90' lang='grc' dir='ltr'><strong><em>τῶν</em></strong></span> <span class='ocrx_word' id='word_1_238' title='bbox 1725 3851 2133 3933; x_wconf 78' lang='grc' dir='ltr'><strong><em>Συβαριτῶν</em></strong></span> <span class='ocrx_word' id='word_1_239' title='bbox 2172 3886 2189 3912; x_wconf 86' lang='grc'><strong>·.</strong></span> <span class='ocrx_word' id='word_1_240' title='bbox 2225 3900 2238 3912; x_wconf 93' lang='grc'><strong>.</strong></span> <span class='ocrx_word' id='word_1_241' title='bbox 2274 3899 2286 3912; x_wconf 94' lang='grc'><strong>.</strong></span> <span class='ocrx_word' id='word_1_242' title='bbox 2335 3849 2663 3934; x_wconf 79' lang='grc' dir='ltr'><strong><em>φοβηθεὶς</em></strong></span> 
     </span>
     <span class='ocr_line' id='line_1_34' title="bbox 416 3940 2662 4038; baseline -0 -21"><span class='ocrx_word' id='word_1_243' title='bbox 416 3940 453 4017; x_wconf 77' lang='grc' dir='ltr'>ὁ</span> <span class='ocrx_word' id='word_1_244' title='bbox 515 3943 903 4038; x_wconf 81' lang='grc' dir='ltr'><strong><em>κιθαρῳδὸς</em></strong></span> <span class='ocrx_word' id='word_1_245' title='bbox 958 3950 1337 4035; x_wconf 80' lang='grc' dir='ltr'><strong><em>κατέφυγεν</em></strong></span> <span class='ocrx_word' id='word_1_246' title='bbox 1398 3949 1490 4026; x_wconf 82' lang='grc' dir='ltr'><strong><em>εἰς</em></strong></span> <span class='ocrx_word' id='word_1_247' title='bbox 1551 3942 1674 4017; x_wconf 79' lang='grc' dir='ltr'><strong><em>τὸν</em></strong></span> <span class='ocrx_word' id='word_1_248' title='bbox 1730 3953 1852 4034; x_wconf 91' lang='grc' dir='ltr'><strong><em>τῆς</em></strong></span> <span class='ocrx_word' id='word_1_249' title='bbox 1896 3943 2094 4034; x_wconf 65' lang='grc' dir='ltr'><strong><em>ιἨρας</em></strong></span> <span class='ocrx_word' id='word_1_250' title='bbox 2156 3946 2403 4035; x_wconf 84' lang='grc' dir='ltr'><strong><em>βωμόν.</em></strong></span> <span class='ocrx_word' id='word_1_251' title='bbox 2469 3948 2534 4016; x_wconf 80' lang='grc' dir='ltr'><strong><em>οἱ</em></strong></span> <span class='ocrx_word' id='word_1_252' title='bbox 2591 3951 2662 4016; x_wconf 77' lang='grc' dir='ltr'><strong><em>δὲ</em></strong></span> 
     </span>
     <span class='ocr_line' id='line_1_35' title="bbox 418 4044 2664 4139; baseline -0.001 -19"><span class='ocrx_word' id='word_1_253' title='bbox 418 4045 573 4120; x_wconf 78' lang='grc' dir='ltr'><strong><em>οὐδὲ</em></strong></span> <span class='ocrx_word' id='word_1_254' title='bbox 618 4054 926 4120; x_wconf 78' lang='grc' dir='ltr'><strong><em>ἐνταῦθα</em></strong></span> <span class='ocrx_word' id='word_1_255' title='bbox 969 4052 1321 4136; x_wconf 76' lang='grc' dir='ltr'><strong><em>ἐφείσαντο</em></strong></span> <span class='ocrx_word' id='word_1_256' title='bbox 1367 4053 1494 4118; x_wconf 80' lang='grc' dir='ltr'><strong><em>τοῦ</em></strong></span> <span class='ocrx_word' id='word_1_257' title='bbox 1542 4054 1957 4139; x_wconf 77' lang='grc' dir='ltr'><strong><em>κιθαρῳδοῦ.</em></strong></span> <span class='ocrx_word' id='word_1_258' title='bbox 2005 4044 2211 4138; x_wconf 82' lang='grc' dir='ltr'><strong><em>ὀλίγῳ</em></strong></span> <span class='ocrx_word' id='word_1_259' title='bbox 2264 4053 2334 4117; x_wconf 76' lang='grc' dir='ltr'><strong><em>δὲ</em></strong></span> <span class='ocrx_word' id='word_1_260' title='bbox 2379 4046 2664 4138; x_wconf 77' lang='grc' dir='ltr'><strong><em>ὕστερον</em></strong></span> 
     </span>
     <span class='ocr_line' id='line_1_36' title="bbox 417 4146 2660 4241; baseline -0.001 -19"><span class='ocrx_word' id='word_1_261' title='bbox 417 4151 634 4222; x_wconf 73' lang='grc' dir='ltr'><strong><em>ἐδόκει</em></strong></span> <span class='ocrx_word' id='word_1_262' title='bbox 662 4150 822 4241; x_wconf 73' lang='grc' dir='ltr'><strong><em>αἷμα</em></strong></span> <span class='ocrx_word' id='word_1_263' title='bbox 855 4146 1217 4241; x_wconf 83' lang='grc' dir='ltr'><strong><em>άναβρύειν</em></strong></span> <span class='ocrx_word' id='word_1_264' title='bbox 1264 4175 1277 4188; x_wconf 85' lang='grc'><em>·</em></span> <span class='ocrx_word' id='word_1_265' title='bbox 1327 4175 1339 4186; x_wconf 91' lang='grc'>·</span> <span class='ocrx_word' id='word_1_266' title='bbox 1387 4158 1767 4240; x_wconf 82' lang='grc' dir='ltr'><strong><em>Συβαρῖται</em></strong></span> <span class='ocrx_word' id='word_1_267' title='bbox 1809 4155 1880 4220; x_wconf 78' lang='grc' dir='ltr'><strong><em>δὲ</em></strong></span> <span class='ocrx_word' id='word_1_268' title='bbox 1910 4152 2222 4240; x_wconf 78' lang='grc' dir='ltr'><strong><em>ἔπεμψαν</em></strong></span> <span class='ocrx_word' id='word_1_269' title='bbox 2249 4154 2315 4234; x_wconf 76' lang='grc' dir='ltr'><strong><em>ἐς</em></strong></span> <span class='ocrx_word' id='word_1_270' title='bbox 2345 4149 2660 4238; x_wconf 84' lang='grc' dir='ltr'><strong><em>Δελφούς.</em></strong></span> 
     </span>
     <span class='ocr_line' id='line_1_37' title="bbox 417 4248 1769 4346; baseline 0 -22"><span class='ocrx_word' id='word_1_271' title='bbox 417 4252 455 4344; x_wconf 77' lang='grc' dir='ltr'><em>ἡ</em></span> <span class='ocrx_word' id='word_1_272' title='bbox 505 4259 574 4324; x_wconf 83' lang='grc' dir='ltr'><strong><em>δὲ</em></strong></span> <span class='ocrx_word' id='word_1_273' title='bbox 620 4260 851 4325; x_wconf 85' lang='grc' dir='ltr'><strong><em>Πυθία</em></strong></span> <span class='ocrx_word' id='word_1_274' title='bbox 897 4251 1346 4346; x_wconf 72' lang='grc' dir='ltr'><strong><em>ἀπεκρίνατο·</em></strong></span> <span class='ocrx_word' id='word_1_275' title='bbox 1392 4248 1581 4324; x_wconf 79' lang='lat' dir='ltr'><em>Balv&#39;</em></span> <span class='ocrx_word' id='word_1_276' title='bbox 1627 4261 1769 4324; x_wconf 87' lang='grc' dir='ltr'><strong><em>κτλ.</em></strong></span> 
     </span>
    </p>
   </div>
  </div>
 </body>
</html>
