3166 4871
2506 288 2625 351 189

389 466 507 523 371
576 469 636 521 et
695 462 886 523 Anon.
930 462 1195 540 prolegg.
1244 465 1397 525 rhet.
1443 466 1544 541 VI,
1588 484 1647 542 p.
1681 469 1782 541 35,
1825 466 2000 526 rhett.
2044 484 2129 542 gr.
2174 464 2266 524 ed.
2312 464 2498 524 Walz.
2543 494 2627 503 -—-

393 566 658 641 Utroque
720 565 853 626 loco
898 566 1045 625 Polo
1092 570 1181 626 cst
1240 584 1337 627 res
1383 586 1515 627 cum
1564 569 1997 645 Demosthene,
2061 572 2319 644 utroque
2370 565 2627 626 traditur

388 667 612 744 aliquid
646 667 808 743 quod
855 666 931 727 ab
967 668 1096 727 aliis
1137 669 1526 747 scriptoribus
1556 669 1817 729 refertur
1848 671 1962 731 alio
1996 670 2295 729 nominato
2328 669 2627 729 histrione.

386 770 536 830 Polo
593 770 866 830 histrioni
931 772 1128 847 priore
1190 772 1322 832 loco
1383 758 1643 833 traditur
1686 773 1968 851 glorianti
2022 772 2182 850 quod
2244 771 2459 832 fabulis
2519 790 2626 847 per

386 871 540 932 duos
584 873 714 933 dies
757 873 908 933 actis
952 873 1178 934 talento
1240 874 1317 935 sit
1359 874 1621 936 donatus
1667 877 2125 936 Demosthenem
2185 874 2472 952 objecisse
2519 890 2625 952 per
2732 873 2737 878 ’

386 993 567 1036 unum
614 975 768 1035 diem
813 976 1050 1037 silentio
1095 995 1264 1038 usum
1312 979 1583 1056 quinque
1629 979 1855 1038 talenta
1898 997 1963 1039 se
2005 979 2327 1054 accepisse.

556 1113 780 1173 Eadem
843 1113 1070 1175 fabella
1114 1118 1341 1175 mutato
1400 1115 1703 1175 histrionis
1750 1116 1985 1176 nomine
2044 1133 2081 1174 a
2124 1114 2318 1175 Gellio
2365 1113 2624 1175 Critolao

387 1221 631 1274 auctore
690 1216 953 1276 refertur
1012 1222 1168 1277 noct.
1211 1219 1315 1277 att.
1345 1218 1447 1289 Xl,
1480 1221 1600 1296 9‚2
1666 1217 1758 1277 his
1817 1217 2013 1277 verbis
2082 1248 2208 1290 π-
2254 1235 2384 1276 cum
2447 1215 2622 1275 inter-

383 1321 653 1394 rogasset
695 1317 1164 1396 Aristodemum,
1223 1325 1485 1381 actorem
1548 1319 1919 1398 fabularum,
1981 1325 2268 1397 quantum
2315 1317 2626 1395 mercedis,

371 1421 466 1495 -uti
514 1425 734 1496 ageret,
779 1422 1127 1500 accepisset,
1170 1427 1230 1483 et
1260 1423 1677 1484 Aristodemus
1722 1423 2011 1484 talentum
2045 1422 2486 1499 respondisset:
2531 1417 2629 1492 „at‘

383 1540 494 1598 ego
542 1525 696 1601 plus,
742 1524 952 1603 inquit,
997 1526 1219 1603 accepi,
1266 1530 1331 1586 ut
1373 1526 1692 1586 tace1·em.“

554 1644 787 1705 Dictum
837 1644 1008 1723 illud,
1051 1646 1214 1723 quod
1260 1666 1297 1707 a
1341 1647 1438 1706 Ps.
1470 1647 1798 1707 Plutarcho
1843 1651 1903 1707 et
1943 1647 2202 1707 Critolao
2234 1644 2622 1705 Demostheni

380 1746 684 1824 tribuitur,
742 1751 894 1809 teste
940 1747 1133 1810 Gellio
1184 1749 1366 1824 (noct.
1414 1755 1519 1810 att.
1559 1750 1664 1828 XI,
1698 1754 1791 1821 10,
1831 1746 1895 1834 6)
1954 1769 1991 1810 a
2052 1749 2115 1810 C.
2171 1749 2441 1808 Graccho
2505 1765 2619 1805 non

382 1847 458 1907 ad
519 1850 981 1911 Demosthenem
1042 1852 1147 1912 sed
1211 1851 1288 1911 ad
1348 1852 1677 1912 Demadem
1756 1854 2055 1912 rhetorem
2119 1849 2494 1911 referebatur
2561 1847 2620 1907 in

381 1953 652 2011 oratione
697 1971 852 2030 „qua
897 1954 1085 2029 legem
1132 1953 1411 2031 Aufejam
1470 1949 1806 2030 dissuasit“,
1865 1954 2164 2014 histrionis
2209 1952 2442 2012 nomine
2504 1968 2622 2010 non

330 2077 338 2083 ·
382 2051 613 2130 addite,
672 2055 775 2114 ubi
821 2054 993 2115 dicit:
1059 2075 1218 2132 „quo
1262 2057 1322 2114 in
1385 2061 1654 2133 tempore
1702 2057 1969 2117 Graecus
2014 2054 2340 2132 tragoedus
2398 2054 2622 2131 gloriae

381 2155 491 2214 sibi
537 2154 826 2235 ducebat,
886 2157 1173 2217 talentum
1231 2178 1508 2234 magnum
1559 2159 1635 2219 ob
1696 2178 1871 2219 uuam
1920 2158 2174 2218 fabulam
2223 2156 2426 2216 datum
2473 2173 2624 2231 esse,

381 2255 557 2318 homo
618 2258 1141 2336 eloquentissimus
1202 2261 1458 2322 civitatis
1534 2279 1680 2322 suae
1741 2260 2040 2321 Demades
2109 2261 2165 2321 ei
2242 2257 2621 2336 respondisse

381 2358 621 2420 dicitur:
675 2405 690 2422 .
734 2405 749 2421 .
794 2405 809 2422 .

552 2482 785 2544 Gellius
844 2484 879 2545 l.
924 2484 959 2543 l.
1021 2484 1439 2545 Demosthenis
1500 2484 1649 2545 illud
1714 2485 1934 2545 dictum
1994 2483 2273 2561 adJungit
2328 2483 2400 2542 iis
2464 2498 2620 2559 quae

379 2583 587 2645 eodem
637 2584 897 2648 Critolao
956 2591 1201 2648 auctore
1261 2606 1471 2665 parum
1535 2588 1928 2665 probabiliter
1986 2588 2216 2647 rettulit
2269 2585 2345 2645 de
2409 2587 2620 2645 Demo-

377 2687 586 2749 sthene
633 2707 670 2747 a
702 2689 1062 2750 Milesiorum
1094 2690 1307 2766 legatis
1352 2695 1670 2768 corrupto:
1718 2690 1999 2761 Milesios,
2044 2708 2227 2767 quum
2274 2687 2621 2749 Alexander

379 2809 430 2849 a.
462 2795 586 2853 334
628 2791 834 2852 urbem
879 2810 1083 2853 eorum
1117 2798 1579 2871 oppugnaturus
1625 2798 1799 2869 esset,
1844 2794 2074 2871 legatos
2106 2793 2352 2868 misisse,
2396 2789 2498 2868 qui
2544 2789 2619 2848 ab

379 2892 844 2954 Atheniensibus
890 2895 1180 2954 auxilium
1227 2900 1440 2955 contra
1500 2896 1727 2961 hostem
1790 2899 2092 2972 petereut;
2156 2894 2617 2954 Demosthenem

379 2993 569 3070 primo
615 2994 898 3054 auxilium
946 2995 1321 3071 dissuasisse,
1368 3001 1578 3074 postea
1623 3016 1658 3056 a
1705 2997 1947 3073 legatis,
1993 3003 2060 3055 ut
2101 3001 2355 3065 taceret,
2401 3012 2620 3072 magna

380 3097 637 3170 pecnnia
681 3102 1028 3175 corruptum
1083 3116 1328 3171 aegrum
1376 3115 1439 3157 se
1485 3116 1618 3158 esse
1677 3097 1988 3157 simulasse
2034 3116 2231 3174 neque
2292 3096 2617 3173 quidquam

380 3197 845 3275 contradixisse3
890 3198 1051 3276 qnod
1087 3199 1546 3260 Demosthenem
1581 3219 1701 3260 uon
1746 3199 2035 3260 celantem
2083 3199 2189 3259 sed
2223 3203 2619 3260 ostentantem

380 3299 538 3360 dicto
584 3301 689 3361 illo
733 3302 792 3361 in
839 3301 1188 3362 histrionem
1234 3319 1403 3362 usum
1452 3320 1598 3362 esse.

549 3435 707 3510 Quid
754 3437 828 3497 de
859 3438 1215 3498 auctoritate
1260 3437 1503 3498 fabulae
1551 3439 1715 3500 illius
1746 3441 1820 3501 sit
1854 3438 2267 3518 judicandum,
2312 3440 2457 3499 satis
2492 3439 2617 3516 jam

376 3538 516 3600 inde
561 3544 757 3618 patet,
815 3540 978 3618 quod
1025 3540 1098 3601 ab
1143 3541 1259 3602 alio
1323 3542 1616 3619 scriptore
1659 3544 1848 3604 Polus
1916 3542 1993 3604 ab
2048 3543 2166 3603 alio
2208 3542 2619 3604 Aristodemus

377 3642 582 3703 histrio
614 3644 968 3715 nominatur,
1013 3645 1088 3704 ab
1135 3643 1252 3705 alio
1298 3645 1605 3706 histrionis
1635 3664 1851 3707 nomen
1898 3645 2213 3723 omittitur3
2257 3646 2332 3706 ab
2380 3646 2494 3706 hoc
2540 3645 2617 3706 ad

376 3745 837 3806 Demosthenem
885 3745 960 3806 ab
1003 3746 1104 3808 ino
1150 3747 1223 3806 ad
1269 3747 1597 3808 Demadem
1649 3749 1911 3810 refertur
1955 3749 2211 3809 rhetoris
2255 3748 2496 3819 dietum,
2542 3749 2618 3808 ab

375 3847 490 3908 hoc
535 3867 821 3910 numerus
878 3850 1266 3927 talentorum,
1325 3869 1481 3928 quae
1526 3851 1914 3912 Demostheni
1976 3850 2235 3912 tacendo
2280 3851 2620 3929 obtigerint,

375 3949 636 4029 additur,
681 3951 755 4011 ab
800 3951 899 4012 illo
945 3952 1262 4031 omittitur;
1306 3953 1404 4013 hic
1447 3953 1798 4015 histrIonem
1830 3973 1939 4032 per
1984 3955 2136 4015 duos
2181 3954 2324 4031 dies,
2368 3954 2464 4014 ille
2509 3971 2619 4032 per

375 4072 556 4113 unum
617 4053 772 4113 diem
823 4054 1054 4115 fabulas
1100 4057 1295 4135 egisse
1351 4061 1652 4117 memorat.
1740 4057 1918 4118 Haud
1968 4057 2193 4135 majore
2253 4056 2369 4116 fide
2433 4057 2619 4134 digna

377 4160 468 4214 est
513 4156 664 4217 haee
707 4158 973 4218 narratio
1004 4177 1181 4235 quam
1229 4158 1439 4220 fabula
1483 4159 1582 4219 illn
1629 4158 1704 4218 de
1738 4160 2141 4220 Demosthene
2186 4178 2223 4218 a
2252 4158 2615 4219 Milesiorum

375 4259 589 4335 legatis
630 4264 885 4339 argento
932 4268 1215 4341 corrupto
1261 4262 1472 4339 relata3
1544 4262 1745 4323 afficta
1790 4268 1881 4324 est
1940 4263 2130 4325 altera
2179 4262 2348 4323 alteri
2412 4271 2474 4323 et
2534 4263 2617 4323 ita
