3166 4871
549 205 676 268 284

549 379 721 439 modo
794 379 869 438 de
929 378 1179 456 singulis
1244 381 1349 437 aut
1423 377 1618 454 poetis
1686 382 1791 436 aut
1852 375 2072 437 fabulis
2133 377 2339 438 Cicero
2416 377 2785 454 judicaverit,

544 485 903 557 spectamus,
961 478 1036 539 ad
1084 479 1338 540 candem
1383 478 1510 539 fere
1557 478 1945 556 perducimur
1990 479 2363 540 sententiam.
2450 477 2605 539 Sane
2650 498 2783 558 per·

546 583 731 642 multa
774 602 848 642 ex
893 581 987 642 his
1036 581 1285 659 judiciis
1331 581 1552 642 nullius
1613 580 1689 641 ad
1737 598 1855 640 16111
1904 581 2271 658 propositam
2326 600 2458 642 esse
2504 582 2782 642 momenti

544 704 653 764 per
698 703 761 747 se
807 690 1076 763 apparet.
1162 682 1415 762 Saepius
1460 686 1614 743 enim
1663 696 1768 744 661
1823 684 2139 761 1166616166,
2182 685 2276 744 661
2322 684 2558 744 fabulae
2600 684 2784 761 locus,

543 787 618 848 (16
649 806 768 865 quo
797 805 995 847 sermo
1028 792 1135 862 661,
1179 786 1534 847 tribuendus
1564 787 1657 863 sit,
1700 792 1808 846 ant
1837 804 1911 845 ex
1953 787 2085 864 ipsa
2128 786 2243 846 loci
2290 791 2503 846 natura
2534 794 2783 865 apparet

542 890 618 950 ad
665 891 858 951 solnm
890 890 1168 949 Latinum
1214 896 1450 966 poetam
1492 889 1847 949 sententiam
1896 888 2183 965 prolatam
2217 907 2346 950 esse
2392 889 2784 968 referendam,

543 996 608 1053 ut
650 993 700 1053 si
732 992 1060 1052 Pacuvium
1108 990 1188 1063 (d.
1219 1002 1340 1069 opt.
1369 1011 1425 1067 g.
1457 1010 1542 1051 or.
1575 988 1638 1063 2)
1701 1009 1992 1051 summum
2054 991 2346 1068 tragicum
2393 992 2657 1069 appellat
2679 989 2780 1063 ¹⁰¹)

541 1099 647 1155 aut
689 1093 935 1155 Accium
982 1092 1064 1171 (p.
1109 1094 1310 1154 Plane.
1351 1090 1458 1165 59)
1519 1111 1761 1170 gravem
1809 1099 1869 1153 61
1912 1094 2281 1170 ingeniosum
2337 1095 2601 1154 nominat
2642 1113 2781 1171 poe-

540 1202 677 1258 tam.
700 1193 800 1269 ¹⁰²)
888 1197 1168 1256 Attamen
1232 1196 1500 1256 nonnulli
1550 1194 1791 1272 quidem
1837 1200 2071 1256 exstant
2128 1195 2266 1267 loci,
2327 1213 2478 1273 quos
2538 1203 2600 1256 ut
2644 1216 2780 1274 pro-

539 1300 756 1376 feram,
798 1317 893 1359 166
937 1298 1069 1377 11166
1113 1299 1414 1375 1106161616
1463 1297 1718 1357 videtur.
1806 1297 1985 1358 Velut
2037 1297 2093 1357 id
2132 1297 2455 1376 judicium,
2513 1299 2671 1376 quod
2721 1297 2780 1359 (1.

538 1401 653 1487 div.
691 1406 742 1471 1,
775 1405 853 1462 66
902 1407 962 1461 61
1007 1405 1085 1462 67
1130 1400 1204 1461 (16
1239 1402 1413 1461 Ennii
1463 1399 1881 1473 „Alexandro“
1932 1420 1968 1460 a
2001 1401 2071 1475 Q.
2104 1401 2410 1478 Cicerone,
2453 1419 2529 1461 ex
2577 1400 2779 1460 fratris

537 1505 664 1564 siue
710 1503 891 1564 dnbio
937 1502 1249 1574 sententia,
1297 1502 1629 1580 profertur:
1681 1500 1766 1573 „0
1815 1520 2026 1580 poema
2065 1506 2334 1564 tenerum
2381 1509 2440 1563 et
2486 1512 2778 1563 moratum

538 1612 722 1684 atque
768 1606 1022 1666 11101161.
1054 1649 1068 1665 .
1099 1649 1113 1665 .
1144 1603 1292 1665 deus
1352 1605 1618 1664 inclusus
1680 1623 1930 1682 corpore
1978 1605 2235 1667 humano
2285 1606 2410 1682 jam
2471 1623 2591 1665 non
2638 1605 2778 1666 Cas-

536 1708 759 1770 sandra
798 1706 1121 1785 loquitur“,
1167 1713 1331 1768 recte
1362 1706 1436 1768 ad
1483 1707 1615 1785 ejus
1672 1706 1904 1768 fabulae
1952 1708 2326 1785 Euripidem,
2372 1726 2552 1786 quam
2598 1714 2779 1787 pocta

536 1814 840 1873 Romanus
885 1818 1128 1872 secutus
1173 1815 1290 1887 est,
1354 1809 1589 1871 laudem
1638 1808 1845 1870 referri
1903 1813 2120 1886 potest.
2210 1810 2554 1888 Eodemque
2599 1811 2775 1871 modo

525 1912 920 1994 judicandum
982 1918 1073 1973 661
1116 1912 1190 1974 (16
1248 1912 1424 1973 166(16
1470 1912 1591 1988 1116,
1636 1930 1813 1990 quam
1857 1913 1916 1971 in
1988 1911 2530 1985 „Ardromacham“
2598 1913 2778 1973 Ennii

537 2016 793 2077 contulit
837 2014 1039 2088 (Tusc.
1068 2019 1124 2093 3,
1154 2014 1293 2087 46):
1355 2015 1779 2088 „Praeclarum
1827 2033 2093 2085 carmen,
2155 2022 2246 2076 661
2290 2016 2444 2076 66161
2490 2021 2549 2075 61
2595 2016 2774 2076 161166

535 2124 595 2178 61
640 2117 837 2179 verbis
890 2123 953 2179 et
997 2116 1188 2179 modis
1230 2117 1531 2195 lugubre.“
1626 2118 1965 2196 Praeterea,
2023 2136 2180 2195 quae
2242 2118 2319 2178 ad
2364 2120 2484 2179 Att.
2521 2122 2617 2196 16,
2647 2121 2703 2195 2,
2735 2124 2772 2180 3

534 2221 609 2283 (16
668 2222 836 2282 Α6611
897 2222 1092 2282 Tereo
1155 2221 1572 2281 inveniuntur:
1643 2216 1912 2293 (Brutus)
1980 2221 2319 2293 „Delectari
2378 2221 2518 2281 mihi
2574 2222 2771 2282 Tereo

531 2322 851 2384 videbatur
907 2328 968 2383 et
1020 2323 1247 2384 habere
1301 2323 1583 2401 majorem
1633 2324 1836 2394 Accio,
1898 2342 2077 2400 quam
2136 2324 2416 2395 Antonio,
2475 2321 2766 2401 gratiam“

532 2445 640 2505 per
686 2444 752 2487 66
781 2425 841 2487 16
889 2425 1126 2486 landem
1158 2424 1492 2503 Sophoclis,
1537 2443 1573 2484 6
1604 2444 1724 2502 quo
1769 2425 1872 2485 ille
1904 2425 2059 2486 hanc
2103 2425 2364 2486 fabulam
2396 2427 2772 2488 transtulisse

531 2527 785 2605 videtur,
842 2531 1096 2605 possunt
1138 2527 1360 2604 accipi3
1423 2526 1530 2587 sed
1590 2545 1723 2586 cum
1783 2545 1859 2586 ex
1902 2529 2329 2589 sententiarum
2392 2547 2623 2589 conexu
2686 2530 2771 2590 fa·

531 2630 744 2690 61111616
802 2634 1095 2708 appareat
1155 2629 1302 2689 11666
1346 2628 1532 2689 verba
1577 2659 1657 2667 —
1704 2634 1772 2689 ut
1833 2629 2098 2689 omittam
2159 2648 2233 2691 ea
2294 2630 2462 2690 nimis
2521 2632 2581 2690 in
2643 2632 2770 2691 uni-

532 2750 768 2794 versum
831 2732 991 2792 dicta
1036 2750 1165 2793 6666
1207 2761 1294 2772 ·-
1337 2731 1561 2792 ironice
1616 2731 1674 2791 in
1722 2732 2048 2792 Antonium
2108 2750 2240 2793 esse
2286 2732 2549 2811 prolata,
2608 2734 2772 2794 nulla

528 2834 657 2896 fere
698 2835 761 2895 in
806 2835 921 2895 hac
964 2853 1032 2896 re
1076 2835 1149 2895 iis
1193 2833 1514 2896 tribuenda
1558 2838 1651 2894 est
1695 2835 2033 2895 auctoritas
2078 2865 2163 2873 —
2208 2836 2331 2895 Iam
2378 2835 2524 2895 nihil
2562 2836 2771 2912 habeo,

530 2937 689 3015 quod
739 2938 878 2998 huic
921 2938 1082 3016 parti
1126 2936 1466 2999 addendum
1499 2954 1628 2997 esse
1674 2940 1893 3013 putem.
1983 2938 2343 2998 Persuasum
2386 2941 2584 3000 autem
2631 2939 2770 2998 mihi

527 3044 619 3101 est
678 3058 751 3101 ea
808 3042 969 3120 ipsa,
1031 3059 1188 3119 qnae
1248 3039 1324 3101 de
1382 3037 1583 3101 studio
1643 3058 1679 3099 a
1740 3039 2027 3101 Cicerone
2083 3041 2141 3100 in
2202 3041 2465 3118 tragicos
2523 3041 2769 3102 Latinos

526 3142 741 3203 collato
786 3144 1053 3222 exposui,
1098 3142 1315 3204 idonea
1372 3160 1531 3219 6666,
1588 3142 1808 3220 quibus
1852 3143 2149 3203 sententia
2204 3148 2412 3204 nostra
2455 3142 2531 3203 de
2588 3144 2767 3221 tragi-

525 3264 730 3306 corum
776 3245 1142 3307 Graecorum
1200 3245 1415 3306 studiis
1462 3243 1871 3305 Ciceronianis
1926 3245 2058 3304 aliis
2102 3264 2178 3305 ex
2237 3246 2417 3306 rebus
2476 3251 2767 3325 concepta

528 3366 645 3407 non
695 3347 868 3408 modo
914 3366 1034 3409 non
1078 3347 1393 3423 refutetur,
1438 3345 1546 3407 sed
1593 3347 1768 3408 etiam
1816 3346 2256 3424 quodammodo
2301 3347 2584 3409 firmetur.

698 3464 1000 3544 Sequitur,
1043 3472 1109 3528 ut
1153 3465 1487 3544 videamus,
1544 3466 1781 3543 qualem
1826 3465 1953 3527 fere
1997 3466 2072 3527 de
2124 3467 2197 3528 iis
2241 3467 2446 3530 Cicero
2491 3467 2769 3528 habuerit

699 3734 786 3797 ¹⁰¹)
822 3731 1078 3787 Ceterum
1117 3728 1220 3785 hoc
1256 3730 1378 3785 1060
1414 3745 1538 3785 eum
1573 3746 1683 3785 non
1722 3737 1833 3786 tam
1858 3745 1927 3785 ex
1955 3746 2057 3786 sua
2078 3731 2259 3801 ipsius
2284 3732 2563 3802 opinione,
2598 3749 2761 3803 quam

522 3833 590 3870 ex
637 3816 868 3871 aliorum
916 3816 1248 3870 auctoritate
1294 3814 1508 3870 dixisse
1554 3820 1613 3870 et
1661 3830 1730 3870 ex
1781 3814 1955 3870 dubia
1994 3816 2291 3887 ‚iudicandi
2338 3819 2549 3872 ratione
2593 3826 2651 3873 et
2694 3834 2761 3873 ex

521 3900 645 3956 aliis
682 3901 817 3956 locis
853 3907 1100 3970 apparet.
1159 3900 1246 3955 De
1269 3914 1381 3970 qua
1404 3915 1465 3955 re
1477 3899 1594 3970 jam
1620 3915 1790 3969 supra
1826 3901 2081 3956 diximus.

695 4006 781 4070 ¹⁰²)
817 4002 937 4058 Hoc
986 4003 1109 4058 1060
1156 4001 1348 4057 licebit
1392 4002 1598 4057 addere
1645 4001 1703 4056 in
1750 4003 2094 4058 orationibus
2130 4002 2411 4060 Ciceronis
2447 4006 2536 4060 vel
2572 4006 2761 4075 1116166

522 4104 719 4145 versus
755 4104 824 4144 ex
851 4086 1031 4156 Accii,
1065 4103 1228 4158 qnam
1256 4102 1324 4143 ex
1352 4088 1536 4156 Ennii,
1573 4086 1778 4143 fabulis
1814 4086 2054 4144 inveniri
2081 4103 2146 4144 ea
2169 4087 2411 4145 fortasse
2449 4090 2517 4145 de
2542 4105 2760 4158 caussa,

517 4174 670 4244 quod
706 4173 1024 4229 hominibus
1059 4172 1453 4244 grandioribus
1491 4179 1628 4227 natu
1663 4173 1786 4242 11166
1821 4180 1990 4243 110616
2025 4181 2188 4229 notus
2224 4173 2417 4229 fuerat.
