3166 4871
604 286 684 346 22
1188 236 1203 245 =
1386 292 1393 301 ·
1606 281 1864 337 Zacber

603 460 746 538 quid
795 460 1070 538 prohibet
1113 460 1434 537 quominus
1482 460 1539 519 in
1590 460 1681 519 his
1729 479 1970 538 quoque
2018 479 2125 541 ηιο
2174 480 2281 537 pro
2329 478 2424 519 uo
2473 461 2691 520 dictum
2739 479 2844 537 pu·

603 564 845 622 temus?
919 563 1036 624 Sed
1084 567 1149 623 ut
1193 564 1251 623 in
1300 567 1555 640 utroque
1603 563 1899 623 vocabulo
1946 582 2158 623 revera
2202 568 2386 640 poeta
2429 582 2539 640 pro
2588 579 2695 620 mo
2741 581 2845 638 po·

584 666 793 753 xsuerit
837 682 965 745 ηιο,
1010 670 1209 725 tamen
1281 666 1358 725 ad
1405 670 1588 725 totam
1636 667 2046 741 quaestionem
2111 666 2252 725 nihil
2313 665 2597 725 efficiunt.
2686 665 2846 725 Illud

603 768 757 827 enim
804 767 1095 828 Nicandri
1154 772 1273 846 est,
1332 768 1630 827 temerarii
1691 768 2120 828 vocabulorum
2181 768 2513 827 inventoris
2560 786 2631 827 ac
2678 768 2843 826 vitia-

602 869 785 947 toris3
831 868 945 929 hoc
990 868 1275 929 traditum
1325 874 1415 929 est
1460 870 1519 929 in
1566 874 1782 948 poetae
1829 870 2016 949 ignoti
2064 870 2198 930 lusu
2247 870 2430 930 Antb.
2461 865 2519 947 9,
2565 865 2705 947 524,
2747 865 2847 945 21,

602 989 713 1049 per
759 975 1021 1048 quatuor
1090 977 1149 1033 et
1192 972 1403 1049 viginti
1468 991 1680 1032 versus
1743 977 2044 1051 quaterna
2089 974 2311 1034 Bacchi
2374 972 2728 1049 cognomina
2770 971 2844 1031 ab

603 1074 811 1133 eadem
859 1075 917 1133 in
966 1093 1206 1153 quoque
1252 1054 1431 1135 versu
1479 1076 1678 1136 littera
1721 1075 2067 1152 incipientia
2097 1074 2421 1151 fundentis,
2468 1076 2618 1134 utin
2654 1073 2844 1150 primo

604 1195 645 1235 ιι
690 1177 749 1235 in
797 1177 1002 1237 ultimo
1049 1196 1106 1235 ω
1149 1179 1429 1255 incipiat3
1475 1195 1654 1254 quem
1701 1179 1843 1238 satis
1886 1179 2111 1237 recenti
2158 1196 2307 1238 aevo
2338 1177 2560 1236 vixisse
2602 1176 2843 1235 dubium

604 1297 736 1338 esse
782 1281 1006 1357 nequit.
1096 1281 1431 1358 Utrumque
1492 1281 1675 1358 igitur
1751 1281 2101 1343 vocabulum
2165 1298 2236 1339 eo
2299 1284 2564 1357 tempore
2628 1283 2848 1354 natum,

604 1400 724 1459 quo
770 1381 1088 1441 candidum
1134 1387 1481 1460 rectumque
1528 1382 1603 1443 de
1648 1383 2080 1444 vocabulorum
2126 1382 2350 1458 origine
2397 1386 2456 1440 et
2502 1386 2714 1441 natura
2749 1381 2845 1458 ju·

602 1484 841 1562 dicium,
885 1502 1221 1561 sensusque
1267 1486 1484 1564 priscis
1531 1485 1650 1544 illis
1699 1486 1938 1545 innatus
1984 1488 2094 1545 iam
2142 1485 2243 1544 din
2289 1489 2632 1545 evanuerat.

774 1589 986 1663 ltaque
1033 1606 1216 1665 quum
1264 1606 1339 1647 ne
1387 1606 1493 1648 eae
1538 1587 1776 1664 quidem
1822 1605 2005 1648 voces
2051 1588 2110 1646 in
2159 1604 2267 1667 ηιο
2315 1588 2658 1646 desinentes
2702 1605 2846 1662 qua·

603 1706 734 1748 rum
802 1690 969 1766 quasi
1030 1708 1268 1750 sorores
1314 1694 1553 1751 exstant
1605 1691 1662 1749 in
1711 1708 1854 1762 αιο,
1919 1691 1993 1750 ab
2042 1691 2159 1768 his,
2225 1689 2332 1749 sed
2379 1708 2416 1749 a
2459 1688 2662 1749 formis
2720 1688 2845 1747 sive

602 1792 859 1851 servatis
903 1792 1027 1850 sive
1073 1793 1306 1852 amissis
1351 1793 1411 1851 in
1460 1810 1557 1861 uo
1605 1797 1773 1852 ortae
1820 1793 1957 1869 sint,
2001 1793 2183 1851 multo
2217 1791 2403 1868 magis
2448 1810 2520 1851 ea
2553 1788 2862 1875 vocabula,

601 1911 757 1969 quae
801 1895 933 1953 sola
975 1895 1393 1954 terminatione
1437 1911 1544 1973 ηιο
1610 1896 1840 1954 utentia
1902 1893 2123 1953 tradita
2183 1899 2354 1970 sunt,
2416 1894 2490 1954 ad
2553 1894 2847 1970 genuinas

603 1995 826 2056 formas
886 1996 950 2055 in
1011 2013 1107 2054 ειο
1161 1996 1507 2057 revocanda
1550 2014 1685 2056 esse
1731 1997 2117 2056 censebimus.
2208 1994 2474 2069 Quorum
2521 1995 2842 2055 vocabulo·

603 2117 732 2158 rum
780 2117 853 2158 ea
897 2104 1124 2160 tantum
1172 2100 1230 2158 in
1279 2100 1690 2176 quaestionem
1736 2105 1877 2160 sunt
1919 2099 2209 2176 vocanda,
2255 2117 2410 2176 quae
2459 2118 2494 2158 a
2539 2098 2847 2157 vocabulis

600 2201 791 2279 prima.
821 2200 1235 2262 declinationis
1267 2201 1536 2261 derivata
1566 2206 1724 2278 sunt,
1768 2220 1904 2260 nam
1939 2202 2012 2261 de
2034 2190 2417 2280 πολεμήιος,
2449 2188 2844 2277 ποταμήιος,

604 2291 1005 2380 θαλαμήιος,
1050 2293 1364 2382 ξεινήιον,
1410 2293 1683 2382 ξυνήιος
1730 2322 1901 2363 nemo
1949 2303 2243 2364 dubitabit
2288 2304 2428 2379 quin
2492 2322 2601 2379 pro
2646 2293 2848 2359 ,πολέ-

599 2421 783 2483 μειος
827 2393 1191 2484 ποτάμιιος
1237 2409 1349 2466 cet.
1382 2406 1543 2466 dicta
1574 2408 1711 2466 sint.
1799 2408 2009 2484 Itaque
2057 2406 2131 2466 de
2178 2405 2338 2466 hisce
2385 2410 2613 2466 tantum
2647 2402 2848 2463 verbis
2959 2473 2970 2480 ⁴

602 2508 1011 2584 quaerendum
1073 2514 1189 2569 est:
1254 2498 1620 2588 Ιάιήιος,
1664 2499 2151 2587 ποιμνήιος,
2197 2498 2546 2587 ταφήιος
2605 2507 2680 2565 ab
2725 2505 2847 2564 Ho-

602 2629 763 2670 mero
825 2613 1162 2688 usurpatis,
1235 2602 1639 2690 κουρήιος
1705 2613 1761 2672 h.
1822 2613 1881 2671 in
1946 2612 2077 2671 Cer.
2127 2607 2263 2687 108,
2337 2597 2848 2687 γενεθλήιος

601 2714 799 2773 Procl.
844 2713 1047 2791 hymn.
1079 2709 1136 2791 2,
1181 2709 1236 2774 8.
1324 2704 1678 2792 ψυχήιος
1731 2715 1790 2774 in
1837 2732 2108 2775 sermone
2153 2714 2348 2775 ionico
2396 2712 2543 2771 Luc.
2591 2729 2645 2769 v.
2693 2729 2744 2767 a.
2791 2707 2848 2767 6.

597 2804 1094 2894 χραισμήιυν
1141 2815 1322 2874 Anth.
1359 2813 1410 2893 1,
1441 2812 1539 2874 32.
1585 2814 1743 2875 illac
1768 2804 1952 2895 ήιος·
1985 2818 2188 2875 Macae
2234 2813 2392 2873 filins
2440 2814 2636 2873 Nonn.
2669 2813 2848 2872 Dion.

600 2912 658 2993 9,
708 2914 781 2973 17
842 2906 1207 2995 [μαιήιος
1254 2918 1449 2977 Noun.
1494 2918 1668 2977 Dion.
1716 2913 1773 2995 9,
1825 2914 1939 2974 167
1988 2936 2169 2994 quum
2216 2915 2511 2992 significet
2552 2930 2847 2991 μαιευτι-

598 3008 749 3092 κός,
813 3018 1145 3079 derivatum
1224 3037 1344 3078 non
1406 3023 1497 3078 est
1558 3039 1596 3078 a
1652 3025 1850 3096 μαῖα,
1911 3020 2017 3079 sed
2079 3037 2115 3077 a
2156 3004 2555 3094 μαιεύομαι].
2644 3015 2849 3091 Atque

599 3110 1050 3199 ποιμνήιος
1116 3120 1356 3198 quidem
1425 3125 1485 3180 et
1546 3110 1908 3198 ταφήιος
1969 3139 2108 3180 num
2164 3138 2200 3177 a
2243 3111 2497 3195 ποίμνη
2545 3121 2605 3175 et
2665 3106 2849 3193 ταφή

598 3224 918 3300 pullulent,
963 3225 1138 3283 valde
1185 3223 1431 3284 dubium
1482 3227 1597 3299 est,
1645 3242 1824 3299 quum
1873 3211 2054 3301 ταφή
2101 3220 2261 3298 apud
2309 3219 2682 3279 Herodotum
2729 3217 2850 3294 pri-

599 3343 755 3383 mum
804 3326 1070 3402 legatur,
1135 3327 1433 3385 Homerus
1496 3314 1711 3398 τάφος
1768 3324 1960 3384 solum
2023 3322 2275 3397 habeat,
2349 3325 2409 3379 ct
2482 3308 2850 3396 ,ποιμνήιος

599 3414 902 3503 σταθμός
946 3424 1008 3485 Β
1053 3424 1176 3486 470
1243 3446 1360 3487 ιιοιι
1409 3427 1602 3486 solum
1672 3444 1709 3484 a
1767 3420 2018 3503 ποίμνη
2083 3422 2186 3482 sed
2250 3422 2424 3481 etiam
2490 3441 2527 3479 a
2588 3412 2851 3500 ποιμήν

597 3529 791 3606 possit
831 3529 1166 3589 derivatum
1214 3547 1375 3607 esse,
1419 3532 1486 3589 ut
1532 3524 1829 3603 significet
1873 3543 2067 3585 casam
2113 3524 2499 3599 pastoritiam,
2544 3524 2852 3600 quomodo

602 3631 857 3690 Duncan
922 3635 982 3690 et
1026 3631 1414 3707 Nagelsbach
1478 3630 1973 3706 interpretantur.
2061 3625 2251 3683 Etiam
2310 3613 2854 3702 γειέθλὴιος

598 3736 794 3792 utrum
827 3751 864 3792 a
891 3726 1177 3811 γενέθλη
1222 3751 1297 3791 an
1331 3751 1366 3791 a
1394 3724 1726 3808 γένεθλον
1773 3729 2106 3787 derivatum
2140 3726 2232 3800 sit,
2268 3725 2409 3800 jure-
2457 3723 2854 3787 dubitaveris·

597 3835 675 3894 Et
716 3823 1287 3913 χραισμήιον,
1350 3850 1532 3910 quum
1575 3824 1861 3910 χραίσμῃ
1908 3846 2026 3886 non
2072 3827 2149 3885 sit
2193 3825 2303 3884 nisi
2351 3825 2640 3886 Nicandri
2690 3847 2855 3888 com·

598 3940 881 4012 mentum,
925 3937 1146 3994 rectius
1193 3935 1428 3994 videtur
1474 3931 1548 3991 :ld
1583 3931 1828 3991 verbum
1855 3920 2191 4007 χραισμέω
2223 3927 2652 3986 revocandum.
2733 3932 2852 3991 Sed

598 4037 827 4095 etiamsi
889 4037 1089 4096 omnia
1147 4036 1249 4095 illa
1291 4034 1587 4095 voeabula
1633 4052 1668 4092 a
1712 4030 1998 4106 stirpibus
2061 4030 2118 4087 in
2183 4045 2224 4084 α
2284 4026 2561 4086 derivata
2625 4039 2856 4111 essent,

597 4143 793 4196 tamen
842 4154 962 4197 non
1008 4142 1391 4214 sequeretur,
1458 4139 1523 4194 ut
1591 4134 1652 4192 in
1714 4133 1784 4192 iis
1831 4147 1935 4210 ηιο
2001 4149 2110 4207 pro
2172 4145 2278 4185 αιο
2341 4130 2606 4203 positum
2674 4143 2857 4195 esset.

600 4240 751 4298 Nam
796 4242 1093 4316 permulta
1138 4239 1430 4298 vocabula
1491 4239 1547 4297 in
1617 4252 1713 4293 ειο
1784 4232 2116 4292 desinentia
2173 4247 2210 4287 a
2270 4229 2557 4304 stirpibus
2619 4235 2858 4309 primae
