3166 4871
1066 314 1153 370 De
1186 315 1391 372 nomin.
1426 316 1485 372 in
1521 335 1689 382 -αιος,
1760 321 1794 384 s
1822 322 1900 372 14.
2514 322 2594 386 43

338 488 637 551 τοιαῦτα
697 486 771 552 δὲ
827 482 1141 571 τυγχάνει
1195 483 1397 573 μόρια
1441 495 1500 559 (i.
1531 514 1582 556 e.
1625 495 1801 572 signa
1843 496 2085 573 generis
2131 495 2375 567 diversi)
2433 482 2598 555 ὄντα

344 593 472 654 τοῦ
515 590 645 673 μὲν
694 584 941 673 θήλεος
995 587 1063 654 αἱ
1117 585 1527 674 καλούμεναι
1582 584 1885 676 ὑστέραι,
1944 594 2070 656 τοῦ
2127 582 2465 677 ῥ’ἅρρενος
2517 588 2600 657 τὰ

346 692 505 776 περὶ
550 687 715 767 τούς
758 684 973 776 ὄρχεις
1004 688 1305 768 καὶτοὺς
1331 693 1686 777 περινέους
1730 695 2145 778 (περιναίους
2177 700 2307 769 PS).
2363 698 2530 777 ib.4‚
2565 699 2592 757 1

351 798 503 869 (766
550 819 607 877 a,
650 798 745 869 6):
809 787 1032 877 ἁπάσῃ
1076 790 1351 879 ὸυνάμει
1396 786 1690 880 ὄργανόν
1734 796 1798 860 τί
1842 795 1978 862 ἐστι
2020 848 2033 860 .
2069 847 2081 860 .
2117 848 2130 859 .
2178 787 2434 881 ανάγκη
2478 790 2599 879 γὰρ

348 898 465 961 καὶ
512 898 613 980 τῷ
659 892 853 981 θήλει
916 896 1031 961 καὶ
1082 900 1181 981 τῷ
1240 889 1465 983 ἄρρενι
1526 890 1779 963 dvm*
1742 921 2023 985 οργανα,
2083 901 2179 984 τῷ
2221 900 2344 983 μὲν
2389 884 2514 963 οὖν
2557 891 2599 982 ἡ

350 992 603 1084 ὑστέρα
646 1000 747 1083 τῷ
792 989 852 1063 0³
893 991 933 1063 ὃ
977 994 1286 1082 περίνεόα
1346 998 1529 1065 ἐστιν
1587 1004 1782 1080 (varia
1837 1007 2014 1068 lectio
2075 1009 2243 1068 nulla
2302 1004 2603 1079 traditur).

352 1109 628 1168 Formam
673 1096 1017 1184 περινὸς
1061 1108 1324 1169 Galenus
1371 1109 1545 1169 affert
1590 1126 1664 1169 ex
1709 1109 2102 1187 Hippocrate,
2159 1113 2219 1169 et
2262 1109 2601 1185 Hesychius

354 1211 790 1285 interpretatur
818 1199 1093 1289 περινός
1112 1223 1126 1235 ·
1173 1199 1250 1268 τό
1282 1202 1575 1284 αἰδοῖον,
1606 1202 1671 1269 οἱ
1698 1205 1770 1269 δὲ
1799 1200 1923 1270 τὸν
1955 1202 2234 1283 καυλὸν,
2278 1199 2318 1290 ἢ
2349 1201 2429 1270 τὸ
2459 1207 2601 1271 τῶν

353 1301 657 1390 διδύμων
699 1306 904 1390 δέρμα
933 1298 1148 1391 ἤγουν
1180 1299 1217 1371 ὁ
1248 1309 1510 1390 ταῦρος.
1583 1314 1676 1374 De
1718 1313 2152 1390 significatione
2192 1316 2448 1392 posteris
2480 1332 2599 1374 non

354 1415 710 1475 constetisse
753 1433 825 1474 ex
874 1415 988 1474 hac
1012 1414 1296 1490 Hesychii
1329 1415 1534 1492 glossa
1574 1415 1947 1492 intelligitur.
2016 1415 2193 1493 Apud
2217 1416 2599 1476 Aristotelem

352 1512 715 1595 'generaliter
758 1517 951 1577 locum
983 1518 1213 1577 virilem
1259 1517 1602 1594 significare
1633 1517 1886 1578 videtur.
1961 1519 2142 1597 Apud
2172 1520 2598 1597 Hippocratem

354 1620 587 1681 Galeno
647 1623 707 1679 et
765 1619 978 1680 Foesio
1040 1619 1382 1680 auctoribus
1444 1624 1674 1696 partem
1744 1621 2015 1698 corporis
2080 1620 2380 1698 significat
2448 1621 2603 1681 inter

355 1741 535 1783 anum
582 1728 642 1783 et
696 1720 959 1798 pudendi
1014 1722 1274 1797 initium,
1332 1721 1431 1782 ubi
1478 1724 1715 1782 vesicae
1774 1722 1991 1782 collum
2051 1723 2229 1783 situm
2289 1727 2399 1783 est.
2485 1722 2602 1785 Sed

356 1826 511 1886 bene
558 1830 759 1884 monet
786 1824 1071 1884 Littrcins
1112 1823 1187 1882 ad
1235 1826 1404 1884 artic.
1436 1822 1550 1884 51:
1599 1825 1688 1895 „11
1733 1824 1862 1884 faut
1890 1844 1955 1885 se
1984 1824 2205 1902 garder
2235 1825 2309 1886 de
2340 1824 2600 1904 prendre

356 1928 411 1986 le
471 1931 595 1987 mot
654 1926 896 2002 perinee
956 1924 1106 1985 dans
1168 1926 1525 2004 l‘acception'
1579 1929 1929 2003 rigoureuse
1985 1926 2083 2004 qu’
2138 1946 2215 1987 on
2272 1927 2355 1987 lui
2405 1928 2604 1987 donne

357 2027 755 2106 aujourd’hui.
861 2027 1031 2089 Oette
1106 2045 1425 2105 remarque
1501 2028 1626 2088 doit
1695 2030 1820 2088 etre
1896 2027 2156 2089 etendue
2222 2047 2342 2088 aux
2404 2032 2605 2088 autres

358 2130 771 2207 designations
829 2130 1241 2207 anatomiques
1285 2130 1340 2189 d’
1384 2131 1807 2209 Hippocrate“.
1894 2130 2358 2191 Accuratissima
2418 2130 2605 2208 expli-

361 2233 518 2294 catio
563 2237 657 2293 est
701 2231 861 2309 apud
892 2233 1195 2293 Pollucem
1240 2227 1298 2308 2,
1334 2229 1484 2289 173:
1528 2222 1610 2291 τὸ
1657 2224 1729 2291 δὲ
1776 2223 1983 2311 ῥαφῇ
2025 2227 2149 2309 μὲν
2192 2222 2604 2310 προςεοικὸς,

359 2324 493 2394 ὑπὸ
541 2329 612 2394 δὲ
659 2324 783 2393 τὸν
825 2324 1085 2393 καυλὸν
1132 2324 1240 2392 διὰ
1286 2331 1409 2394 τοῦ
1455 2319 1697 2412 ὀσχέου
1725 2328 1934 2413 μέσου
1966 2322 2096 2394 ὑπὸ
2132 2326 2256 2394 τὸν
2288 2320 2603 2413 ὀνομαζό-

356 2455 477 2515 μει
480 2455 564 2497 ον
606 2433 916 2518 ταῦρον.
969 2484 980 2494 .
1031 2484 1042 2494 .
1108 2430 1198 2507 εἰς
1248 2428 1374 2497 τὸν
1419 2427 1782 2497 δακτύλιον
1828 2433 2241 2518 καταλῆγον,
2299 2432 2605 2516 mptum,-

360 2526 758 2618 ὀνομάζεται
802 2527 843 2619 ἢ
891 2530 1124 2618 τράμις
1176 2527 1218 2617 ἢ
1262 2526 1481 2618 ὄρρος.
1571 2542 1739 2600 Haec
1796 2540 2112 2618 explicatio
2174 2542 2221 2600 si
2280 2545 2446 2600 recta
2500 2545 2610 2618 est,

358 2644 663 2720 putaverit
706 2644 1023 2721 quispiam,
1064 2642 1425 2703 vocabulum
1472 2642 1805 2703 derivatum
1853 2660 1986 2702 esse
2032 2661 2068 2702 a
2099 2637 2250 2720 νέω,
2294 2644 2457 2720 quod
2488 2644 2607 2719 pri-

357 2746 491 2806 dem
538 2764 660 2806 non
706 2745 897 2807 solum
943 2745 1122 2806 nendi
1172 2744 1278 2806 sed
1326 2746 1503 2805 etiam
1548 2744 1761 2806 suendi
1794 2741 2287 2821 significationem
2329 2746 2605 2806 habuisse

357 2849 510 2909 bene
545 2849 642 2909 Jo.
672 2847 942 2909 Schmidt
986 2848 1236 2909 adnotat
1282 2849 1367 2920 (Z.
1398 2848 1612 2909 Gesch.
1642 2847 1700 2908 d.
1745 2847 1863 2924 idg.
1907 2846 2222 2908 Vocalism.
2253 2849 2298 2925 1,
2344 2843 2425 2940 8),
2471 2867 2604 2908 nam

356 2951 433 3012 ab
476 2950 686 3012 eadem
734 2949 936 3010 radice
984 2958 1091 3010 est.
1118 2969 1305 3028 germ.
1328 2945 1515 3028 mian,
1559 2954 1621 3011 ct
1667 2938 2049 3030 ,,ἐι’ννητος,
2094 2950 2201 3009 das
2238 2949 2608 3010 homerische

360 3054 611 3114 beiwort
654 3051 761 3112 des
800 3042 1013 3131 χιτών
1056 3053 1200 3113 oder
1229 3047 1491 3123 πέπλος
1521 3052 1686 3113 kann
1718 3069 1833 3112 nur
1865 3057 2015 3128 „gut
2043 3049 2306 3127 genaht‘⁴
2355 3052 2611 3124 heissen,

361 3156 437 3216 da
498 3174 637 3216 man
696 3154 1019 3231 gewander
1080 3154 1247 3216 nicht
1306 3155 1572 3233 spinnt“.
1676 3154 2034 3231 Quanquam
2096 3153 2315 3223 oblitus
2373 3157 2463 3212 est
2520 3154 2611 3212 vir

361 3258 595 3334 doctus,
640 3256 912 3318 vocabuli
944 3256 1244 3318 Homerici
1291 3257 1784 3334 significationem
1815 3256 1994 3317 etiam
2025 3272 2160 3316 esse
2203 3272 2412 3333 posse:
2458 3255 2609 3316 bene

360 3365 591 3436 textus,
651 3378 836 3436 quum
896 3361 1071 3419 etiam
1132 3359 1237 3419 lat.
1280 3374 1392 3420 neo
1454 3357 1531 3419 de
1589 3362 1827 3419 textura
1879 3356 2252 3418 adhibeatur.
2339 3355 2456 3417 Sed
2503 3358 2611 3417 has

359 3469 481 3524 tres
522 3460 993 3538 significationes
1039 3460 1219 3523 nendi
1264 3461 1510 3522 texendi
1552 3461 1766 3522 suendi
1809 3460 1967 3522 inter
1996 3477 2062 3520 se
2093 3464 2258 3521 arcte
2288 3460 2611 3520 cohaerere

358 3570 632 3643 apparet,
674 3565 880 3641 itaque
911 3564 1072 3624 haud
1102 3564 1372 3624 absimile
1401 3568 1492 3626 est
1520 3564 1666 3642 veri,
1704 3558 2011 3641 περὶνεος
2042 3563 2258 3624 dictam
2290 3580 2422 3623 esse
2455 3562 2610 3622 illam

362 3669 533 3745 qnasi
571 3671 844 3728 suturam
876 3685 997 3744 qua
1025 3668 1284 3744 spatium
1313 3667 1470 3730 inter
1498 3666 1778 3743 glandem
1810 3671 1993 3745 atque
2024 3685 2204 3727 anum
2235 3663 2615 3726 intercedens

364 3770 804 3831 circumsuitur.
890 3771 1089 3829 Minus
1147 3769 1375 3846 placuit
1420 3769 1586 3830 aliud
1632 3770 1792 3846 quod
1839 3769 1976 3829 mihi
2021 3770 2081 3829 in
2129 3775 2385 3829 mentem
2431 3768 2613 3844 venit,

364 3868 675 3950 ιερίνεος
722 3871 1051 3932 derivatum
1084 3889 1213 3932 esse
1264 3890 1299 3929 a
1330 3866 1528 3949 πηρὶς
1571 3866 1782 3951 πηρίν
1812 3875 2074 3931 scrotum
2123 3869 2223 3944 (cf.
2251 3864 2612 3948 πτερὶνεον

364 3999 445 4026 -—-
488 3967 770 4052 κτερίς),
829 3991 950 4049 qua
993 3974 1119 4049 ipsa
1165 3975 1223 4032 vi
1271 3975 1445 4033 etiam
1489 3964 1797 4051 περιιέός
1843 3978 2193 4050 usurpatum
2251 3991 2380 4032 esse
2425 3972 2613 4048 Hesy-

365 4076 535 4142 chius
592 4081 872 4136 testatur.
971 4076 1084 4136 Sed
1143 4077 1461 4152 quominus
1522 4075 1814 4136 vocabula
1882 4079 2134 4150 cognata
2202 4091 2332 4133 esse
2395 4076 2616 4148 putem,

366 4178 645 4255 prohibet
692 4195 734 4255 η
781 4176 841 4236 in
886 4172 1117 4255 πηρίν,
1179 4198 1312 4238 nam
1362 4178 1475 4238 hoc
1520 4177 1876 4237 vocabulum
1941 4195 2058 4235 non
2120 4175 2324 4234 dubito
2387 4174 2530 4248 quin
2578 4191 2613 4231 a

365 4270 546 4358 πήρα
591 4280 673 4340 sit
720 4277 1085 4358 derivatum,
1144 4279 1305 4357 quod
1363 4279 1547 4339 multo
1572 4277 1961 4360 probabilius
2004 4276 2275 4354 Benfeyii
2320 4274 2616 4334 sententia
