3166 4871
2568 335 2646 397 19

413 516 574 572 teros
620 528 861 588 quoque
893 509 1155 569 Graecos
1200 510 1461 570 doricam
1509 510 1982 570 terminationem
2011 511 2071 571 in
2103 527 2215 569 usu
2250 510 2456 588 fuisse,
2485 507 2649 571 ideo·

414 630 532 690 que
590 614 671 690 is,
731 612 834 691 qui
889 613 1201 673 oraculum
1256 613 1406 674 illud
1452 613 1809 691 composuit,
1867 630 1934 672 re
1976 629 2124 674 vera
2165 595 2498 692 Ἰθωμάτᾳ
2548 606 2652 671 Διὶ

412 714 653 776 videtur
701 714 1024 791 scripsisse.

582 816 776 877 Venio
823 834 983 876 nunc
1029 816 1106 877 ad
1151 835 1281 877 eam
1326 817 1741 895 quaestionem
1772 821 1971 878 utrum
2002 815 2135 878 sola
2161 816 2335 894 epioa
2362 834 2438 876 an
2465 817 2650 877 etiam

414 920 595 979 attica
648 919 944 979 dialectus
1000 919 1058 978 in
1114 919 1375 980 oraculis
1418 922 1710 996 usurpata
1755 920 1846 979 sit.
1931 920 2086 981 Nam
2133 918 2294 981 haud
2339 920 2551 998 paucis
2593 920 2653 980 in

414 1022 670 1083 oraculis
714 1021 925 1082 atticas
966 1020 1195 1083 formas
1238 1022 1513 1100 inveniri,
1556 1039 1714 1082 unus
1757 1021 2013 1099 quisque
2056 1022 2161 1100 qui
2203 1039 2277 1082 ea
2319 1019 2536 1099 legerit
2563 1022 2650 1083 fa·

412 1124 633 1184 ciliime
682 1124 795 1184 sibi
854 1123 1256 1201 persuadebit.
1338 1125 1434 1185 De
1486 1125 1572 1184 eis
1631 1122 1771 1184 mihi
1831 1125 1919 1185 sic
1962 1123 2201 1185 videtur
2240 1123 2653 1185 iudicandum:

414 1227 476 1286 in
534 1225 791 1286 oraculis
852 1242 1011 1303 quae
1070 1225 1336 1302 genuina
1376 1225 1648 1305 putanda
1691 1229 1832 1286 sunt
1875 1229 1935 1286 et
1979 1244 2017 1285 a
2058 1224 2473 1287 sacerdotibus
2518 1226 2654 1287 Del·

413 1328 605 1408 pbicis
651 1327 954 1405 confecta,
1008 1326 1156 1388 nihil
1201 1345 1417 1388 causae
1456 1327 1575 1388 fuit
1617 1346 1726 1389 cur
1771 1327 1858 1388 illi
1903 1329 2116 1389 atticas
2156 1326 2381 1390 formas
2424 1330 2488 1389 in
2532 1329 2653 1407 epi-

414 1449 544 1490 cam
591 1429 910 1490 dialectum
956 1430 1375 1492 immiscerent:
1434 1431 1639 1508 itaque
1683 1449 1757 1491 ex
1802 1431 1895 1491 his
1938 1432 2066 1490 sine
2111 1431 2237 1491 ulla
2281 1430 2653 1492 dubitatione

414 1550 520 1597 eae
565 1531 964 1593 removendae
1010 1536 1169 1593 sunt.
1258 1533 1317 1594 Si
1361 1532 1677 1593 subditicia
1721 1518 2005 1594 videntur
2048 1533 2307 1612 oracula,
2351 1533 2456 1593 sed
2486 1532 2652 1610 apud

411 1634 560 1695 alios
625 1638 808 1710 atque
848 1634 1082 1695 Atticos
1134 1634 1438 1711 confecta,
1504 1635 1912 1712 quaerendum
1975 1637 2068 1695 est
2126 1652 2268 1695 num
2313 1635 2653 1711 antiquiore

412 1739 608 1796 aetate
663 1741 795 1797 orta
860 1736 981 1796 sint
1040 1741 1224 1813 atque
1282 1737 1613 1815 prudenter
1679 1742 1740 1797 et
1794 1738 1871 1797 ad
1934 1755 2201 1798 normam
2256 1737 2649 1814 genuinorum

412 1838 769 1916 composita:
823 1838 994 1898 etiam
1055 1857 1129 1899 ex
1184 1839 1270 1899 eis
1329 1840 1544 1900 atticae
1589 1838 1826 1900 dialecti
1869 1839 2102 1900 formae
2142 1838 2450 1900 eiciendae
2494 1842 2653 1900 sunt.

411 1941 488 2000 Et
530 1959 596 1999 re
639 1958 788 2000 vera
833 1941 1018 2001 multa
1062 1958 1267 2002 eorum
1320 1941 1723 2020 oraculorum,
1768 1942 1826 2001 in
1873 1941 2092 2019 quibus
2133 1941 2318 2001 attica
2362 1941 2654 2003 dialectns

410 2043 741 2118 invenitur,
797 2061 872 2102 ex
931 2045 1132 2120 priore
1189 2043 1381 2104 forma
1436 2043 1608 2122 epica
1665 2047 1950 2122 corrupta
2008 2061 2166 2122 esse,
2223 2043 2383 2104 haud
2439 2042 2651 2122 paucis

413 2144 700 2223 exemplis
746 2144 1184 2221 comprobatur.
1269 2145 1451 2224 Apud
1496 2145 1867 2207 Herodotum
1915 2145 1945 2206 1
1988 2142 2072 2204 66
2119 2145 2233 2206 hoc
2279 2148 2479 2206 exstat
2521 2163 2651 2205 ora·

414 2248 651 2308 culum:

565 2333 910 2430 Άρκαδίην
952 2336 1017 2428 μ’
1062 2345 1297 2421 αἰτεῑς;
1339 2345 1508 2429 μέγα
1548 2335 1616 2428 μ’
1661 2344 1864 2421 αἰτεῖς
1910 2364 1923 2378 ·
1971 2337 2054 2410 οὕ
2098 2367 2204 2410 τοι
2249 2339 2466 2410 δώσω.

581 2448 829 2512 πολλοὶ
873 2446 947 2511 ἐν
976 2438 1275 2532 Ἀρκαδίῃ
1317 2443 1786 2533 βαλανηφάγοι
1831 2440 2067 2534 ἄνδρες
2113 2444 2318 2525 ἔασιν,

582 2547 656 2613 οῗ
693 2539 752 2613 σ>
796 2541 1364 2615 ἀποκωλύσουσιν
1412 2569 1425 2582 ·
1471 2546 1607 2635 ἐγώ
1650 2550 1726 2615 δέ
1765 2573 1872 2615 τοι
1916 2542 2066 2615 οὔτι
2108 2550 2419 2634 μεγαίρω.

576 2647 786 2716 ’δώσω
830 2674 937 2716 τοι
987 2652 1227 2738 Τεγέην
1269 2653 1731 2738 ποσσίκροτον
1774 2643 2191 2738 ὀρχήσασθαι

583 2754 698 2818 καὶ
741 2749 954 2818 καλὸν
998 2755 1238 2819 πεδίον
1282 2755 1534 2839 σχοίνῳ
1580 2749 2170 2840 διαμετρήσασθαι.

411 2862 573 2923 Idem
638 2861 813 2922 etiam
871 2861 1176 2923 Diodorus
1225 2861 1333 2936 [lx
1380 2860 1488 2936 53]
1550 2864 1844 2941 servavit,
1921 2861 2024 2921 sed
2093 2881 2203 2940 pro
2240 2846 2537 2941 Ἀρκαδίῃ
2597 2868 2659 2922 et

423 2956 659 3042 Τεγέην
725 2964 938 3024 atticas
992 2964 1216 3024 formas
1256 2950 1555 3046 Ἀρκαδίᾳ
1618 2969 1679 3025 et
1743 2958 1988 3043 Τεγέαν
2039 2964 2304 3041 scripsit:
2378 2963 2437 3023 id
2492 2964 2655 3041 quod

416 3065 595 3125 etiam
656 3067 717 3126 in
779 3067 865 3126 eis
924 3067 1221 3145 versibus,
1278 3067 1380 3144 qni
1424 3068 1588 3146 apud
1633 3066 2002 3128 Herodotum
2057 3069 2392 3143 sequnntur
2437 3065 2487 3134 [Ι
2531 3061 2658 3143 67],

412 3167 696 3228 occurrit.
781 3168 850 3227 In
912 3187 1091 3229 versu
1137 3161 1471 3247 notissimo,
1515 3188 1695 3247 quem
1741 3170 1962 3231 Croeso
2010 3167 2227 3245 Pythia
2270 3166 2649 3244 respondisse

411 3269 609 3331 fertur
661 3261 830 3351 [Her.
874 3272 904 3331 I
948 3261 1057 3352 85]
1364 3340 1369 3346 q

616 3362 706 3452 μὴ
749 3360 999 3445 βούλευ
1042 3362 1479 3433 πολύευκτον
1522 3363 1632 3453 ἰὴν
1677 3358 1808 3433 ἀνὰ
1851 3356 2102 3451 δώματ’
2147 3359 2446 3444 ἀκούειν,

413 3480 474 3535 et
524 3474 685 3550 apud
718 3474 1043 3535 Diodorum
1093 3474 1203 3549 [IX
1236 3467 1345 3557 47]
1391 3482 1451 3538 et
1493 3477 1553 3537 in
1602 3477 1953 3553 anthologia
1981 3475 2255 3536 Palatina
2300 3472 2384 3548 [11
2411 3494 2469 3553 p.
2502 3468 2653 3545 569]

410 3576 630 3655 legitur
690 3566 969 3651 βούλου,
1026 3577 1332 3639 Diodorus
1392 3580 1566 3640 etiam
1628 3569 1740 3638 ἰάν
1799 3596 1910 3656 pro
1955 3565 2062 3657 Ζήν
2121 3576 2321 3639 tradit.
2406 3576 2475 3636 In
2539 3575 2656 3635 hoc

418 3679 663 3739 oraculo
2449 3727 2452 3730 .

615 3771 847 3859 ἔκγονε
896 3772 1225 3862 Μιλήτου,
1268 3777 1590 3863 τρίποδος
1632 3777 1787 3861 πέρι
1834 3780 2093 3856 Φοῖβον
2136 3774 2391 3863 ἐρωτᾷς
2437 3793 2451 3807 ·

520 3875 533 3887 “
617 3869 695 3953 ὃς
740 3879 944 3961 σοφίῃ
988 3874 1273 3944 πάντων
1316 3883 1608 3962 πρῶτος,
1652 3874 1905 3944 τούτου
1947 3868 2215 3964 τρίποδ’
2259 3868 2445 3942 αὐδῶ

414 4003 522 4062 pro
570 3979 795 4063 σοφίῃ,
841 4005 997 4064 quae
1042 3986 1217 4049 lectio
1279 3993 1371 4049 est
1422 3987 1729 4067 Aristoph.
1788 3988 1976 4048 schol.
2037 3987 2193 4047 Plut.
2238 3983 2277 4043 9
2339 3990 2401 4046 et
2456 3986 2657 4046 Laert.
2751 4003 2760 4010 ·

412 4087 587 4164 Diog.
621 4089 649 4147 1
700 4087 752 4166 1,
782 4084 882 4149 28.
926 4089 1086 4167 apud
1117 4089 1446 4152 Diodorum
1495 4089 1609 4164 [lx
1639 4087 1705 4164 6]
1737 4090 1974 4152 invenis
2003 4084 2226 4171 σοφίᾳ.
2294 4075 2657 4165 ,,Διονύσῳ

412 4187 663 4268 χρῆσθε
729 4184 988 4271 ἰατρῷ“
1047 4194 1324 4271 Pythiam
1384 4192 1850 4256 Atheniensibus
1912 4191 2296 4271 respondisse
2356 4190 2657 4252 Eusebius

418 4298 622 4354 narrat
667 4291 784 4376 [pr.
815 4311 907 4356 ev·
938 4295 991 4354 V
1038 4292 1180 4371 301:
1223 4300 1448 4356 rectam
1492 4297 1743 4357 formam
1776 4289 1988 4378 ἰητρῷ
2018 4292 2657 4356 servavit-‚Athenaeus

2288 4405 2353 4462 2·
