3166 4871
2514 288 2636 349 227

400 462 473 522 de
518 463 721 540 populi
755 461 1003 523 Romani
1034 462 1416 540 ingeniorum
1456 463 1826 539 praestantia
1857 463 2039 538 plane
2069 479 2417 540 persuasum
2448 461 2646 522 fuerit.

397 566 611 643 Neque
654 566 807 625 enim
853 566 996 625 satis
1040 565 1093 624 ei
1140 565 1331 625 visum
1397 571 1492 625 est
1538 566 1651 625 hoe
1695 564 1968 624 dilucidis
2022 565 2222 628 verbis
2266 564 2482 642 dicere,
2537 565 2646 626 sed

397 668 565 728 auxit
593 668 926 729 sententiae
975 668 1113 746 vim,
1160 686 1293 728 cum
1348 665 1677 728 affirmaret
1719 669 1922 726 multis
1951 667 2127 728 rebus
2170 685 2347 744 posse
2383 667 2643 746 judicari

395 764 639 848 ingenia
681 771 1080 831 Romanorum
1143 768 1395 830 mullum
1438 770 1832 847 praestitisse.
1922 770 2016 829 Ne
2061 787 2205 830 vero
2262 771 2319 829 in
2383 789 2643 834 errorem

396 873 756 949 incidamus,
817 872 1073 949 primum
1133 872 1247 932 hoc
1307 871 1813 932 considerandum
1878 875 1969 931 est
2026 872 2213 933 libros
2271 871 2346 932 de
2405 879 2643 935 oratore

399 980 539 1036 ante
586 976 783 1035 omnia
828 975 1060 1052 reliqua
1105 993 1293 1053 opera
1353 974 1426 1033 ad
1496 974 1895 1050 eloquentiam
1956 978 2017 1035 et
2074 973 2151 1034 ad
2209 975 2644 1054 philosophiam

397 1078 731 1155 spectantia
764 1077 891 1155 jam
931 1095 1088 1137 anno
1133 1096 1186 1136 a.
1220 1076 1361 1138 Chr.
1393 1096 1450 1136 n.
1486 1079 1567 1138 55
1616 1096 1651 1136 a
1697 1077 1983 1138 Cicerone
2029 1094 2161 1138 esse
2205 1077 2643 1155 compositoass)

399 1181 602 1240 Facile
664 1179 845 1257 igitur
891 1183 1092 1260 potest
1135 1180 1335 1258 putari
1410 1197 1551 1240 eum
1600 1183 1661 1239 et
1703 1179 1801 1239 illo
1845 1183 2141 1257 tempore,
2201 1199 2322 1258 quo
2381 1181 2642 1241 nondum

396 1284 479 1343 ita
523 1281 842 1359 diligenter
899 1283 962 1342 in
1008 1283 1371 1343 Graecorum
1437 1282 1651 1342 litteris
1697 1287 1824 1342 erat
1871 1286 2171 1360 versatus,
2227 1283 2421 1343 minus
2464 1303 2644 1362 quam

397 1388 606 1464 postea
653 1386 860 1445 harum
907 1384 1189 1445 virtutem
1235 1403 1307 1444 ac
1353 1384 1711 1462 dignitatem
1757 1385 1996 1444 novisse
2043 1390 2101 1445 et
2144 1385 2287 1462 quia
2331 1403 2521 1463 usque
2564 1387 2643 1447 ad

396 1487 557 1547 illam
601 1493 853 1547 aetatem
900 1488 1031 1547 solo
1077 1487 1334 1547 oratoris
1382 1505 1629 1547 munere
1680 1486 1925 1546 functus
1963 1487 2150 1547 verba
2193 1486 2643 1549 accommodare

396 1589 764 1651 audientium
827 1589 1072 1649 auribus
1128 1592 1506 1667 assueverat,
1587 1588 1830 1649 facilius
1889 1589 2091 1660 etiam,
2163 1607 2341 1667 quam
2400 1595 2643 1668 postero

398 1697 684 1770 tempore,
730 1710 766 1751 a
811 1692 1059 1751 veritate
1104 1692 1443 1752 recessisse.
1534 1691 1826 1768 Equidem
1890 1709 2035 1752 vero
2081 1696 2229 1770 puto
2275 1692 2388 1752 hac
2433 1711 2646 1754 caussa

397 1794 662 1856 secundo
707 1794 838 1854 loco
883 1794 1121 1871 prolata
1164 1792 1290 1853 sere
1324 1793 1452 1854 sola
1497 1797 1851 1853 commotum
1900 1812 2031 1853 eum
2080 1811 2229 1872 esse,
2273 1798 2339 1854 ut
2366 1795 2449 1853 ita
2482 1794 2642 1871 judi·

397 1902 579 1975 caret,
624 1916 756 1956 nam
803 1896 1115 1975 permultis
1172 1914 1247 1956 ex
1292 1896 1440 1956 locis
1486 1896 1963 1957 luculentissime
2023 1896 2280 1974 perspici
2328 1900 2528 1974 potest
2586 1902 2646 1958 et

396 1999 743 2061 Ciceronem
776 2016 1084 2074 nunquam
1117 1999 1370 2057 veritum
1405 2015 1536 2058 esse
1568 2003 1781 2058 contra
1815 1997 2130 2058 veritatem
2161 1998 2380 2077 dicere,
2408 1999 2645 2077 quoties

396 2102 512 2161 hoc
544 2099 746 2160 utilius
779 2099 831 2159 ei
862 2099 1185 2170 videretur,
1217 2102 1277 2159 et
1311 2099 1629 2177 plerosque
1667 2100 1969 2160 Romanos
2001 2101 2175 2159 etiam
2204 2104 2328 2160 tum
2374 2102 2645 2180 „ineptos

397 2201 763 2265 Graeculos“
809 2220 1133 2279 eorumque
1196 2201 1426 2261 litteras
1473 2203 1621 2261 satis
1665 2201 2035 2279 despexisse,
2098 2221 2458 2280 quamquam
2506 2204 2642 2264 doc-

397 2305 550 2365 trina
597 2304 699 2365 illa
744 2309 989 2364 externa
1039 2304 1164 2382 jam
1222 2304 1400 2380 longe
1459 2307 1823 2364 manaverat.
1912 2306 2032 2380 Qui
2079 2303 2442 2366 Graecarum
2488 2305 2642 2367 litte-

396 2425 594 2469 rarum
643 2411 1023 2486 contemptus
1069 2406 1262 2485 qualis
1308 2411 1367 2467 et
1416 2411 1677 2485 quantus
1724 2406 1925 2487 fuerit,
1969 2408 2224 2486 primum
2270 2412 2526 2487 apparet
2569 2427 2645 2471 ex

397 2511 620 2572 crebris
661 2511 782 2571 illis
827 2511 994 2588 loeis,
1037 2509 1136 2570 ubi
1183 2511 1392 2572 Cicero
1438 2511 1657 2589 injuste
1703 2529 1767 2571 se
1814 2510 2164 2590 vituperari,
2208 2511 2371 2589 quod
2415 2516 2643 2572 tantum

394 2613 654 2675 studium
715 2632 846 2673 cum
905 2614 1144 2687 litteris,
1180 2619 1306 2674 tum
1373 2613 1791 2691 philosophiae
1836 2613 2200 2674 Graecorum
2254 2614 2505 2693 tribuat,
2562 2615 2647 2674 ita

396 2716 710 2778 ostendere
742 2716 958 2788 studet,
1006 2722 1070 2777 ut
1102 2715 1396 2777 concedat
1444 2719 1565 2776 tum
1601 2734 1744 2776 sane
1780 2717 2249 2793 reprehensione
2292 2734 2357 2777 se
2399 2716 2643 2794 dignum

397 2819 553 2897 fore,
627 2820 676 2880 si
737 2819 830 2879 his
901 2819 1114 2879 studiis
1176 2817 1513 2896 prohibitus
1585 2821 1771 2896 esset,
1830 2838 1907 2878 ne
1964 2818 2331 2897 reipublicae
2403 2838 2646 2897 operam

396 2920 581 2981 daret.
671 2921 849 2981 Velut
890 2914 1351 2998 „Hortensinm“
1400 2920 1516 2981 hoc
1557 2920 1801 2980 consilio
1845 2920 1921 2980 ab
1967 2939 2038 2981 eo
2071 2921 2472 2997 conscriptum
2519 2939 2647 2983 esse

397 3026 647 3095 constat,
680 3027 746 3082 ut
775 3022 976 3082 studia
1009 3022 1430 3101 philosophiae
1464 3025 1673 3081 eontra
1706 3023 1855 3101 ejus,
1894 3041 1926 3081 a
1960 3040 2079 3100 quo
2108 3022 2261 3082 liber
2288 3023 2645 3096 inscribitur,

396 3125 652 3201 impetus
697 3123 1065 3184 defenderet.
1155 3124 1332 3184 Initio
1383 3129 1581 3184 antem
1639 3123 1811 3202 prImi
1859 3123 1932 3184 de
1988 3123 2207 3184 finibus
2250 3123 2542 3185 bonorum
2588 3129 2649 3185 et

397 3227 685 3287 malorum
743 3225 903 3297 libri,
968 3227 1064 3287 ubi
1129 3227 1290 3287 illum
1337 3226 1599 3286 libellum
1648 3229 1966 3306 memorat,
2026 3226 2181 3286 hanc
2240 3225 2643 3288 defensionem

396 3334 664 3408 renovat,
706 3330 881 3389 simul
925 3334 1141 3399 autem,
1200 3332 1266 3388 ut
1311 3347 1453 3389 vere
1498 3330 1828 3390 Romanum
1877 3347 1941 3390 se
1990 3332 2277 3408 praestet,
2330 3330 2646 3392 occasione

398 3432 595 3493 oblata
639 3433 843 3502 utitur,
891 3436 957 3491 ut
1002 3432 1258 3492 facetum
1306 3431 1469 3492 illum
1517 3430 1739 3491 Lucilii
1801 3431 1995 3491 locum
2041 3431 2113 3492 de
2158 3431 2407 3492 Albucio
2461 3433 2645 3510 plane

397 3533 629 3595 Graeco
661 3535 833 3594 valde
879 3535 990 3594 sibi
1019 3533 1261 3611 probari
1298 3533 1457 3594 dicat
1472 3531 1541 3613 ⁷),
1586 3552 1946 3610 quamquam
1978 3534 2107 3613 ipse
2136 3553 2254 3594 non
2303 3534 2538 3595 dubitat
2566 3536 2645 3596 ad

395 3636 656 3697 Atticum
718 3637 976 3698 scribere
1023 3634 1105 3710 (1,
1143 3640 1239 3715 15,
1277 3635 1331 3703 1)
1376 3637 1699 3714 „quoniam
1746 3666 1833 3676 —
1861 3639 2101 3712 praeter
2149 3641 2377 3697 ceteros
2421 3630 2645 3714 φιλέλ-

399 3737 592 3819 ληνες
652 3743 712 3799 et
755 3757 959 3800 sumus
1006 3744 1065 3800 et
1120 3732 1447 3800 habemur“
1491 3743 1552 3799 et
1615 3738 1828 3817 (10,1,
1874 3736 1938 3811 2)
1994 3740 2158 3816 „Ego
2202 3758 2348 3801 vero
2392 3737 2646 3820 Solonis,

395 3842 703 3920 popularis
747 3843 851 3920 tui,
897 3872 978 3883 —
1026 3847 1094 3903 ut
1138 3847 1285 3919 puto
1316 3842 1493 3902 etiam
1540 3841 1653 3902 mei
1699 3871 1782 3881 —
1829 3842 2024 3920 legem
2056 3841 2427 3921 neglegam.“
2503 3844 2643 3904 Per·

565 4094 610 4158 ⁸)
644 4090 713 4146 cf.
750 4091 823 4146 ad
859 4091 987 4146 Att.
1012 4095 1062 4158 4,
1093 4094 1171 4160 13,
1197 4095 1227 4145 2
1272 4121 1340 4130 —-
1388 4104 1532 4159 quae
1581 4090 1828 4160 epistula
1863 4089 1968 4144 hoc
2013 4103 2163 4145 anno
2198 4089 2410 4158 scripta
2453 4095 2543 4143 est
2575 4119 2643 4129 —

398 4173 513 4238 „De
550 4175 706 4231 libris
743 4175 1000 4231 oratoriis
1036 4175 1242 4231 factum
1281 4182 1368 4229 est
1402 4190 1438 4229 a
1470 4190 1556 4230 me
1594 4174 1939 4244 diligenter.“

568 4264 613 4328 ⁷)
648 4260 715 4315 cf.
753 4261 822 4315 de
861 4259 955 4315 fin.
986 4266 1030 4326 ι,
1056 4265 1102 4315 9.
