3166 4871
551 276 674 339 338

734 450 885 509 Vero
943 450 1293 526 particulam
1354 449 1615 509 sedecim
1677 450 1823 508 locis
1881 450 2097 508 notavi.
2186 449 2533 527 principalis
2577 449 2798 525 siguifi-

548 555 703 611 catio
763 560 853 612 est
910 551 1299 627 affirmativa,
1361 552 1530 611 cuius
1585 551 1856 627 exempla
1916 554 2058 610 sunt
2103 570 2153 610 e.
2202 554 2281 611 97
2341 550 2512 626 (118,
2557 554 2650 627 6),
2713 554 2794 612 87

547 658 711 725 (102,
749 650 880 725 15),
940 657 1016 713 72
1063 652 1186 725 (85,
1221 652 1342 725 21).
1433 652 1652 712 deinde
1701 671 2131 728 nonnunquam
2180 655 2292 712 vim
2340 653 2504 712 verbi
2553 671 2796 731 praece·

547 759 745 816 dentis
789 764 988 833 auget,
1034 762 1099 815 nt
1143 776 1191 815 e.
1232 759 1350 817 100
1396 758 1561 827 (120,
1603 759 1713 815 16;
1761 756 1930 813 immo
1975 758 2169 825 vero),
2222 764 2282 814 et
2326 774 2374 814 c.
2411 760 2485 815 19
2533 756 2659 833 (21,
2695 756 2796 827 16)

548 866 606 918 ct
655 864 774 920 123
823 858 990 937 (165,
1021 856 1118 933 8),
1166 859 1261 918 ubi
1312 858 1563 934 legimus
1611 863 1757 916 tunc
1799 874 1934 916 vero
1995 859 2029 916 i.
2075 878 2125 915 e.
2170 857 2397 918 damals
2442 864 2564 917 erst
2609 860 2797 918 recht.

547 963 647 1035 (ef.
690 962 981 1038 Nipperd.
1043 960 1138 1021 ad.
1196 962 1337 1020 Tac.
1400 980 1534 1020 ann.
1593 960 1671 1018 lv
1723 964 1815 1020 17.
1878 980 1935 1037 p.
1978 964 2102 1020 270
2147 961 2238 1020 ed.
2286 958 2442 1038 VI.),
2503 965 2562 1019 et
2618 981 2668 1021 c.
2712 964 2795 1021 83

548 1062 669 1140 (98,
703 1070 773 1124 6:
819 1067 935 1124 iam
979 1060 1160 1135 vere.)
1206 1094 1285 1104 ——
1335 1063 1632 1123 interdum
1695 1065 1751 1122 in
1809 1080 1946 1121 vero
2002 1065 2155 1122 inest
2199 1063 2372 1123 etiam
2425 1065 2511 1124 vis
2554 1064 2799 1123 levioris

546 1169 958 1245 oppositionis.
1059 1166 1130 1226 cf.
1178 1186 1228 1226 c.
1274 1170 1352 1227 29
1399 1165 1524 1242 (30,
1574 1164 1707 1238 19),
1774 1170 1853 1225 32
1901 1165 2025 1237 (34,
2071 1164 2166 1242 6),
2228 1171 2306 1226 47
2356 1167 2477 1237 (54,
2517 1166 2650 1242 16),
2713 1170 2792 1226 97

546 1274 712 1348 (117,
744 1268 879 1345 20),
945 1274 1064 1330 116
1111 1266 1434 1345 (148,14).
1538 1288 1694 1345 quae
1766 1272 1857 1328 vis
1921 1270 2303 1329 adversativa
2369 1271 2610 1346 saepius
2673 1276 2792 1329 tam

545 1375 695 1433 levis
741 1380 859 1450 est,
904 1382 971 1432 ut
1012 1388 1151 1431 vero
1197 1372 1322 1430 fere
1369 1371 1512 1430 nihii
1562 1372 1722 1431 aliud
1771 1373 1848 1431 sit
1892 1390 2068 1448 quam
2117 1372 2410 1449 particula
2442 1372 2792 1431 transeundi

545 1477 620 1535 ab
665 1479 784 1535 alia
826 1476 900 1535 ad
949 1476 1122 1534 aliam
1171 1493 1315 1533 rem.
1392 1474 1466 1533 es.
1512 1494 1564 1533 c.
1596 1478 1673 1533 37
1723 1473 1850 1552 (40,
1881 1472 1962 1544 8).
2030 1477 2123 1534 vis
2168 1484 2363 1534 autem
2413 1474 2794 1534 adversativa

546 1580 720 1637 etiam
767 1577 845 1636 ibi
891 1578 1211 1637 statuenda
1255 1581 1367 1651 est,
1411 1577 1508 1634 ubi
1556 1592 1698 1634 vero
1746 1595 1876 1635 cum
1925 1577 2235 1653 temporali
2273 1578 2792 1637 coniunctionem

545 1681 926 1740 coniunctum
972 1686 1078 1739 est.
1145 1678 1222 1737 ef.
1274 1683 1346 1739 17
1394 1677 1520 1755 (18,
1558 1683 1662 1755 11,
1717 1679 1813 1737 ubi
1861 1686 1926 1736 ul
1970 1695 2111 1737 vero
2158 1684 2319 1737 certe
2367 1680 2549 1738 multo
2594 1680 2790 1755 aptius

543 1790 653 1857 est,
698 1801 874 1858 qnam
921 1788 986 1839 nt
1031 1797 1208 1857 erqO,
1275 1780 1435 1857 qnod
1483 1781 1541 1839 in
1590 1780 1721 1839 aliis
1766 1780 1940 1839 codd.
1986 1781 2201 1854 legitur
2244 1786 2304 1838 et
2347 1800 2383 1840 a
2429 1780 2789 1840 Buechelero

543 1890 854 1961 acceptum
902 1885 1034 1954 est),
1080 1887 1160 1943 62
1206 1883 1332 1957 (74,
1369 1881 1487 1954 10),
1540 1885 1660 1943 108
1705 1880 1871 1955 (130,
1906 1886 2025 1949 26).

1279 2070 1315 2140 ξ
1348 2073 1403 2129 9.
1490 2070 1651 2125 Aut.
1738 2070 2049 2125 Aut-aut.

713 2190 887 2265 Quod
938 2190 1206 2249 Handius
1250 2189 1304 2264 (1
1336 2192 1450 2250 521
1481 2189 1673 2266 seqq.)
1722 2189 1897 2249 docet
1941 2209 2049 2267 per
2093 2198 2199 2247 aut
2245 2208 2365 2248 rem
2414 2191 2600 2267 ipsam
2648 2209 2789 2250 cou-

545 2295 786 2353 trariam
833 2297 894 2352 et
937 2292 1235 2352 diversam
1283 2297 1420 2352 ante
1466 2292 1675 2352 oculos
1721 2293 1862 2368 poni
1908 2297 1969 2351 et
2020 2292 2367 2367 significari,
2423 2296 2618 2370 qualis
2661 2295 2792 2370 ipsa

543 2398 638 2473 sit,
682 2415 789 2474 per
833 2396 929 2455 vel
971 2414 1060 2466 ea,
1109 2413 1264 2473 qnae
1311 2394 1670 2470 cogitatione
1717 2399 1946 2454 tantum
1995 2395 2237 2455 diversa
2282 2401 2504 2474 esseut,
2548 2399 2791 2475 opponi,

540 2507 658 2558 tam
724 2499 1085 2574 generaliter
1148 2517 1265 2557 non
1335 2503 1494 2556 reete
1560 2498 1779 2557 dictum
1854 2498 2110 2558 videtur.
2224 2505 2331 2556 aut
2392 2501 2544 2558 enim
2610 2503 2786 2559 etiam

544 2608 869 2679 usurpatur
927 2602 983 2661 in
1046 2601 1334 2677 exemplis
1395 2600 1752 2677 afferendia,
1811 2605 1876 2660 ut
1920 2600 2192 2660 Handins
2247 2602 2373 2677 ipso
2418 2602 2785 2663 demonstrat

541 2704 593 2776 (Ι
627 2707 776 2780 540,
808 2701 899 2774 7),
946 2721 1103 2778 qnae
1148 2709 1344 2762 tamen
1393 2708 1555 2761 certe
1604 2702 1964 2778 cogitatione
2008 2709 2237 2762 tantum
2286 2711 2613 2780 ponuntur.
2703 2707 2778 2764 ita

541 2808 714 2864 etiam
763 2806 820 2863 in
868 2804 1133 2864 Petronii
1182 2804 1330 2864 libro
1377 2823 1426 2863 c.
1458 2808 1495 2864 2
1542 2805 1629 2880 (4,
1664 2805 1752 2874 6),
1803 2808 1922 2864 123
1969 2802 2149 2881 (166,
2181 2802 2273 2877 2),
2325 2809 2443 2866 126
2490 2804 2675 2883 (173,
2706 2806 2789 2883 8),

545 2911 665 2967 140
709 2908 877 2984 (203,
916 2904 1049 2984 19);
1096 2906 1349 2966 fortasse
1397 2908 1572 2966 etiam
1620 2925 1670 2965 c.
1713 2911 1794 2967 98
1840 2907 2007 2980 (119,
2044 2910 2155 2966 10:
2198 2909 2426 2967 utinam
2471 2925 2561 2968 me
2601 2910 2790 2967 solum

541 3011 816 3068 inimicus
862 3010 1025 3082 ionis
1053 3010 1330 3067 hauriret
1360 3015 1466 3066 aut
1497 3007 1812 3067 hibernum
1845 3009 2162 3068 invaderet
2206 3026 2396 3082 mare,
2441 3030 2785 3088 quanquam

541 3130 650 3188 pro
694 3118 800 3170 aut
847 3111 1130 3171 libentius
1174 3112 1403 3170 utinam
1433 3112 1791 3189 scripserim,
1840 3112 1998 3187 quod
2047 3131 2122 3172 ex
2166 3111 2335 3172 codd.
2369 3113 2788 3191 discrepantiis

540 3214 778 3274 videtur
836 3213 1160 3273 eruendum
1210 3232 1357 3273 esse.
1445 3220 1765 3290 praeterea
1820 3213 1956 3273 talis
2017 3214 2327 3293 anaphora
2385 3218 2604 3293 optime
2650 3235 2784 3276 cnm

540 3335 813 3377 sermone
860 3315 1163 3395 pathetice
1209 3322 1267 3375 et
1312 3334 1443 3375 cum
1491 3317 1859 3394 insequentis
1906 3318 2236 3378 sententiae
2296 3319 2605 3396 anaphora
2649 3338 2787 3379 oon-

539 3420 737 3495 gruit.)
784 3424 843 3477 et
887 3439 935 3479 c.
973 3422 1090 3478 109
1138 3416 1303 3491 (135,
1336 3423 1410 3478 2:
1457 3419 1695 3493 infelix,
1742 3419 1914 3478 modo
1960 3419 2233 3479 crinibus
2275 3420 2511 3479 nitebas
2548 3422 2783 3480 Phoebo

532 3521 860 3593 pulchrior
905 3527 963 3580 et
1006 3536 1223 3580 sorore
1269 3520 1510 3593 Phoebi,
1559 3521 1659 3580 ubi
1708 3522 1834 3581 cod.
1882 3522 1946 3581 L.
1996 3522 2238 3583 exhibet
2281 3529 2390 3580 aut
2436 3543 2545 3600 pro
2591 3531 2687 3588 et).
2782 3533 2792 3542 “

710 3622 972 3682 Primum
1035 3631 1140 3681 au!
1198 3622 1277 3683 ibi
1342 3625 1533 3683 locum
1582 3624 1795 3700 habet,
1857 3625 1953 3684 ubi
2014 3623 2168 3685 duae
2225 3643 2320 3684 res
2383 3627 2464 3684 ita
2522 3626 2677 3685 inter
2720 3644 2785 3685 se

541 3730 943 3803 opponuntur,
993 3730 1058 3785 ut
1101 3726 1296 3785 altera
1336 3726 1411 3785 ab
1456 3727 1646 3785 altera
1689 3726 2065 3786 excludatur.
2124 3726 2198 3786 cf.
2230 3746 2277 3784 c.
2314 3731 2431 3789 116
2464 3727 2628 3799 (148,
2667 3728 2786 3801 19).

541 3828 896 3906 quibusdam
945 3827 1162 3888 talibus
1209 3828 1352 3889 iocis
1397 3830 1693 3888 sententia
1736 3829 1811 3887 ab
1856 3835 1963 3886 wc
2006 3830 2322 3907 incipiente
2367 3829 2423 3888 id
2471 3831 2787 3907 indicatur,

542 3931 703 4009 quod
750 3931 880 4003 fiet,
943 3932 989 3990 si
1052 3930 1214 3989 alind
1272 3930 1412 4007 quid
1462 3949 1578 3989 non
1627 3930 1850 3990 sactum
1897 3932 2035 4007 erit,
2096 3933 2178 3990 ita
2239 3938 2305 3991 ut
2357 3940 2561 3992 nostro
2618 3941 2787 3993 sonet

540 4034 634 4092 vel
668 4032 1094 4108 widrigenfalls
1140 4031 1500 4108 respondeat
1545 4031 1642 4104 (cf.
1691 4032 1884 4092 Hand.
1919 4034 1938 4092 l
1974 4037 2116 4107 538,
2147 4038 2202 4093 4.
2251 4035 2538 4109 Draeger.
2570 4037 2605 4104 ξ
2638 4040 2783 4112 343,

542 4141 642 4196 la.
686 4136 991 4195 Kuehner.
1040 4136 1095 4194 11
1139 4135 1174 4204 ξ
1210 4138 1347 4211 168,
1371 4133 1450 4205 2).
1537 4133 1612 4193 ef.
1656 4153 1704 4194 c.
1743 4139 1860 4195 109
1908 4133 2080 4211 (133,
2116 4145 2191 4194 ὃς
2237 4143 2301 4193 ut
2336 4181 2349 4194 .
2387 4181 2399 4192 .
2451 4137 2785 4210 Encolpion

537 4253 652 4297 nec
685 4282 698 4295 .
734 4281 748 4296 .
782 4238 1138 4311 insequeris,
1183 4252 1375 4309 neque
1405 4251 1686 4313 quaer-ea,
1723 4236 1826 4294 ubi
1853 4244 2026 4296 nocte
2056 4239 2331 4308 dormiat,
2379 4245 2486 4296 aut
2516 4240 2573 4296 si
2601 4255 2781 4312 quoe·
