3166 4871
570 329 651 390 44
1557 323 1826 380 zacher

567 504 672 579 qui
718 505 871 563 Wzl.
900 505 978 581 11,
1009 500 1132 562 362
1177 498 1386 583 πηρίν
1430 522 1540 581 pro
1586 516 1827 580 περσιν
1868 518 2108 582 περριν
2143 501 2367 563 dictum
2404 506 2466 564 et
2496 505 2574 564 ab
2604 502 2812 564 eadem

567 605 768 666 radice
802 606 1008 681 par-eh
1051 607 1279 667 stillare
1310 605 1643 667 derivatum
1691 610 1915 683 censet,
1961 605 2120 666 unde
2153 606 2255 665 lat.
2275 607 2461 680 penis
2490 624 2600 684 pro
2637 622 2814 682 pers-

566 708 663 766 m's
708 707 1103 770 descenderit.

743 860 819 921 λι
841 868 1083 945 νῆαῑος
1141 881 1253 940 pro
1316 859 1544 932 λινοῦς
1591 863 1840 940 vulgata
1901 867 1991 923 est
2047 862 2228 922 lectio
2271 881 2366 940 ap.
2411 863 2698 940 Hippocr.
2743 862 2814 923 de

570 964 753 1025 morb.
784 965 861 1040 11,
892 969 970 1025 34
1018 964 1100 1041 (p.
1132 968 1277 1043 472,
1313 968 1387 1025 12
1434 966 1641 1042 Foes,
1684 965 1801 1024 vol.
1833 965 1961 1025 VII.
2008 983 2066 1042 p.
2098 967 2199 1042 52,
2230 968 2266 1024 2
2313 962 2510 1037 Littr.)
2562 954 2815 1042 μοτούς

572 1057 734 1137 τούς
790 1060 1121 1139 λιναὶους,
1193 1068 1293 1127 ubi
1353 1067 1528 1127 Littr.
1587 1068 1861 1127 codicum
1922 1066 2329 1144 discrepantia
2393 1066 2557 1127 nulla
2614 1068 2817 1145 allata,

573 1168 939 1230 Lobeckium
985 1173 1227 1230 secutus
1265 1170 1488 1248 Pbryn.
1519 1188 1577 1247 p.
1613 1173 1730 1229 147
1778 1169 2023 1247 corrigit
2055 1162 2338 1239 λινέους.
2429 1168 2610 1245 Apud
2641 1168 2817 1230 eund.

570 1272 646 1331 de
691 1271 876 1332 morb.
921 1271 1058 1332 mul.
1088 1272 1205 1351 111,
1252 1275 1372 1332 221
1434 1269 1518 1348 (p.
1564 1275 1706 1351 679,
1750 1275 1832 1333 46
1878 1272 2080 1350 Foes.,
2145 1271 2261 1331 vol.
2293 1272 2455 1351 vl11,
2496 1290 2557 1350 p.
2600 1275 2746 1350 428,
2776 1275 2812 1331 2

572 1373 771 1445 Littr.)
802 1374 1052 1452 vulgata
1098 1374 1276 1433 lectio
1322 1378 1413 1434 est
1456 1366 1531 1432 ἐν
1561 1363 1750 1452 ῥάκει
1784 1368 2040 1452 λιιάἱῳ,
2083 1372 2189 1433 sed
2223 1373 2564 1435 CDFHIJK
2597 1372 2817 1434 habent

574 1470 794 1534 λινέω.
889 1477 1081 1536 Etiam
1129 1477 1243 1537 hoc
1288 1476 1419 1536 loco
1466 1476 1887 1552 corrigendum
1934 1493 2067 1536 esse
2097 1469 2296 1554 λινέῳ
2341 1479 2613 1555 apparet.
2703 1477 2818 1536 Per

571 1594 637 1636 αι
685 1580 973 1655 scriptum
1020 1583 1108 1638 cst
1153 1577 1506 1638 vocabulum
1562 1577 1625 1638 in
1671 1578 1909 1638 Aeneae
1955 1581 2095 1637 tact-
2139 1577 2269 1637 cod.
2299 1580 2359 1639 M
2403 1576 2590 1651 (unde
2637 1579 2817 1640 ceteri

575 1698 783 1741 omnes
829 1679 1132 1758 descripti)
1180 1682 1279 1758 29,
1317 1683 1356 1741 4
1402 1669 1720 1758 θώρακες
1766 1679 2012 1740 λιναιοι
2061 1678 2200 1757 (sic,
2244 1681 2371 1742 sine
2416 1680 2582 1753 acc.).
2671 1683 2815 1742 Her-

579 1783 794 1842 cherus
825 1782 1161 1842 Hertlinum
1207 1787 1450 1843 secutus
1494 1782 1741 1861 corrigit
1787 1779 1989 1862 λιιόῑ,
2045 1782 2323 1860 idemque
2367 1785 2429 1843 in
2473 1783 2611 1844 adn.
2640 1785 2814 1844 etiam

576 1885 737 1962 apud
796 1885 1066 1946 Bitonem
1126 1885 1201 1945 de
1262 1886 1450 1946 mach.
1495 1905 1554 1964 p.
1591 1889 1707 1945 112
1756 1885 1852 1946 ubi
1913 1887 1972 1946 in
2032 1886 2125 1947 ed.
2170 1886 2508 1963 Tbevenoti
2567 1884 2813 1945 λιναῖαι

572 1991 662 2047 est
717 1986 779 2046 in
826 1992 1023 2065 textu,
1081 1981 1291 2047 λινέαι
1347 1989 1407 2048 in
1454 1989 1751 2067 margine,
1811 1987 1993 2049 scribi
2040 1988 2217 2066 jubet
2272 1986 2471 2049 λιναῖ.
2561 1988 2814 2051 Omnino

575 2087 832 2159 λιιάῑος
878 2090 1084 2150 lexicis
1128 2091 1508 2151 eximendum
1549 2108 1700 2168 esse,
1743 2109 1924 2167 quum
1970 2090 2114 2151 nihil
2159 2092 2234 2151 sit
2279 2092 2391 2151 nisi
2439 2091 2814 2151 librariorum

572 2191 861 2268 striblig0.
923 2193 1125 2269 Atque
1167 2192 1281 2253 hoc
1313 2192 1551 2271 quidem
1585 2191 2035 2253 concedendum
2068 2197 2180 2272 est,
2222 2191 2327 2253 sed
2360 2193 2518 2271 apud
2552 2194 2818 2253 Aeneam

574 2296 634 2352 et
678 2294 950 2353 Bitonem
995 2297 1313 2371 genuinam
1362 2294 1613 2355 formam
1659 2313 1792 2356 esse
1837 2299 1982 2373 puto
2029 2289 2239 2355 λίνεοι
2284 2300 2343 2356 et
2389 2290 2618 2373 λὶνεαι,
2663 2314 2819 2374 quae

574 2394 768 2456 forma
813 2414 931 2456 non
980 2400 1289 2458 contracta
1334 2397 1729 2477 scriptoribus
1773 2395 1886 2480 τῆς
1931 2394 2163 2477 κοινῆς
2208 2399 2514 2478 convenit3
2559 2397 2631 2458 cf.
2659 2397 2822 2459 infra

585 2517 642 2575 p.
671 2501 771 2558 47.
861 2499 1030 2573 Quae
1075 2499 1265 2560 forma
1310 2502 1421 2560 nisi
1468 2502 1528 2561 in
1577 2519 1690 2562 usu
1735 2500 1974 2579 fuisset,
2035 2520 2155 2562 non
2210 2503 2546 2580 potuissent
2599 2502 2822 2579 posteri

580 2601 837 2660 formam
883 2599 1140 2672 λιναϊος
1185 2621 1476 2680 usurpare
1523 2608 1585 2663 et
1626 2622 1737 2682 pro
1767 2605 2031 2681 genuina
2077 2604 2318 2680 babere,
2364 2606 2515 2664 utin
2547 2605 2641 2664 Et.
2672 2602 2825 2664 Gud.

583 2706 726 2780 261,
757 2706 837 2762 22
886 2705 1160 2781 exempla
1205 2705 1636 2766 vocabulorum
1692 2724 1803 2782 per
1848 2723 1993 2776 αιος
2037 2705 2439 2768 derivatorum
2493 2707 2826 2767 afferuntur

576 2802 763 2876 λϊνος
810 2804 1097 2880 λιιάῑος,
1144 2797 1390 2886 δρόμος
1435 2802 1775 2886 δρομαῖος.

745 2943 1054 3019 ἀκταία
1084 2963 1420 3022 sambucus.
1492 2963 1660 3022 Haec
1691 2960 1884 3022 forma
1912 2961 2132 3023 tradita
2162 2964 2223 3022 in
2256 2963 2336 3040 gl.
2364 2964 2517 3042 istiu,
2560 2983 2614 3023 v.
2644 2962 2818 3038 thes.;

575 3059 766 3121 Bekk.
796 3082 889 3122 an.
936 3061 1112 3124 1090.
1183 3049 1418 3144 Άκτεά,
1463 3084 1580 3125 non
1639 3048 1881 3124 ἀκταία
1916 3065 2144 3143 Justam
2189 3082 2322 3126 esse
2366 3065 2615 3126 formam
2662 3064 2823 3143 apud

575 3167 811 3224 veteres
857 3171 1036 3243 certe,
1082 3166 1257 3228 docet
1301 3153 1501 3245 ἀκτῆ
1546 3186 1643 3244 ap.
1689 3168 1890 3227 Diosc.
1937 3167 2225 3245 Hippocr.
2256 3167 2467 3228 Galen.
2512 3172 2573 3228 et
2616 3182 2823 3227 versus

576 3263 826 3326 Luciani
856 3268 1199 3345 Tragodop.
1244 3255 1424 3328 v.‘74
1470 3258 1732 3348 κάρηνα
1775 3258 2061 3344 φύλλοις
2090 3253 2328 3339 ἀκτέας
2372 3274 2824 3343 καταστεφεῖς.

577 3350 860 3437 ἀκτέος
919 3369 1221 3446 Theophr.
1278 3371 1332 3430 b.
1380 3372 1458 3448 pl.
1504 3367 1575 3448 3,
1620 3367 1676 3430 6.
1748 3375 2018 3431 actaea
2077 3371 2230 3432 Plin.
2273 3391 2329 3432 n.
2376 3373 2432 3432 h.
2483 3369 2576 3448 17,
2622 3370 2680 3448 7,
2723 3367 2826 3430 26.

578 3468 671 3528 Ad
717 3487 783 3527 αι
832 3471 891 3529 in
941 3471 1054 3530 hoc
1099 3469 1389 3532 vocabulo
1421 3471 1803 3533 scribendum
1843 3467 2100 3533 fortasse
2139 3474 2381 3550 pellecti
2423 3478 2565 3534 sunt
2592 3473 2826 3535 duobus

578 3572 889 3632 vocabulis
935 3590 1091 3650 quae
1137 3579 1321 3634 recte·
1344 3592 1453 3652 per
1496 3592 1564 3632 αι
1609 3575 1981 3652 scribuntur,
2039 3560 2282 3633 ἀκταία
2325 3576 2512 3636 vestis
2570 3575 2828 3636 delicata
2939 3577 2948 3585 “

577 3680 638 3734 et
682 3659 924 3733 ἀκταία
970 3676 1096 3754 pila
1142 3695 1494 3756 marmorea,
1538 3677 1614 3738 de
1658 3678 1877 3756 quibus
1922 3677 2081 3738 infra
2124 3683 2355 3755 agetur.
2434 3678 2549 3740 Sed
2594 3678 2827 3738 arboris

581 3796 794 3837 nomen
833 3780 974 3855 jure
1017 3780 1078 3839 in
1125 3797 1201 3839 εα
1255 3779 1558 3858 desinere,
1616 3781 1836 3841 docent
1891 3781 2189 3859 permulta
2248 3781 2526 3841 arborum
2588 3782 2829 3841 nomina

580 3882 692 3940 bac
754 3882 1174 3943 terminatione
1237 3885 1493 3944 utentia:
1561 3867 1934 3961 dpcvyda2²5,·
1990 3877 2241 3963 κρανέα
2304 3877 2602 3960 (κρανεία
2663 3883 2826 3960 apud

579 3981 947 4058 Homerum),
991 3979 1294 4064 κερασέα,
1339 3979 1642 4065 κερατέα,
1687 3981 1935 4064 κιτρέα,
1979 3979 2335 4063 κοκκυγέα,
2374 3978 2827 4063 κοκκυμηλέα,

579 4080 938 4160 κολουτέα,
996 4081 1334 4160 κυδωνέα,
1390 4081 1634 4167 μηλέα,
1690 4081 1927 4166 μορέα,
1981 4082 2258 4159 πτελέα,
2313 4078 2542 4165 ροδέα,
2600 4078 2830 4161 συκέα,

580 4177 977 4268 συκομορὲα.
1081 4191 1287 4264 Itaque
1346 4190 1524 4248 etiam
1585 4189 1663 4249 ad
1723 4192 2175 4268 peregrinarum
2244 4190 2523 4249 arborum
2587 4189 2830 4250 nomina

580 4289 734 4350 haec
778 4290 1041 4368 affigitur
1084 4291 1441 4370 terminatio,
1485 4296 1552 4353 ut
1595 4291 1673 4352 ad

1000 4397 1039 4460 Ι
