3166 4871
551 261 631 318 46
1551 252 1808 310 zacher

551 433 610 491 in
642 430 823 491 Thes.
896 431 977 490 At
1009 434 1319 491 Weeterm.
1349 433 1409 491 in
1456 430 1667 492 fabula
1696 429 1795 511 52,
1852 451 2010 511 quae
2053 435 2239 494 multo
2285 435 2636 495 recentioris
2680 437 2800 495 ori-

549 534 708 611 ginis
750 528 866 593 ‘est
929 540 991 593 et
1060 534 1427 611 palaephato
1500 535 1724 611 injuria
1787 536 2097 612 tribuitur,
2170 535 2293 596 edit
2356 530 2605 613 μαντὶα
2651 582 2662 593 .
2716 582 2730 594 .
2783 582 2796 595 .

547 624 904 714 πορφύρεα
962 622 1003 713 ἢ
1064 626 1325 713 ροὐσεα.
1420 637 1779 697 varietatem
1845 638 2120 698 lectionis
2180 639 2316 697 huic
2377 639 2614 698 fabulae
2674 657 2796 698 non

550 737 878 814 subjunxit.
966 738 1335 798 Vocabulum
1383 737 1620 798 infimae
1664 738 2020 800 Graecitatis
2066 742 2375 817 proprium
2422 743 2565 816 quin
2614 761 2645 799 e
2691 742 2797 799 lat.

552 858 802 899 ruesus
847 840 1167 900 deductum
1214 840 1306 917 sit,
1350 858 1470 900 non
1516 839 1745 901 dubito.
1834 841 2031 915 (Benf.
2065 843 2215 901 Wzi.
2249 844 2323 919 11,
2363 840 2477 898 ¹25
2524 831 2797 919 ῥούσιος

550 945 869 1018 cognatum
913 947 1088 1018 putat
1130 960 1262 1001 cum
1308 932 1627 1021 ἐρυθρός,
1672 946 1732 1004 et
1777 962 1850 1004 ex
1897 935 2136 1021 ῥυθιος
2180 952 2413 1019 natum,
2469 961 2555 1001 ov
2599 963 2706 1020 pro
2753 962 2797 1002 υ

551 1044 762 1120 posito,
808 1048 874 1103 ut
915 1045 973 1103 in
1022 1042 1157 1103 dial.
1201 1045 1349 1105 aeol.
1437 1045 1550 1105 Sed
1602 1046 1713 1105 hoc
1761 1046 1933 1105 vaide
1978 1045 2263 1119 dubium).

724 1148 811 1206 De
870 1140 1310 1225 τροχιλαὶα
1370 1147 1465 1206 vel
1535 1142 1984 1225 τροχαλαία
2051 1148 2152 1207 vix
2214 1154 2306 1208 est
2360 1147 2522 1225 quod
2586 1147 2799 1226 dicam,

550 1266 704 1325 quae
750 1246 933 1307 ‘falsae
979 1247 1206 1307 formae
1251 1267 1362 1325 pro
1408 1250 1770 1325 pervulgato
1831 1254 1892 1308 et
1949 1250 2287 1309 sexcenties
2347 1254 2512 1309 recte
2572 1250 2796 1310 tradito

549 1344 854 1429 τροχιλία
891 1351 986 1410 vel
1033 1345 1371 1430 τροχηλία,
1415 1350 1579 1427 quod
1625 1355 1685 1410 et
1715 1345 2021 1430 τροχιλέα
2051 1357 2112 1410 et
2140 1345 2491 1430 τροχηλέα,
2535 1352 2794 1412 traditae

556 1459 697 1514 aliut
739 1454 843 1511 iila
886 1471 981 1531 ap.
1010 1452 1194 1512 Arist.
1225 1453 1496 1513 mechan.
1543 1449 1600 1529 8,
1645 1472 1700 1529 p.
1733 1449 1848 1510 851
1888 1453 1926 1512 b
1963 1449 2057 1512 19.
2102 1450 2141 1525 9
2171 1473 2229 1532 p.
2261 1449 2383 1509 852
2413 1471 2450 1511 a
2499 1452 2604 1529 15,
2649 1457 2798 1514 haec

554 1559 611 1615 in
660 1555 847 1615 schol.
891 1553 1003 1616 Od.
1052 1572 1078 1612 ε
1127 1551 1267 1613 260.

722 1658 1014 1731 Quoniam
1078 1657 1151 1715 de
1210 1657 1692 1717 terminationum
1739 1657 2149 1717 vicissitudine
2211 1661 2271 1717 et
2313 1658 2607 1718 varietate
2665 1676 2802 1735 ago,

553 1762 723 1820 lubet
791 1760 866 1819 de
941 1759 1296 1836 quibusdam
1357 1759 1695 1836 vocabulis,
1769 1778 1925 1837 quae
1987 1759 2327 1821 Lobeckius
2384 1762 2663 1819 tractavit
2723 1761 2799 1819 ad

554 1864 777 1939 Pbryn.
823 1882 880 1939 p.
920 1860 1053 1940 147,
1099 1861 1298 1938 paullo
1343 1864 1776 1922 accuratiorem
1825 1863 2138 1923 instituere
2183 1864 2612 1939 quaestionem.

1647 2061 1717 2125 V.

585 2214 1074 2281 Examinatur
1119 2213 1457 2281 Lobeckii
1504 2214 1591 2281 de
1638 2211 2016 2315 adjectiyis
2063 2214 2137 2280 in
2185 2238 2335 2289 εους
2381 2215 2763 2281 sententia.

728 2368 830 2435 15.
921 2373 1268 2433 Lobeckius
1313 2375 1388 2434 ad
1435 2373 1660 2452 Phryn.
1706 2394 1765 2453 p.
1803 2372 1915 2431 147
1967 2364 2040 2434 d'e
2087 2374 2445 2453 quibusdam
2493 2373 2805 2433 vocabulis

556 2497 709 2555 quae
755 2479 921 2537 vario
969 2477 1143 2536 modo
1188 2476 1506 2537 terminata
1548 2477 1768 2540 tradita
1812 2483 1981 2554 aunt,
2040 2476 2322 2555 affirmat,
2381 2478 2602 2537 formae
2645 2477 2805 2536 solas

556 2583 753 2640 rectas
796 2597 927 2640 esse
971 2572 1229 2658 ἐρεοῦς,
1272 2576 1666 2659 κεραμεοῦς,
1707 2576 2053 2657 χυτρεοῦς,
2102 2595 2310 2640 omnes
2355 2587 2600 2658 ceterae,
2643 2597 2804 2655 quae

554 2685 613 2741 in
658 2682 829 2741 libris
882 2682 1140 2759 scriptae
1196 2682 1601 2760 inveniantur,
1663 2682 1850 2742 falsae
1906 2700 2054 2742 esse.
2142 2681 2462 2759 Quumque
2517 2681 2579 2742 id
2639 2681 2804 2758 quod

557 2783 898 2844 Lobeckiue
943 2783 1118 2860 dixit,
1176 2801 1286 2859 pro
1348 2784 1480 2860 iege
1537 2785 1615 2844 sit
1672 2786 1891 2844 nostris
1936 2783 2289 2862 philologia,
2345 2802 2553 2844 omnes
2596 2783 2807 2844 habuit

554 2886 998 2962 adsentator-ee,
1064 2891 1124 2944 et
1170 2885 1516 2946 Dindorfiue
1577 2887 1636 2945 in
1693 2886 2007 2946 Thesauro
2079 2886 2264 2947 multo
2321 2887 2504 2945 etiam
2566 2886 2807 2962 longius

553 2989 868 3065 processit,
913 3006 986 3047 eo
1030 2988 1229 3047 omnia
1268 2989 1570 3064 aequandi
1603 2988 1803 3049 studio
1835 2989 2188 3066 concitatus,
2230 3006 2351 3065 quo
2381 2988 2530 3048 alias
2560 3003 2805 3065 quoque

556 3109 777 3151 merum
842 3091 1083 3150 atticum
1144 3107 1322 3168 quem
1378 3090 1491 3150 sibi
1546 3089 1718 3168 fingit
1772 3109 2134 3157 sermonem,
2162 3091 2482 3152 restituere
2535 3092 2805 3150 conatur.

555 3193 673 3254 Sed
736 3193 1047 3254 videamus
1108 3193 1356 3269 singula.
1448 3193 1595 3253 Eius
1638 3192 1715 3252 de
1759 3211 1880 3270 quo
1925 3192 2180 3270 primum
2242 3192 2651 3269 quaerendum
2714 3197 2808 3252 est

555 3296 827 3354 vocabuli
872 3299 1098 3372 neptem
1147 3295 1372 3355 formae
1430 3295 1688 3355 traditae
1732 3300 1902 3355 aunt}
1962 3283 2346 3371 κεράμεος
2409 3290 2805 3371 κεραμοῦς

556 3393 993 3473 κεραμεοῦς
1023 3386 1398 3474 κεράμιος
1425 3386 1843 3473 κεράμειος
1871 3401 2299 3473 κεραμαῑος
2327 3401 2804 3474 κεραμιατος.

556 3499 677 3558 Iam
723 3515 869 3558 vero
914 3496 1260 3558 Lobeckius
1314 3515 1523 3558 omnes
1582 3502 1813 3558 ceteras
1871 3500 2092 3559 formae
2144 3503 2384 3576 praeter
2441 3494 2806 3575 κεραμεοῦς
2905 3487 2909 3489 ἡ

554 3617 807 3677 peccare
863 3599 1008 3659 dicit
1065 3604 1275 3659 conta-a
1333 3599 1673 3659 distinctam
1733 3600 2253 3677 grammaticorum
2301 3601 2807 3676 praeceptionem.

554 3701 667 3762 Sed
714 3720 1009 3778 quaenam
1059 3707 1151 3762 est
1194 3703 1294 3762 illa
1339 3705 1733 3781 praeceptio?
1807 3702 2103 3780 Equidem
2146 3703 2324 3764 aliam
2371 3703 2805 3762 invenireanon

554 3805 721 3880 potui
766 3805 883 3864 nisi
912 3805 1097 3864 hane:
1144 3806 1329 3865 Moer.
1360 3802 1737 3883 κεραμεοῦν
1781 3789 2070 3874 ἅττικῶς
2102 3818 2115 3831 ·
2149 3788 2803 3882 ὀστράκινσνἙλλη-

554 3902 779 3978 νικῶς,
825 3911 885 3966 et
912 3908 1125 3967 Thom.
1158 3908 1316 3985 Mag.
1347 3903 1485 3986 196,
1514 3905 1554 3964 6
1601 3903 1991 3985 Κεραμεοῦν
2024 3903 2264 3976 σκεῦος
2308 3900 2806 3983 βέλτιονλέγειν

553 3994 594 4093 ἢ
640 3993 1066 4087 όστράκινον.
1156 4010 1272 4069 Hic
1317 4010 1570 4086 primum
1619 4027 1793 4068 nemo
1849 4013 1940 4068 eet
1994 4010 2136 4085 quin
2197 4009 2425 4086 videat,
2485 4010 2640 4068 hane
2683 4025 2807 4067 noa

552 4110 1033 4188 praecept-ionem
1074 4129 1211 4172 esse
1256 4111 1332 4170 de
1375 4093 1824 4188 terniinatione,
1881 4111 1986 4170 sed
2031 4109 2107 4170 de
2154 4129 2408 4188 corpore
2453 4111 2584 4187 ipso
2629 4125 2806 4169 voca-

552 4212 693 4291 buli,
735 4212 897 4291 quod
942 4232 980 4273 a
1008 4206 1313 4292 κέραμος,
1361 4231 1482 4273 non
1512 4213 1588 4273 ab
1617 4199 1960 4292 ὄστρακον
1992 4213 2382 4273 derivandum
2414 4229 2546 4272 ense
2579 4212 2808 4271 dieunt.
