3166 4871
544 313 662 372 100
1499 306 1765 362 Zacher

536 474 898 556 δύς-πνοος
944 482 1079 563 aL),
1137 474 1296 564 ῥόος
1350 489 1573 554 (concr.
1617 472 2091 562 βαθύ-ρροος,
2136 472 2613 563 δακρύ-ρροος
2664 480 2786 560 aL),

530 576 732 666 χλόος
744 605 767 658 ;
810 580 1067 657 δοῦπος
1111 585 1253 660 (cer.
1298 571 1799 666 ἇρτί-δουπος,
1842 578 2296 664 ἐρί-γδουπος
2340 582 2468 663 aL),
2521 573 2783 662 κόμπος

534 688 680 767 (adj.
742 678 1029 767 κομπός)
1047 733 1065 767 ,
1138 678 1352 760 κόπος
1416 687 1559 763 (cor.
1620 677 2021 767 θυροκόπος
2083 685 2214 765 aL),
2282 675 2543 758 κτύπος
2616 674 2784 761 (ἁλί-

533 808 789 862 κτυπος
833 790 949 870 aL),
993 782 1248 867 τρόπος
1292 781 1817 872 (πολύ·τροπος,
1838 775 2342 869 ’ἀπό-τροπος),
2334 810 2347 821 ·
2390 787 2594 870 γῦρος
2638 789 2781 868 (adj.

531 884 733 974 γυρός
780 892 1134 974 rotundus),
1194 887 1414 973 ἵμερος
1458 892 1604 967 (ccr.
1649 885 2020 973 ἐφίμερος),
2078 881 2341 972 καιρός,
2391 881 2597 974 κόρος
2640 892 2782 967 (ccr.

535 986 670 1056 διά-
646 996 923 1078 -κορος),
964 986 1194 1076 μόρος,
1240 983 1545 1077 ὄλεθρος,
1590 986 1806 1076 πόρος
1850 995 2051 1068 (etiam
2089 1014 2287 1056 conor.
2330 1020 2415 1043 ==
2458 990 2783 1075 πορίζων,

533 1103 654 1179 via,
696 1097 896 1178 pons),
941 1089 1207 1184 φθόρος
1241 1096 1478 1177 (θυμω
1483 1088 1768 1179 φθόρος,
1813 1087 2348 1177 πολύ-φθορος),
2394 1077 2611 1177 ὦχρος
2639 1095 2781 1175 (adj.

532 1189 808 1284 ωχρός);
853 1192 1092 1275 νόσος,·
1137 1190 1488 1283 ἀλαλητός,
1535 1188 1793 1275 ἄλετος,
1840 1185 2150 1282 ἄλοητός,
2196 1187 2468 1280 ἄμητος,
2520 1186 2782 1280 ἄροτος,

532 1291 661 1381 (εὖ-
663 1296 951 1386 ἄροτος),
992 1300 1242 1384 βίοτος,
1286 1297 1536 1385 ἔμετος,
1579 1294 1901 1382 θάνατος,
1945 1293 2260 1382 κάματος,
2301 1308 2533 1415 κοξτος
2580 1302 2779 1374 (etiam

534 1409 608 1470 de
652 1410 1045 1470 instrumento
1093 1407 1370 1486 cubandi,
1412 1405 1643 1486 torus),
1685 1391 2122 1486 κολοσυρτός,
2166 1393 2473 1484 κοπετός,
2519 1395 2781 1484 κρότος,

531 1501 841 1582 κωκυτός
885 1510 1110 1586 (coner.
1141 1495 1620 1588 όξυκώκυτος),
1663 1505 1958 1588 νίφετος,
2003 1497 2263 1586 νόστος,
2306 1497 2554 1587 οἶκτος,
2598 1496 2782 1578 οἶτος

530 1603 837 1693 παγετός,
878 1611 1192 1692 πλοῦτος,
1232 1603 1448 1684 πότος
1478 1612 1705 1686 (conor.
1735 1612 1813 1673 de
1845 1630 1916 1674 eo
1947 1612 2114 1690 quod
2142 1608 2432 1690 potatur),
2474 1599 2780 1691 πυρετός,

531 1705 723 1787 ὑετός
785 1714 1103 1790 (incertum
1167 1735 1307 1777 uum
1368 1716 1672 1794 adJectiva
1743 1734 1988 1793 quoque
2061 1716 2305 1776 notione
2367 1714 2511 1775 Hdt.
2560 1711 2636 1792 2,
2696 1710 2778 1770 25

533 1806 766 1899 ἄνεμοι
808 1807 1212 1895 ὑετώτατοι,
1268 1818 1381 1879 nisi
1427 1818 1749 1896 legendum
1796 1806 2222 1892 ὑετιώτατοι)
2235 1835 2258 1889 ;
2303 1805 2585 1896 γνόφος,
2628 1803 2782 1876 δνό-

521 1940 688 2012 ,φος,
734 1911 973 2001 ζόφος,
1030 1912 1320 2001 βράγχος
1364 1919 1505 2000 (adi
1548 1910 1888 2001 βοανκός),
1933 1911 2224 1999 ἔλεγχος,
2276 1899 2436 2000 ἦχος
2480 1923 2564 1991 (et
2606 1904 2778 2000 ἠχή),

531 2015 727 2105 λόχος
789 2024 1224 2102 (puerperium,
1279 2024 1384 2086 sed
1446 2044 1645 2085 concr.
1706 2024 1781 2085 de
1840 2023 2070 2106 insidiis
2130 2026 2191 2084 et
2248 2042 2427 2084 manu
2487 2020 2781 2100 militum),

533 2117 772 2206 στόχος
818 2128 1025 2203 (abstr.
1071 2128 1228 2189 actio
1274 2128 1459 2189 telum
1506 2127 1835 2206 dirigendi,
1896 2145 2096 2188 concr.
2160 2111 2383 2204 scopus
2428 2145 2549 2204 quo
2593 2126 2777 2186 telum

531 2227 828 2307 mittitur),
872 2219 1179 2310 τάραχος,
1223 2219 1464 2310 τρόχος
1507 2228 1736 2305 (coner.
1780 2219 2064 2309 τροχός).
2151 2227 2367 2291 Omnia
2409 2230 2557 2290 haec
2599 2246 2778 2289 voca·

533 2333 677 2393 bula
722 2333 972 2393 formam
1017 2333 1241 2393 habeut
1283 2332 1740 2411 adjectivorum,
1784 2334 2077 2393 nonnulla
2119 2331 2297 2393 modo
2343 2325 2776 2410 adjectivorum

532 2435 710 2497 modo
741 2435 1182 2497 abstractorum
1215 2454 1463 2497 munere
1507 2434 1863 2515 funguntur,
1908 2437 2093 2496 multo
2124 2438 2305 2513 plura
2334 2435 2447 2497 nisi
2477 2435 2780 2496 abstracta

532 2537 966 2616 significatione
1014 2558 1132 2599 non
1179 2544 1568 2618 usurpantur.
1656 2537 1814 2614 Quid
1859 2540 2087 2617 igitur?
2173 2539 2271 2599 An
2333 2537 2509 2599 etiam
2555 2539 2779 2598 haecce

531 2642 729 2701 omnia
789 2644 933 2702 nata
988 2646 1133 2702 sunt
1191 2640 1517 2719 adjectiva,
1578 2658 1694 2701 usu
1757 2646 1987 2702 tantum
2047 2645 2414 2718 acceperunt
2474 2642 2778 2703 notionem

532 2742 942 2804 abstractam?
1026 2744 1191 2821 Ergo
1237 2743 1541 2823 adjectiva
1585 2745 1826 2805 omnino
1874 2740 2032 2806 omni
2077 2763 2333 2822 genere,
2376 2744 2503 2805 sive
2547 2761 2779 2806 mascu-

532 2846 654 2909 lino
699 2846 827 2906 sive
873 2844 1159 2907 feminino
1205 2847 1334 2907 sive
1377 2850 1593 2907 neutro
1639 2845 1801 2921 (nam
1848 2845 1925 2907 de
1986 2849 2101 2908 hoc
2153 2866 2395 2925 quoque
2456 2864 2641 2924 supra
2692 2848 2777 2906 vi-

535 2945 754 3021 dimus)
797 2966 910 3026 pro
955 2948 1273 3010 abstractis
1318 2950 1601 3027 usurpari
1645 2950 1950 3027 possunt?
2036 2949 2278 3010 Minime
2323 2951 2498 3011 vero!
2585 2950 2780 3009 Plane

532 3052 709 3112 aliter
753 3069 879 3112 rem
926 3070 991 3113 se
1038 3052 1260 3113 habere
1304 3051 1585 3113 discimus
1632 3071 1664 3113 e
1710 3053 2050 3133 linguarum
2095 3053 2558 3130 comparatione.
2676 3080 2691 3090 ¹

706 3147 817 3216 33.
863 3154 1014 3217 Inde
1058 3174 1095 3215 a
1138 3156 1346 3232 primis
1391 3156 1545 3216 enim
1592 3155 1963 3235 temporibus
2007 3155 2243 3216 duobus
2287 3154 2520 3216 suffixis
2547 3171 2605 3213 «α
2633 3159 2695 3215 et
2721 3159 2781 3234 ᾶ,

532 3274 786 3335 quorum
830 3257 982 3318 illud
1029 3258 1374 3319 masculinis
1411 3262 1473 3319 et
1504 3250 1749 3332 neutris,
1794 3258 1909 3319 hoc
1936 3257 2236 3318 femininis
2264 3257 2563 3336 fingendis
2591 3257 2779 3319 inser·

532 3359 748 3436 viebat‚
804 3361 1002 3419 aricae
1049 3361 1326 3427 nationes=
1367 3378 1513 3421 usae
1557 3363 1725 3438 sunt,
1783 3379 1905 3438 quo
1966 3365 2222 3437 utroque
2281 3364 2342 3421 et
2395 3362 2677 3421 concreta
2718 3364 2782 3421 et

530 3460 852 3539 abstracta,
897 3461 992 3521 vel
1039 3465 1105 3521 ut
1148 3462 1375 3522 rectius
1421 3462 1612 3522 dicam
1659 3466 1719 3523 et
1764 3464 2003 3524 nomina
2047 3463 2283 3540 agentis
2325 3462 2453 3523 sive
2488 3463 2577 3524 rei
2604 3465 2781 3523 actae

531 3568 591 3623 et
619 3563 860 3622 nomina
890 3564 1141 3624 actionis
1171 3583 1207 3623 a
1235 3565 1438 3625 verbis
1467 3565 1564 3624 vel
1596 3564 1899 3626 radicibus
1931 3564 2380 3626 derivabuntur.
2465 3567 2679 3643 Itaque
2721 3568 2781 3625 et

528 3665 590 3725 in
636 3666 842 3742 lingua
886 3666 1332 3728 sanseritica
1374 3667 1729 3727 suffixum
1774 3675 1818 3726 a
1867 3668 1942 3728 ad
1992 3671 2305 3747 utramque
2347 3667 2778 3729 vocabulorum

415 3760 422 3765 ⁸
530 3768 778 3828 classem
825 3767 1202 3830 formandam
1247 3769 1577 3831 adhibitum
1624 3771 1861 3850 videas,
1907 3790 1977 3832 eo
2021 3775 2253 3850 tamen,
2297 3774 2365 3832 ut
2407 3771 2782 3849 grammatici

530 3870 773 3949 docent,
827 3871 1168 3933 discrimine
1228 3873 1454 3951 (Bopp,
1512 3872 1650 3934 krit.
1694 3893 1782 3951 gr.
1827 3874 1950 3934 der.
1994 3891 2108 3934 scr.
2150 3892 2271 3953 spr.
2326 3874 2361 3946 ξ
2394 3871 2536 3952 575,
2586 3871 2638 3933 1.
2682 3870 2782 3950 4.),

537 3979 607 4035 ut
664 3974 907 4036 nomina
967 3976 1200 4053 agentis
1258 3994 1377 4036 non
1436 3979 1665 4037 mutata
1707 3977 1897 4037 vocali
1951 3976 2195 4037 radicali
2255 3976 2493 4037 finalem
2546 3979 2784 4052 acuant,

529 4072 730 4137 budh&
773 4077 1256 4156 expergefactus,
1299 4080 1517 4157 sciens,
1561 4080 1804 4140 nomina
1849 4080 2101 4140 actionis
2143 4080 2408 4140 vocalem
2454 4079 2779 4139 radicalem

529 4197 640 4257 per
683 4171 903 4258 ganam
948 4180 1312 4258 amplificent
1355 4186 1416 4242 et
1461 4200 1598 4242 cum
1637 4185 1888 4243 accentu
1935 4184 2268 4260 enuntient,
2324 4177 2529 4243 Maka
2570 4198 2781 4260 exper—

527 4283 819 4362 gefactio,
875 4283 1126 4345 scientia
1170 4282 1270 4357 (de
1316 4286 1777 4362 exceptionibus
1821 4304 1876 4345 v.
1906 4286 2160 4346 Zimmer
2203 4285 2311 4345 1.1.
2352 4303 2413 4362 p.
2449 4281 2570 4363 19),
2614 4290 2676 4345 et
2717 4285 2782 4345 in
