3166 4871
2580 315 2662 374 45

586 474 845 567 ἤλυθεν
886 471 1209 568 εὐνομίην
1254 476 1634 568 διζήμενος·
1680 473 1891 567 αὐτὰρ
1917 464 2069 566 Ἶέγῶ
2113 505 2222 548 τοι

589 580 792 650 δώσω
836 580 965 670 τὴν
1008 574 1136 650 οὐκ
1182 579 1349 671 ἄλλη
1395 583 1814 669 ἔπιχθονίων
1858 581 2056 662 πόλις
2101 580 2246 667 ἕξει.

1490 774 1590 837 53.

586 890 777 958 Εἰσὶν
819 885 973 958 ὁδοὶ
1018 886 1137 958 δύο
1182 896 1505 957 πλεῖστον
1551 881 1667 957 ἄπ’
1715 881 2028 977 άλλήλων
2076 883 2474 977 ἀπέχουσαι·

585 987 626 1079 ἢ
667 994 792 1077 μὲν
835 991 1216 1078 ἐλευθερίας
1262 993 1328 1072 ἐς
1371 994 1597 1079 τίμιον
1644 988 1841 1060 οἶκον
1884 987 2159 1079 ἄγουσα,

583 1090 624 1181 ἡ
672 1087 731 1160 δ’
774 1095 887 1161 ἐπὶ
931 1097 1239 1173 δουλείας
1284 1092 1582 1179 φευκτὸν
1630 1092 1841 1182 δόμον
1885 1086 2212 1184 ῆμερίοισι
2238 1116 2251 1129 ·

584 1199 697 1264 καὶ
741 1194 867 1283 τὴν
909 1199 1035 1282 μὲν
1078 1194 1187 1264 διά
1230 1190 1290 1264 τ’
1333 1190 1751 1286 άνδροσύνης
1796 1198 1972 1287 ἱερῆς
2016 1191 2087 1265 θ’
2133 1193 2453 1284 ὁμονοίας

386 1346 397 1351 -
457 1304 527 1363 5'
584 1297 725 1366 ἔστι
766 1301 1015 1385 περᾶν·
1062 1295 1150 1386 ἣν
1194 1296 1274 1388 δὴ
1317 1306 1504 1379 λαοῖς
1546 1290 1818 1387 ἱγεῖσθε
1863 1302 2235 1368 κέλευθον·

581 1399 708 1490 τὴν
750 1403 822 1469 δὲ
868 1394 979 1468 διὰ
1019 1405 1337 1490 στυγερῆς
1382 1400 1599 1489 ἔριδος
1642 1404 1755 1469 καὶ
1800 1395 2163 1481 ἀνάλκιδος
2207 1397 2370 1491 ἄτης

584 1501 1162 1589 είσαφικάνουσιν·
1208 1502 1332 1594 τὴν
1376 1502 1456 1593 δὴ
1500 1503 1849 1590 πεφύλαξο
1893 1503 2202 1592 μάλιστα.

1486 1698 1588 1761 54.

565 1805 736 1891 Ἕως
779 1805 863 1878 ἂν
904 1813 1293 1897 μαντείῃσιν
1336 1807 1733 1899 ὕποσχέσιας
1776 1839 1846 1880 τε
1893 1815 2006 1880 καὶ
2050 1805 2295 1900 ὅρκους

582 1915 694 1980 καὶ
740 1916 927 1992 δίκας
971 1905 1316 2003 ἀλλήλοισι
1361 1917 1474 1982 καὶ
1520 1908 1968 1983 ἀλλοδαποῖσι
2016 1917 2279 1996 διδῶτε,

582 2005 804 2103 ἁγνῶς
846 2019 958 2083 καὶ
1001 2022 1325 2105 καθαρῶς
1369 2022 1854 2106 πρεσβηγενέας
1899 2022 2246 2104 τιμῶντες,

591 2120 998 2208 Τυνδαρίδας
1043 2112 1102 2187 δ’
1145 2116 1642 2208 ἐποπιζόμενοι,
1683 2122 1990 2189 Μενέλαν
2033 2145 2102 2188 τε
2149 2121 2263 2187 καὶ
2313 2113 2562 2199 ἄλλους

456 2227 493 2285 5
583 2212 971 2301 ἀθανάτους
1014 2217 1235 2312 ἥρωας
1280 2223 1349 2291 οἳ
1390 2223 1466 2290 ἐν
1508 2226 1961 2309 Λακεδαίμονι
2007 2226 2132 2309 δίῃ,

583 2315 768 2390 οὕτω
814 2322 895 2412 δή
935 2317 994 2412 χ’
1038 2320 1233 2410 ὑμῶν
1272 2317 1714 2413 περιφείδοιτ’
1759 2317 2058 2414 εὗρυόπα
2106 2323 2286 2405 Ζεύς.

1482 2520 1581 2582 55.

559 2627 621 2700 Ἀ
666 2636 1157 2722 φιλοχρηματία
1201 2630 1531 2722 Σπάρταν
1574 2626 1736 2717 ὀλεῖ,
1782 2630 1952 2702 ἄλλο
1999 2637 2070 2703 δὲ
2116 2626 2330 2702 οὐδέν.

583 2845 816 2907 Πυθοῖ
842 2840 917 2908 ἐν
945 2834 1202 2928 ἠγαθέῃ
1231 2836 1344 2909 ὅθ’
1373 2837 1627 2930 ὑπέρβη
1651 2839 1890 2909 λάινον
1912 2833 2122 2909 οὐδὸν
2140 2839 2567 2930 χρησόμενος.
2601 2844 2624 2928 11

583 2947 652 3010 2:
697 2936 811 3010 ὅτε
844 2937 1038 3011 Ἰλιον
1083 2945 1542 3027 εἰσανέβαινον
1587 2950 1698 3013 Od.
1728 2953 1927 3012 XVIII
1959 2948 2102 3013 252.
2135 2946 2157 3031 ΙΙ

583 3050 693 3126 53)
734 3054 911 3115 Diod.
942 3054 1058 3115 VII
1096 3053 1191 3133 14,
1219 3051 1276 3114 2.
1363 3056 1505 3115 Eue.
1549 3072 1639 3131 pr.
1680 3072 1778 3115 ev.
1813 3055 1861 3113 V
1892 3049 1993 3115 28.

584 3176 639 3216 v.
672 3153 742 3216 3:
786 3146 1053 3233 φυκτόν
1096 3157 1312 3217 Euseb.
1361 3156 1531 3217 codd.
1577 3158 1648 3216 A.
1679 3157 1752 3215 H.
1782 3155 2063 3216 Dindorf.
2095 3150 2118 3235 ΙΙ
2195 3153 2263 3215 4:
2307 3147 2483 3235 ἱερῆς
2513 3155 2656 3216 Eue.

412 3242 651 3339 άρετῆς
695 3260 868 3320 Diod.
921 3259 1093 3321 codd.
1148 3259 1308 3320 unde
1354 3258 1673 3320 Bekkerus
1732 3263 1793 3318 et
1834 3258 2183 3319 Dindorfius
2228 3250 2471 3338 ἐρατῆς
2514 3256 2655 3317 εοτί·

411 3360 668 3422 bendum
743 3368 1131 3440 putaverunt.
1165 3357 1187 3441 ΙΙ
1229 3349 1233 3353 ’
1295 3360 1362 3420 7:
1434 3350 2023 3436 εἰσαφικάνουσιν·
2096 3350 2223 3440 τὴν
2298 3353 2369 3420 δὲ
2441 3376 2655 3435 πεφυ-

410 3452 654 3541 λάχθαι
698 3466 839 3526 Eua.
872 3459 894 3543 ΙΙ

589 3564 695 3639 54)
740 3569 881 3628 Eue.
925 3587 1015 3646 pr.
1062 3585 1151 3628 ev.
1183 3568 1237 3626 V
1278 3563 1377 3625 28.
1464 3587 1521 3627 v.
1567 3565 1632 3625 1:
1691 3554 2078 3644 ὑποσχέσεις
2130 3566 2303 3627 codd.
2336 3559 2358 3643 ΙΙ
2447 3562 2516 3626 6:
2577 3554 2656 3646 δή

409 3669 481 3729 A.
512 3670 587 3730 H.
629 3653 771 3747 τάχ’
816 3670 878 3732 c.
923 3672 996 3730 D.
1040 3671 1106 3730 F.
1150 3669 1220 3730 G.
1263 3685 1372 3730 τοι
1415 3669 1714 3731 Gaisford.
1746 3662 1768 3747 n

579 3791 635 3833 v.
668 3768 738 3832 3:
799 3759 1017 3850 ἁγνῶς
1068 3765 1182 3831 καὶ
1234 3767 1557 3851 καθαρῶς
1612 3773 1815 3849 hymn.
1868 3771 1981 3849 Ap.
2016 3765 2208 3849 121.ss
2300 3768 2361 3831 4:
2421 3763 2653 3830 ἐποπί-

409 3873 646 3951 ζεσθαι
668 3876 878 3935 vocab.
902 3877 1053 3952 epi0.
1085 3870 1106 3953 ΙΙ
1162 3873 1227 3935 5:
1250 3869 1694 3954 Λακεδαίμων
1717 3869 1826 3934 δῖα
1850 3873 1961 3938 od.
1985 3875 2072 3935 III
2095 3870 2237 3934 326.
2260 3874 2403 3935 XIII
2429 3871 2569 3934 440.
2601 3866 2623 3951 ΙΙ

412 3975 482 4036 7.
528 3961 832 4058 εὗρυόπα
876 3965 1043 4049 Ζεύς
1087 3977 1258 4039 form.
1304 3996 1396 4056 ep.
1429 3971 1541 4055 ΙΙ

580 4078 687 4154 55)
733 4080 806 4141 cf.
851 4081 1038 4158 praef.
1082 4100 1141 4159 p.
1177 4078 1270 4141 17.

581 4180 1725 4263 801101.Αι·ὴῐορ1].ρειο.623.801101.
1774 4183 1915 4244 Eur.
1959 4182 2243 4243 Androm.
2275 4179 2418 4241 445.
2477 4181 2652 4240 Diod.

410 4283 671 4364 vn14,
712 4282 768 4347 3.
855 4287 1011 4348 Plut
1055 4288 1190 4349 inst.
1234 4288 1379 4349 Lac.
1424 4283 1521 4348 42.
1610 4285 1952 4365 Olympiod.
1998 4287 2057 4345 iu
2101 4286 2250 4346 Plat.
2301 4282 2653 4345 Alcibiad.1
