3166 4871
2463 305 2585 365 397

344 479 443 539 vel
508 478 908 555 amplissimus
980 478 1355 554 maximeque
1435 476 1763 537 honoratus
1837 475 2022 537 fuisse
2098 475 2334 537 videtur
2405 477 2586 537 totius

344 579 570 641 ordinis
613 580 853 657 plebeji.
876 577 950 650 ¹¹³)
2075 578 2090 586 ⁹

516 698 596 758 At
639 698 825 759 multo
857 698 1124 776 plurimis
1153 699 1301 758 locis
1331 715 1515 776 supra
1545 696 1898 774 perscriptis
1930 697 2324 775 primipilares
2355 699 2588 774 equites

346 802 594 861 Romani
641 801 1064 879 appellantur-3
1109 804 1271 860 recte
1317 800 1554 877 quidem
1604 799 1818 875 aliquis
1865 800 1949 859 sic
1995 800 2136 859 mihi
2183 798 2436 859 fortasse
2483 818 2588 875 op-

346 908 555 981 ponat,
615 921 973 980 quamquam
1021 903 1350 962 Martialem
1400 921 1517 961 non
1565 902 1812 979 proprie
1858 901 2147 977 ordinem,
2191 900 2298 962 sed
2345 919 2588 961 censum

348 1011 683 1083 equestrem
745 1010 1019 1083 spectare
1083 1005 1406 1064 verisimile
1477 1009 1600 1083 est,
1673 1023 1804 1065 cum
1866 1004 2129 1081 praemia
2188 1004 2591 1082 primipilatus

347 1114 485 1168 ante
530 1108 726 1167 omnia
771 1106 1110 1186 praedicet;
1155 1106 1350 1168 Ovidii
1400 1125 1541 1166 vero
1590 1107 1777 1167 verba
1808 1112 2018 1183 aperte
2051 1105 2125 1165 de
2157 1106 2392 1166 homine
2425 1105 2588 1165 dicta

347 1213 510 1280 sunt,
595 1209 697 1287 qui
771 1209 1132 1286 primipilatu
1208 1209 1529 1268 defunctus
1602 1214 1733 1269 erat
1807 1226 2005 1285 neque
2080 1208 2269 1269 solum
2346 1225 2588 1267 censum

348 1317 708 1390 equestrem,
752 1311 859 1372 sed
906 1314 1077 1371 etiam
1127 1312 1358 1387 insigne
1405 1310 1633 1371 ordinis
1678 1312 1999 1388 equestris,
2044 1329 2290 1370 aureum
2326 1312 2591 1388 anulum,

349 1414 709 1492 possidebat,
755 1432 939 1491 eques
982 1415 1163 1490 igitur
1206 1416 1508 1474 Romanus
1552 1415 1801 1492 proprio
1847 1431 2027 1473 sensu
2074 1419 2235 1491 erat3
2290 1431 2482 1490 aeque
2528 1415 2587 1473 in

347 1518 534 1577 titulis
596 1522 632 1578 3
679 1522 740 1578 et
783 1522 823 1578 4
883 1516 958 1578 de
1018 1517 1484 1594 primipilaribus
1544 1516 1900 1594 quibusdam
1945 1517 2180 1593 legitur,
2225 1517 2326 1593 qui
2373 1522 2434 1576 et
2478 1517 2588 1593 ipsi

351 1619 581 1696 equites
612 1620 862 1679 Romani
910 1625 1096 1679 erant.
1185 1619 1300 1678 Sed
1347 1621 1760 1679 centurionum
1808 1638 2071 1697 quoque,
2116 1619 2218 1696 qui
2252 1622 2588 1695 equestrem

350 1722 617 1782 ordinem
668 1722 980 1793 habebant,
1026 1723 1183 1783 tituli
1230 1727 1471 1782 exstant
1503 1721 1775 1781 nonnulli
1819 1751 1906 1761 —-
1951 1723 2297 1780 Mommsen.
2343 1722 2386 1779 1.
2420 1722 2486 1780 R.
2517 1721 2591 1780 N.

347 1827 511 1885 4551
562 1848 643 1870 ·=
690 1825 790 1885 Or.
837 1828 1032 1894 3457;
1093 1823 1194 1885 Or.
1239 1828 1422 1885 3049.
1492 1823 1564 1882 cf.
1614 1824 1688 1884 de
1740 1823 2224 1894 „centurionibus
2270 1841 2344 1882 ex
2391 1824 2590 1898 equite

351 1925 544 1986 Rom.“
577 1925 731 1985 infra
761 1944 917 2002 quae
949 1926 1091 1985 dixi.
1120 1956 1207 1966 —
1236 1928 1317 1985 ita
1349 1931 1415 1985 nt
1458 1924 1587 1985 fere
1633 1925 1839 1986 eodem
1875 1925 2016 2002 jure
2061 1926 2475 1985 centurionum
2521 1943 2594 1984 ac

350 2028 799 2106 primipilarium
863 2028 1130 2087 ordinem
1196 2028 1413 2105 aliquis
1474 2034 1812 2104 equestrem
1861 2028 2167 2088 nominare
2213 2028 2420 2104 possit.
2506 2029 2593 2087 Ac

355 2149 428 2190 ne
474 2129 617 2190 illud
665 2129 907 2207 quidem
954 2150 1028 2189 ex
1075 2130 1167 2190 his
1211 2131 1401 2190 titulis
1432 2130 1717 2207 colligere
1748 2131 1906 2208 licet,
1951 2148 2213 2207 unquam
2246 2130 2594 2207 primipilos‚

354 2251 488 2292 cum
548 2233 946 2310 primipilares
1005 2232 1244 2306 fiebant,
1308 2231 1541 2310 equites
1587 2231 1778 2292 factos
1831 2250 1994 2303 esse;
2067 2251 2203 2291 nam
2250 2231 2412 2291 unde
2455 2232 2593 2292 sciri

354 2339 553 2413 potest
596 2352 715 2408 eos,
761 2334 835 2394 de
867 2335 1085 2411 quibus
1114 2335 1268 2394 tituli
1301 2352 1347 2394 s.
1379 2355 1424 2394 s.
1458 2336 1755 2411 nuntiant,
1798 2340 1922 2394 tum
1955 2334 2222 2395 ordinem
2255 2341 2593 2411 equestrem

353 2439 673 2515 accepisse,
742 2456 871 2497 cum
937 2456 1011 2497 ex
1072 2439 1435 2514 primipilatu
1484 2437 1918 2498 mittebantur?
1995 2438 2175 2497 Immo
2221 2456 2366 2497 vero
2413 2456 2596 2497 unum

355 2541 501 2600 illud
562 2545 828 2617 constat,
890 2541 1276 2600 centuriones
1337 2559 1767 2617 nonnunquam
1830 2541 1888 2599 in
1937 2538 2209 2600 ordinem
2256 2543 2596 2618 equestrem

355 2648 634 2720 receptos
679 2660 827 2701 esse.

526 2762 791 2838 Accedit,
846 2761 1006 2838 qu’od
1072 2779 1353 2821 numerus
1413 2761 1749 2838 titulorum,
1807 2779 1960 2837 quos
2004 2761 2079 2820 de
2137 2761 2599 2838 primipilaribus

357 2865 656 2940 equitibus
701 2865 979 2923 Romanis
1026 2863 1348 2940 habemus,
1409 2868 1528 2922 tam
1583 2865 1839 2939 exiguus
1884 2868 2002 2940 est,
2067 2868 2132 2922 ut
2175 2882 2249 2922 ex
2299 2864 2411 2922 hac
2455 2882 2600 2940 pau-

358 2968 538 3026 citate
568 2968 712 3025 satis
742 2970 901 3024 certe
933 2966 1337 3040 argumentari
1369 2966 1700 3041 possimus:
1745 2970 1984 3023 constat
2013 2965 2187 3041 enim,
2231 2963 2310 3024 ad
2344 2965 2600 3025 honores

359 3069 671 3128 inferiores
719 3072 783 3126 nt
827 3067 1262 3144 praefecturam
1311 3065 1578 3142 fabrum,
1640 3066 1906 3126 cohortis
1952 3071 2063 3125 etc.
2127 3066 2310 3126 multo
2364 3067 2602 3144 saepius

358 3176 558 3230 notam
612 3189 740 3246 „eq.
784 3169 981 3253 publ.“
1034 3168 1129 3228 vel
1190 3187 1320 3245 „eq.
1364 3168 1466 3227 R.“
1520 3168 1742 3246 apponi
1787 3186 1963 3244 quam
2010 3166 2088 3228 ad
2136 3169 2478 3245 superiores
2500 3165 2599 3241 ι9);

358 3276 797 3349 proptereaque
857 3289 929 3330 ea
984 3272 1042 3330 in
1105 3270 1552 3348 primipilarium
1618 3270 1809 3330 titulis
1855 3269 2012 3330 haud
2061 3269 2242 3329 dubie
2286 3287 2469 3346 saepe
2514 3272 2599 3330 in·

361 3375 683 3451 veniretur,
728 3374 777 3433 si
824 3391 1007 3451 saepe
1052 3392 1179 3432 eam
1228 3391 1452 3449 ponere
1499 3372 1787 3431 licuisset.

530 3494 620 3552 Ita
694 3493 1146 3570 primipilarium
1221 3492 1489 3551 ordinem
1554 3491 1738 3552 fuisse
1812 3509 1956 3550 vere
2031 3490 2327 3568 plebejum
2405 3510 2601 3569 neque

361 3602 669 3673 poetarum
715 3596 913 3654 verbis
956 3613 1151 3671 neque
1195 3595 1384 3654 titulis
1431 3593 1745 3654 refellitur.

536 3845 601 3905 ¹⁸)
655 3848 804 3894 recte
842 3840 1157 3908 Madvigius
1201 3840 1495 3909 cognovit,
1542 3840 1925 3894 condicionem
1964 3839 2382 3909 primipilarium
2428 3838 2606 3896 fnisse

362 3926 664 3997 plebejam3
699 3932 849 3979 errat
876 3927 1098 3995 Lipsius
1134 3941 1260 3980 cum
1297 3926 1458 3979 dicit:
1495 3932 1648 3980 certe
1671 3925 1970 3995 adjunctus
1996 3926 2044 3979 is
2082 3925 2258 3979 honos
2290 3927 2611 3996 (equester)

363 4020 423 4066 et
467 4028 569 4080 pro
616 4013 805 4080 equite
849 4018 1010 4064 erant
1056 4012 1152 4080 qni
1203 4011 1557 4080 primopilatu
1607 4011 1802 4065 functi.
1886 4011 2061 4076 Quale
2107 4008 2279 4065 fuerit
2313 4012 2608 4066 discrimen

362 4097 508 4151 inter
554 4096 805 4150 homines
860 4111 1035 4150 censu
1090 4098 1336 4164 equestri
1381 4104 1441 4151 et
1485 4097 1703 4166 equites
1747 4111 1896 4164 equo
1931 4095 2153 4164 publico
2189 4112 2241 4150 v.
2289 4094 2609 4151 Hirschfeld

366 4181 864 4250 Untersuchungen
902 4182 993 4236 nb.
1028 4181 1222 4236 Roem.
1260 4181 1739 4250 Staatsverwaltg.
1777 4198 1835 4249 p.
1875 4184 1990 4235 244.

539 4287 604 4350 ¹⁹)
638 4284 707 4339 cf.
746 4284 1064 4338 Mommsen.
1103 4284 1361 4339 Berichte
1396 4291 1501 4340 etc.
1540 4301 1595 4353 p.
1632 4288 1749 4338 250.
1807 4282 1816 4287 ’

2097 4386 2203 4439 27*
