3166 4871
2556 318 2595 379 5
2669 324 2670 327 γ

350 492 587 552 videtur
646 490 1001 552 confectum.
1100 493 1291 552 Erant
1347 495 1550 552 tamen
1617 492 1678 552 in
1736 493 1963 570 populo
2016 491 2120 569 qui
2180 490 2471 551 dicerent:
2534 495 2598 552 at

350 594 538 655 voluit
597 598 829 654 tantum
886 596 1159 672 peierare
1179 637 1196 671 ,
1262 612 1300 652 a
1361 594 1582 670 Pythia
1640 595 1897 656 monitus
1957 613 2076 655 non
2135 592 2418 670 perfecit.
2479 592 2595 654 illis

350 696 622 774 Delphici
651 695 998 757 sacerdotes
1024 697 1278 757 alterum
1310 697 1617 757 oraculum
1652 696 2030 759 obiecerunt:
2075 685 2156 755 τὸ
2186 692 2596 777 πειρηθῆναι

350 795 473 858 τοῦ
516 795 687 857 θεοῦ
732 793 843 858 καὶ
889 787 968 857 τὸ
1013 794 1291 879 ποιῆσαι
1336 791 1485 857 ἴσον
1531 786 1890 858 δύνασθαι.

1270 984 1311 994 .-

518 1124 732 1185 Elueet
775 1142 850 1184 ex
895 1125 1013 1202 eis,
1072 1141 1229 1200 quae
1275 1123 1451 1184 modo
1499 1123 1965 1202 disputavimus,
2025 1123 2418 1201 eompositum
2461 1142 2595 1185 esse

349 1227 659 1286 oraculum
719 1225 1004 1286 adhibitis
1060 1219 1262 1287 verbis
1322 1225 1665 1286 Hesiodeis:
1728 1225 1910 1286 multo
1973 1226 2211 1302 saepius
2272 1243 2416 1287 vero
2479 1226 2594 1313 boe

338 1329 575 1389 ¹faetum
637 1332 761 1408 est,
837 1334 903 1389 ut
959 1329 1036 1389 ad
1106 1329 1354 1390 oraeula
1410 1328 1693 1405 fingenda
1759 1327 2081 1406 proverbia
2141 1332 2597 1407 usurparentur,

350 1432 531 1508 idque
574 1431 939 1508 itaquidem
987 1435 1053 1492 ut
1098 1432 1265 1509 origo
1312 1432 1788 1519 proverbiorum,
1832 1450 1986 1508 quae
2029 1432 2192 1508 apud
2236 1430 2501 1493 Graecos
2532 1433 2592 1492 in

351 1535 510 1594 omni
555 1552 659 1594 ore
703 1534 1117 1612 versabantur,
1168 1535 1244 1594 ab
1290 1536 1423 1611 ipso
1470 1534 1750 1611 Apolline
1797 1533 2194 1595 derivaretur.
2283 1532 2460 1608 Quod
2507 1535 2594 1594 sie

350 1638 451 1696 se‘
487 1635 765 1697 habuisse
838 1654 933 1697 res
994 1637 1278 1697 nonullae
1338 1635 1621 1697 videntur
1675 1634 1982 1715 indicare3
2041 1638 2189 1713 quin
2250 1637 2427 1697 etiam
2476 1655 2595 1697 uno

351 1742 514 1799 eerte
573 1739 844 1817 exemplo
905 1740 990 1800 eis
1034 1740 1401 1815 argumentis
1462 1739 1656 1799 evinci
1697 1742 1916 1817 potest,
1969 1757 2126 1818 quae
2181 1757 2314 1799 mea
2356 1738 2593 1816 quidem

351 1843 649 1903 sententia
679 1841 826 1902 nihil
857 1842 1020 1902 dubii
1052 1843 1413 1919 relinquant.
1500 1843 1762 1903 Exstant
1806 1843 1881 1902 de
1927 1842 2192 1920 oraculo,
2237 1842 2398 1918 quod
2443 1846 2595 1903 trae-

348 1944 592 2004 tandum
639 1944 811 2004 nobis
854 1948 961 2022 est,
1005 1946 1118 2003 hae
1149 1944 1541 2004 narrationes.
1630 1943 1969 2005 Scholiasta
1992 1946 2177 2005 Arist.
2207 1944 2365 2005 Plut.
2401 1940 2591 2035 1902:

350 2041 528 2117 τινές
570 2057 778 2122 φασιν
823 2031 929 2105 ὅτι
976 2038 1050 2105 ἐν
1093 2052 1234 2116 τοῖς
1278 2045 1595 2116 παλαιοῖς
1636 2036 1908 2125 χρόνοις
1952 2036 2376 2126 ἰσχυρότατοι
2423 2025 2596 2126 ἦσαν

350 2140 415 2205 οἱ
464 2139 777 2229 Μιλήσιοι
825 2143 939 2207 καὶ
986 2133 1163 2207 ὅπου
1194 2142 1685 2226 προσετίθεντο
1717 2138 1990 2219 πάντως
2021 2141 2288 2208 ἐνίκων.
2378 2144 2602 2207 Πολυ-’

348 2240 597 2331 κράτης
642 2242 767 2313 οὐν
811 2238 849 2309 ὁ
894 2240 1152 2328 Σάμιος
1197 2247 1592 2330 συγκροτῶν
1637 2240 1942 2329 πόλεμον
1987 2240 2158 2330 πρός
2202 2267 2389 2321 τινας
2431 2234 2592 2330 ἤθε’·

352 2352 554 2434 λησεν
626 2369 873 2422 αυτους
930 2351 1158 2426 λαβεῖν
1220 2346 1311 2423 εἰς
1371 2348 1744 2432 συμμαχίαν
1811 2348 1924 2413 καὶ
1985 2346 2076 2424 εἰς
2134 2343 2215 2412 τὸ
2274 2358 2596 2431 μαντεῖον
2675 2391 2681 2395 1

350 2443 658 2536 απῆλθεν
703 2446 1064 2570 ἐρωτήσων
1109 2452 1263 2535 περὶ
1309 2446 1611 2515 τούτου·
1645 2475 1683 2516 ο
1716 2452 1785 2516 ὀὶ
1833 2448 1996 2528 θεὸς
2027 2448 2349 2537 ε’χρησεν·
2382 2445 2597 2536 υήσάν

349 2544 504 2618 ποτ’
550 2570 721 2637 ησαν
765 2545 1034 2637 αλκιμοι
1065 2548 1449 2638 Μιλήσιοι.α
1542 2560 1843 2621 Diodorus
1877 2557 2034 2632 [exo.
2066 2561 2199 2619 Vat.
2223 2555 2321 2619 38.
2351 2560 2406 2619 X
2438 2556 2595 2632 25.:]

356 2660 563 2739 Κᾶρες
608 2649 742 2721 {xo
784 2659 1067 2738 Περσῶν
1111 2651 1704 2741 καταπονούμενοι
1750 2653 2192 2743 ἐπηρώτησαν
2235 2655 2390 2742 περὶ
2437 2672 2593 2739 συμ-

348 2759 580 2843 μαχίας
627 2758 683 2824 εἰ
713 2753 1208 2843 προςλάβοιντο
1241 2759 1614 2844 Μιλησίους
1646 2755 2046 2844 συμμάχοις,
2092 2782 2129 2822 ο
2177 2758 2248 2823 δὲ
2281 2747 2592 2822 ἀνεῖλεν·

348 2857 595 2940 υπάλαι
652 2884 788 2925 ποτ
851 2858 1018 2945 ἦσαν
1075 2853 1337 2944 αλκιμοι
1386 2857 1720 2947 Μιλήσιοι.
1727 2867 1766 2893 “
1853 2867 2146 2928 Zenobius
2191 2866 2244 2924 V
2275 2861 2386 2924 80:
2430 2858 2595 2940 φασὶ

350 2985 508 3038 τους
554 2965 779 3048 Κᾶρας
823 2962 1374 3045 πολεμουμένους
1421 2955 1556 3026 υπὸ
1604 2964 1890 3047 Δαρείου
1942 2966 2067 3027 τοῦ
2113 2962 2380 3046 Πέρσου
2425 2983 2596 3024 κατα

353 3086 502 3128 τινα
547 3060 840 3129 παλαιάν
883 3065 1207 3148 μαντείαν
1240 3063 1592 3149 εἰρημένην
1637 3055 1866 3140 αυτοῖς
1895 3060 2056 3140 τούς
2087 3055 2594 3146 ἀλκιμωτάτους

350 3163 783 3248 προσθέσθαι
844 3161 1222 3249 συμμάχους
1287 3164 1515 3230 ἐλθεῖν
1562 3164 1627 3241 ἐς
1687 3165 2065 3250 Βραγχίδας
2126 3165 2239 3229 καὶ
2291 3160 2414 3228 τὸν
2459 3162 2600 3229 ἐκεῖ

352 3263 523 3331 θεὸν
566 3265 895 3352 ἐρωτῆσαι
961 3268 1016 3332 εἰ
1063 3267 1437 3353 Μιλησίοις
1492 3263 1918 3352 πρόσθοιντο
1982 3262 2362 3350 συμμάχους
2413 3285 2425 3299 ·
2471 3262 2596 3331 τὸν

350 3371 419 3435 δε
500 3361 1000 3454 ἀποκρίνασθαι
1054 3391 1065 3403 ·
1113 3365 1361 3451 υ,πάλαι
1434 3361 1589 3434 ποτ’
1647 3367 1816 3455 ἦσαν
1887 3363 2153 3454 ἄλκιμοι
2215 3365 2596 3455 Μιλήσιοι.α

351 3479 535 3540 Caras
582 3479 694 3539 hoe
739 3497 1089 3556 responsum
1137 3481 1214 3538 ab
1262 3479 1540 3556 Apolline
1585 3479 1889 3556 accepisse
1943 3481 2118 3538 etiam
2165 3478 2315 3538 alter
2356 3478 2593 3539 tertius·

349 3600 467 3658 que
531 3582 715 3644 schol.
774 3582 851 3641 ad
912 3584 1095 3642 Arist.
1140 3583 1297 3642 Plut.
1343 3578 1501 3638 1002
1563 3581 1940 3660 confirmant3
2003 3585 2216 3641 eontra
2271 3580 2460 3641 schol.
2517 3580 2596 3641 ad

340 3703 403 3743 -v.
441 3681 601 3741 1075
666 3679 870 3756 τινές,
931 3686 1151 3762 inquit,
1209 3691 1353 3753 τοῖς
1416 3679 1747 3764 Κυπρίοις
1806 3678 1966 3758 φασὶ
2032 3679 2241 3742 τοῦτο
2303 3674 2594 3762 ῥηθῆναι

347 3780 785 3863 βουλομένοις
831 3778 1001 3863 ἔχειν
1045 3776 1441 3865 συμμάχους.
1532 3786 1616 3845 At
1644 3804 1880 3847 versum
1928 3786 2096 3846 illum
2133 3804 2252 3845 non
2285 3786 2595 3845 oraculum

350 3888 455 3949 sed
501 3888 887 3966 proverbium
934 3889 1143 3967 fuisse,
1206 3892 1510 3950 Gustavus
1542 3887 1820 3949 Wolffius
1865 3881 2218 3968 [Porphyrii
2264 3889 2338 3948 de
2382 3887 2596 3964 philos.

350 4009 423 4050 ex
470 4010 628 4051 orae.
662 3991 831 4050 haur.
864 3990 993 4051 libr.
1023 3992 1236 4069 reliqu.
1266 4010 1324 4068 p.
1358 3988 1464 4063 74]
1500 3992 1586 4051 ita
1629 3990 2080 4068 demonstravit,
2121 3994 2187 4051 ut
2233 3991 2451 4050 nemini
2498 4007 2596 4050 res

350 4092 531 4152 dubia
576 4110 708 4153 esse
755 4094 958 4168 possit.
1046 4096 1309 4155 Primum
1354 4094 1509 4154 enim
1540 4094 1902 4172 Herodotus,
1945 4098 2012 4155 ut
2054 4099 2185 4154 erat
2216 4077 2595 4156 oraculorum

353 4195 851 4272 studiosissimus,
908 4197 958 4255 si
1020 4198 1258 4258 omnino
1322 4195 1470 4256 illud
1528 4198 1585 4256 ei
1646 4198 1850 4256 notum
1912 4195 2152 4272 fuisset,
2225 4196 2354 4254 sine
2413 4193 2596 4254 dubio

351 4296 671 4360 attulisset:
716 4296 821 4358 sed
853 4299 903 4358 si
943 4299 1104 4378 apud
1134 4318 1269 4360 eum
1313 4297 1534 4359 bellum
1577 4298 1733 4360 inter
1755 4297 1936 4362 Cares
1958 4298 2293 4376 Persasque
2353 4299 2592 4376 gestum
