3166 4871
2487 289 2601 347 161

359 447 620 540 ἀγῶνος
665 460 762 534 (cf.
809 480 862 519 v.
898 465 1043 532 785)
1089 462 1342 537 imagine
1387 461 1635 536 cogitat,
1680 480 1756 519 ex
1800 460 1935 537 ipsa
1980 460 2090 519 loci
2143 464 2357 518 natura
2419 465 2601 536 atquc

360 563 563 624 indole
634 563 1054 641 explicandum
1131 581 1282 638 esse,
1363 563 1735 623 enuntiatum
1808 560 1954 620 illud
2031 560 2275 638 imagini
2345 545 2605 638 ἀγῶνος

363 666 592 742 pariter
636 675 841 743 aptum
889 684 1038 736 esse,
1099 683 1170 724 ac
1216 682 1371 741 quae
1415 671 1783 742 sequuntur:
1845 652 2017 721 κατὰ
2055 651 2287 740 χώραν
2332 653 2503 741 ἔχειν
2547 672 2607 723 et

363 761 870 846 διαγωνίζεσθαι
931 760 1055 845 (ad.
1112 776 1313 827 enuut.
1367 757 1542 824 κατὰ
1597 783 1655 843 χ.
1720 755 1808 843 ἔχ.
1871 768 1945 825 cf.
2005 767 2108 824 Ar.
2155 766 2309 825 Plut.
2362 768 2482 827 367
2545 773 2606 826 et

362 890 497 948 equ.
529 868 735 942 1354).
809 870 1046 940 Dubito,
1093 888 1231 930 num
1261 869 1413 930 illud
1465 858 1723 945 ηέφεδρ.
1754 866 1961 926 καθ.“
2015 867 2128 927 hoc
2160 867 2291 928 loco
2336 869 2420 928 ita
2451 886 2606 930 com·

363 978 636 1050 paratum
684 974 788 1042 sit,
851 977 916 1032 ut
957 973 1034 1032 ad
1084 971 1454 1032 irridendum
1501 970 1803 1048 quendam
1865 975 2068 1046 aptum
2133 970 2335 1030 haberi
2399 973 2606 1049 possit.

362 1076 548 1136 Immo
590 1079 826 1136 Aeacus
870 1075 986 1135 hoc
1029 1075 1162 1135 loco
1207 1075 1534 1134 enuntiatis
1581 1073 1924 1132 certaminis
1968 1073 2225 1150 propriis
2281 1074 2483 1133 utitur.
2521 1105 2607 1114 —

361 1177 628 1253 Accedit,
687 1183 749 1238 ut
794 1178 976 1238 totius
1037 1178 1152 1237 loci
1199 1193 1413 1236 sensus
1456 1176 1680 1253 optime
1749 1193 1813 1235 se
1872 1175 2103 1246 habeat,
2149 1176 2198 1235 si
2243 1175 2431 1235 verba
2480 1164 2607 1248 ηὼς

363 1270 489 1360 ἔφη
555 1274 1042 1361 Κλειδημίδης“
1117 1279 1401 1339 vertimus
1473 1287 1586 1350 „ut
1646 1277 1731 1338 Cl.
1797 1276 2203 1338 affirmavit“:
2291 1277 2605 1352 Quomodo

363 1382 691 1461 Sophocles
739 1402 885 1461 erga
927 1382 1292 1459 Aeschylum
1338 1399 1470 1441 sese
1525 1382 1799 1459 gesserit,
1843 1380 2101 1456 Aeacus,
2162 1385 2226 1441 ut
2269 1382 2398 1458 ipse
2444 1381 2611 1458 vidit,

362 1504 460 1545 vv.
493 1488 859 1547 788-——790
903 1490 1176 1560 enarrat3
1222 1485 1367 1562 quid
1398 1483 1553 1544 idem
1602 1484 1661 1543 in
1705 1484 2028 1544 certamine
2058 1484 2319 1544 instante
2363 1489 2609 1545 acturus

364 1590 457 1660 sit,
503 1608 610 1666 per
654 1589 835 1648 alium
882 1590 1100 1649 certior
1159 1587 1354 1647 factus
1399 1588 1671 1647 versibus
1729 1585 2122 1663 sequentibus
2166 1585 2368 1647 tradit.
2454 1589 2605 1648 Tum

365 1693 413 1751 si
475 1691 788 1769 Sophoclis
855 1696 1127 1752 naturam
1189 1690 1304 1750 hac
1361 1690 1565 1750 fabula
1639 1688 1996 1766 descriptam
2060 1691 2339 1766 intueris,
2398 1691 2608 1750 melius

365 1795 689 1856 convenire
749 1794 916 1854 vides
957 1794 1268 1871 Sophocli,
1333 1792 1767 1852 modestissimo
1816 1791 2059 1861 homini,
2118 1791 2422 1851 occultare
2481 1792 2607 1852 sive

366 1900 556 1957 amico
616 1898 857 1974 quidem
919 1896 1311 1966 concredere,
1371 1912 1523 1971 quas
1576 1895 1637 1952 in
1702 1893 2027 1953 certamine
2087 1894 2345 1953 instante
2404 1901 2609 1971 partes

368 2003 747 2059 sustenturus
800 1999 906 2075 sit,
965 2015 1178 2074 quam,
1240 2001 1305 2056 ut
1348 1995 1651 2056 Meinekio
1713 1997 1772 2055 et
1829 1994 2066 2055 Kockio
2120 1996 2352 2072 placet,
2413 1997 2606 2073 palam

368 2100 775 2175 pronuntiare.
862 2098 1063 2171 Quare
1114 2097 1434 2158 Welckero
1484 2098 1778 2157 assentior
1826 2098 2019 2156 locum
2069 2103 2335 2157 nostrum
2382 2098 2466 2158 ita
2509 2117 2608 2157 ex-

369 2201 645 2277 plicanti:
698 2199 1058 2277 „Sophocles
1106 2201 1225 2276 hat,
1279 2201 1389 2260 wie
1434 2217 1501 2260 er
1545 2199 1704 2260 denn
1753 2199 1869 2259 still
1917 2198 2042 2259 und
2088 2200 2473 2277 gerauschlos
2518 2202 2607 2272 ist,

368 2304 496 2363 sich
543 2302 707 2363 nicht
749 2303 807 2362 in
853 2302 1083 2379 Reden‚
1144 2301 1404 2361 sondern
1463 2303 1539 2360 im
1585 2303 1766 2363 Thun
1813 2303 2068 2378 gezeigt‚
2127 2302 2293 2362 nicht
2338 2303 2465 2364 laut
2508 2324 2610 2364 an-

368 2405 722 2484 gekundigt,
779 2405 917 2467 dass
962 2423 1028 2466 er
1087 2403 1191 2465 mit
1234 2404 1553 2482 Euripides
1600 2405 1716 2465 den
1762 2404 1993 2482 Kampt'
2045 2405 2369 2466 t‘ortsetzen
2419 2407 2607 2480 wolle,

369 2509 629 2569 sondern
675 2526 740 2569 er
782 2509 888 2569 hat
930 2527 995 2569 es
1040 2527 1156 2568 nur
1200 2507 1333 2568 dem
1379 2492 1788 2568 Kleidemides
1835 2509 2055 2568 seinem
2107 2510 2462 2571 Vertrauten
2508 2530 2607 2588 ge·

366 2617 516 2690 sagt,
558 2610 750 2671 durch
796 2611 912 2671 den
960 2629 1028 2672 es
1084 2609 1664 2689 herausgekommen
1709 2605 1838 2671 ist.“
1927 2606 2130 2687 (Aum.
2187 2630 2294 2672 zur
2340 2612 2608 2686 Uebers.)

369 2715 562 2788 Quum
610 2715 793 2793 igitur
822 2712 1151 2792 Sophocles
1182 2714 1564 2776 Clidemidem
1599 2715 1983 2775 consiliorum
2030 2732 2271 2775 suorum
2305 2716 2608 2775 conscium

366 2816 708 2887 reddiderit,
744 2818 856 2877 hoc
877 2817 1116 2894 quidem
1140 2817 1329 2878 eloco
1356 2822 1559 2877 nostro
1589 2815 1994 2894 colligendum
2023 2833 2156 2876 esse
2187 2816 2329 2876 mihi
2352 2815 2610 2893 videtur,

368 2918 752 2979 Clidemidem
798 2918 1146 2979 familiarem
1191 2918 1376 2978 fuisse
1420 2917 1771 2994 Sophoclis3
1825 2919 2109 2994 quoniam
2156 2936 2436 2978 ranae-a.
2481 2923 2606 2980 405

369 3022 579 3081 doctae
626 3026 768 3080 suut
813 3024 874 3079 et
917 3038 1013 3080 res
1056 3020 1218 3095 apud
1264 3020 1488 3080 inferos
1530 3020 1628 3096 agi
1672 3019 1999 3097 finguntur,
2045 3024 2184 3080 ante
2231 3038 2453 3080 annum
2485 3026 2608 3083 405

369 3129 474 3183 aut
529 3122 661 3200 ipso
726 3121 841 3182 hoc
902 3138 1061 3181 anno
1107 3138 1246 3180 eum
1308 3125 1602 3182 mortuum
1662 3139 1794 3182 esse
1849 3121 2233 3181 statuendum
2292 3126 2400 3182 est.
2486 3122 2608 3182 Iam

367 3216 743 3286 'redeundum
786 3230 878 3285 est
920 3223 996 3283 ad
1028 3223 1316 3295 scholion,
1362 3243 1394 3284 e
1439 3243 1559 3302 quo
1604 3229 1759 3285 teste
1790 3224 2130 3285 Callistrato
2162 3223 2612 3301 (Aristophanis

371 3328 646 3405 Byzantii
694 3323 1016 3405 discipulo)
1063 3325 1451 3387 Clidemidem
1497 3326 1810 3404 Sophoclis
1854 3326 2058 3397 filium,
2102 3332 2256 3386 teste
2287 3327 2610 3404 Apollonio

370 3428 683 3507 Sophoclis
745 3429 1091 3490 histrionem
1156 3446 1290 3489 eum
1357 3429 1543 3490 fuisse
1602 3429 1894 3490 audimus.
1982 3430 2382 3491 Callistratum
2448 3431 2610 3507 quod

370 3532 614 3592 tradidit
657 3532 986 3610 conjecisse
1029 3549 1180 3592 voce
1247 3523 1474 3603 „focos-²
1527 3534 1794 3592 notatum
1840 3537 1930 3593 est
1988 3537 2047 3592 et
2090 3550 2161 3592 eo
2206 3531 2613 3609 confirmatur,

372 3633 533 3710 quod
596 3651 792 3711 neque
851 3652 887 3692 a
942 3634 1102 3693 vitae
1161 3632 1474 3710 Sophoclis
1537 3634 1766 3711 scriptt.
1831 3651 2027 3709 neque
2093 3653 2128 3693 a
2191 3631 2378 3695 Suida
2442 3636 2511 3702 (s.
2555 3655 2612 3696 v.

370 3730 738 3815 Σοφοκλῆς
800 3765 886 3776 -
952 3730 1198 3806 παῖδας
1259 3729 1332 3794 δὲ
1392 3719 1512 3805 οἷς
1570 3726 1757 3813 ἔσχεν
1811 3717 2031 3794 miton·
2095 3720 2355 3811 Ἰοφῶν,
2431 3736 2611 3797 Δεω-

372 3833 644 3918 σθένης,
689 3824 1023 3915 Ἀρίστων,
1068 3830 1455 3913 Στέφανος,
1503 3832 1977 3919 Μενεκλείδης)
2037 3838 2393 3900 Clidemides
2452 3839 2612 3901 filius

373 3944 750 4003 memoratur.
865 3942 940 4001 Et
1000 3940 1379 4001 Callistratus
1452 3940 1694 4017 quidem
1759 3941 2162 4019 conjecturam
2226 3959 2392 4001 suam
2467 3943 2609 4004 inde

370 4045 687 4121 protulisse
751 4044 889 4104 mihi
960 4042 1231 4120 videtur,
1304 4042 1465 4120 quod
1531 4043 2029 4104 necessitudinem
2092 4045 2395 4120 quandam
2458 4046 2613 4105 inter

372 4145 721 4222 Sophoclem
770 4157 830 4206 et
874 4145 1261 4207 Clidemidem
1311 4147 1720 4206 intercessisse
1769 4146 2080 4205 intellexit„

540 4251 663 4308 lam
710 4251 1037 4326 quaeritur,
1081 4247 1336 4309 cadatuc
1370 4247 1522 4307 idem
1571 4248 1629 4307 iu
1677 4247 1929 4308 alterum
1963 4248 2387 4325 Aristophanis
2431 4250 2609 4309 inter·
