3166 4871
579 271 703 335 348

577 447 861 524 expedire
907 453 1264 524 potuerunt3
1310 468 1509 526 neque
1540 451 1924 528 Borghesius‚
1972 471 2330 528 quamquam
2381 452 2605 530 optime
2647 453 2824 511 etiam

579 548 655 609 de
700 550 815 610 bac
861 569 926 610 re
970 556 1038 611 ut
1084 570 1320 629 semper
1363 552 1676 630 iudicavit,
1735 555 1980 614 multum
2027 554 2353 631 profecisse
2398 555 2827 614 existimandus

577 657 682 712 est.
786 653 1063 730 Namque
1124 654 1183 713 hi
1248 672 1451 714 omnes
1512 656 1838 716 minoribus
1897 656 2151 733 auxiliis,
2211 676 2388 733 quam
2437 676 2544 717 nos
2591 657 2667 716 ad
2712 657 2827 717 hoc

576 761 991 831 argumentum
1040 757 1417 816 tractandum
1463 763 1866 819 accesserunt.
1952 761 2177 819 Nostra
2206 763 2401 819 autem
2434 764 2648 837 aetate,
2693 777 2824 819 cum

578 875 654 917 ex
711 860 980 935 corporis
1037 861 1488 936 inscriptionum
1547 862 1860 921 latinarum
1906 861 2310 922 voluminibus
2357 861 2624 938 undique
2670 880 2828 922 nova

576 961 825 1019 materia
870 961 1146 1022 adhaec
1190 963 1387 1022 studia
1429 963 1840 1040 promovenda
1884 964 2083 1024 adlata
2128 965 2220 1040 sit,
2265 963 2538 1023 omnibus
2581 969 2641 1022 et
2684 965 2827 1023 scri-

575 1069 812 1140 ptorum
871 1068 932 1123 et
990 1065 1305 1124 titulorum
1366 1067 1718 1126 testimoniis
1782 1067 1857 1126 de
1902 1067 2120 1143 quovis
2165 1066 2373 1126 Italiae
2418 1065 2642 1144 oppido
2689 1084 2825 1126 con·

574 1165 761 1242 gestis
818 1170 999 1243 atque
1059 1166 1398 1227 diiudicatis
1458 1168 1609 1228 haec
1673 1170 1948 1245 quaestio
2012 1170 2144 1245 ipsa
2201 1170 2424 1246 poscit,
2501 1173 2568 1227 ut
2626 1168 2825 1228 denuo

572 1268 936 1329 instituatur.

747 1370 923 1445 Quod
955 1389 1088 1431 cum
1135 1374 1487 1449 coepissem,
1531 1373 1951 1433 benevolentia
1996 1373 2348 1433 Mommseni
2401 1379 2461 1433 et
2505 1375 2826 1434 Bormanni

576 1474 825 1550 egregia
868 1474 1106 1534 adiutus
1152 1493 1315 1544 sum;
1382 1476 1479 1534 hic
1525 1477 1678 1535 enim
1726 1475 2019 1553 permisit,
2074 1481 2139 1536 ut
2191 1478 2461 1553 corporis
2506 1475 2829 1552 volumina,

574 1593 794 1634 nonum
842 1582 904 1635 et
947 1575 1278 1652 decimum,
1338 1577 1606 1636 nondum
1671 1577 1833 1636 edita
1878 1577 1983 1637 sed
2029 1579 2189 1655 typis
2236 1595 2555 1653 expressa,
2615 1578 2714 1638 illc
2762 1583 2828 1635 ut

576 1678 873 1738 undecimi
904 1678 1158 1738 schedas
1203 1679 1500 1756 inspicere
1546 1680 1775 1739 liceret.
1863 1678 2070 1753 Quare
2116 1699 2294 1759 spero
2341 1680 2486 1752 fore,
2534 1686 2599 1740 ut
2642 1680 2826 1740 titulis

572 1780 676 1856 qui
735 1781 811 1839 ad
871 1779 1026 1840 hanc
1086 1782 1495 1858 quaestionem
1556 1781 1982 1842 instituendam
2051 1800 2206 1858 opus
2264 1788 2438 1860 sunt,
2513 1801 2656 1842 usus
2715 1784 2824 1841 sim

574 1882 875 1953 omnibus;
950 1882 999 1943 si
1060 1884 1379 1944 nonnullos
1424 1884 1523 1944 vel
1585 1885 1897 1961 graviores
1969 1884 2370 1961 neglexerim,
2448 1903 2580 1946 mea
2646 1886 2826 1962 culpa

574 1984 793 2045 factum
852 2004 984 2045 esse
1042 1986 1342 2063 profiteor.
1448 1988 1634 2046 Venia
1689 1993 1885 2047 autem
1945 1987 2206 2065 petenda
2265 1994 2355 2047 est
2410 1988 2581 2058 mihi,
2659 1987 2822 2063 quod

573 2106 707 2146 cum
783 2086 1220 2148 dissertationis
1294 2094 1533 2166 partes,
1608 2089 1681 2148 de
1743 2089 1962 2165 quibus
2024 2090 2294 2168 corporis
2365 2090 2821 2167 inscriptionum

571 2189 975 2250 voluminibus
1041 2191 1183 2266 ipsis
1251 2208 1395 2249 usus
1460 2192 1597 2267 sim,
1659 2192 1793 2249 aliis
1857 2190 2031 2251 valde
2090 2197 2427 2267 praestent,
2497 2191 2824 2269 disputatio

572 2311 704 2352 mea
745 2292 1172 2369 aequabilitate
1218 2298 1399 2352 caret.
