3166 4871
2477 289 2598 353 195

360 481 511 539 quas
555 464 749 540 egerit
789 462 1008 523 fabulis
1053 463 1304 540 primum
1353 463 1412 521 in
1460 479 1694 521 scenam
1744 460 2065 539 prodiisse,
2127 462 2187 521 id
2233 462 2395 540 quod
2446 465 2599 523 male

361 566 643 625 convenit
700 566 770 624 iis
831 564 1078 636 fabulis,
1139 565 1196 624 iu
1257 564 1479 640 quibus
1538 564 1731 640 prima
1786 563 1973 623 verba
2033 564 2432 624 secundarum
2496 576 2603 626 aut

360 669 672 728 tertiarum
704 668 960 745 partium
992 667 1180 727 actori
1212 674 1354 726 sunt
1381 665 1652 725 dicenda.
1734 667 2108 742 Boettigerus
2155 664 2316 743 (opp.
2360 686 2418 745 p.
2452 669 2600 741 325)

364 769 523 829 huuc
582 771 777 831 locum
829 771 1148 830 obscurum
1195 769 1278 829 ita
1323 769 1602 844 explicat,
1668 774 1731 827 ut
1774 768 2198 840 Theodorum,
2260 771 2356 829 cui
2401 777 2603 848 partes

365 891 518 950 quas
575 874 687 951 ipsi
741 873 966 933 libitum
1026 878 1186 932 esset
1243 873 1469 949 eligere
1530 873 1793 946 licuerit,
1857 872 2031 931 modo
2096 872 2319 948 primas
2377 878 2604 934 statuat

367 976 540 1035 modo
585 976 878 1035 secundas
924 976 1137 1052 egisse.
1224 975 1401 1049 Quod
1449 976 1505 1033 in
1555 973 1857 1033 nonnullis
1904 972 2121 1035 fabulis
2166 973 2295 1034 fieri
2340 978 2605 1052 potuisse

367 1076 722 1138 Schaeferus
765 1076 825 1151 (l.
856 1079 894 1137 l.
925 1078 969 1154 1,
1001 1075 1150 1149 218)
1183 1076 1476 1148 concedit,
1525 1077 1751 1136 mavult
1793 1082 1991 1136 autem
2038 1079 2321 1137 rationem
2370 1078 2446 1138 ab
2493 1080 2605 1139 hoe

367 1185 567 1239 actore
612 1179 939 1240 adhibitam
976 1180 1329 1241 histrionum
1361 1178 1924 1255 interpolationibus
1955 1197 2217 1256 aequare
2247 1180 2606 1259 saepiusque

370 1282 652 1359 opinatur
692 1282 1111 1358 Theodorum,
1169 1288 1236 1342 ut
1295 1283 1510 1342 ceteris
1571 1282 1738 1359 prior
1782 1282 2272 1361 progrederetur,
2330 1285 2605 1344 traditam

371 1383 706 1444 fabularum
761 1384 1011 1445 formam
1075 1386 1159 1444 ita
1200 1385 1571 1461 immutasse,
1634 1387 1701 1443 ut
1756 1384 1946 1462 ipsius
1991 1389 2196 1461 partes
2240 1386 2430 1462 primo
2476 1386 2609 1446 loco

370 1487 715 1547 collocaret.
756 1518 843 1527 —
888 1487 1004 1548 Sed
1052 1486 1329 1565 equidem
1364 1506 1401 1546 a
1430 1505 1521 1545 mc
1552 1488 1872 1563 impetrare
1904 1504 2022 1547 non
2055 1505 2320 1566 possum,
2363 1493 2429 1548 ut
2474 1507 2606 1549 cum

372 1587 695 1651 Schaefero
740 1591 974 1650 ratione
1016 1589 1402 1650 Theodorum
1448 1608 1621 1649 usum
1669 1607 1804 1670 esse
1848 1595 2125 1667 statuam,
2168 1610 2326 1667 quae
2371 1593 2610 1652 omnino

375 1690 709 1752 fabularum
758 1694 1169 1771 compositioni
1212 1693 1519 1752 adversari
1566 1692 1706 1751 mihi
1740 1692 1994 1752 videtur.
2058 1691 2126 1751 Id
2169 1694 2407 1769 quidem
2440 1713 2611 1756 nemo

373 1812 494 1854 non
528 1795 706 1865 videt,
743 1795 889 1856 alias
919 1813 1052 1856 esse
1081 1796 1435 1856 histrionum
1466 1795 1978 1872 interpolationes,
2010 1795 2167 1853 aliud
2203 1795 2364 1871 quod
2397 1796 2613 1856 Schne-

377 1896 546 1955 ferus
589 1897 912 1958 Theodoro
958 1898 1196 1973 tribuit3
1256 1899 1577 1957 histriones
1624 1899 1859 1956 constat
1906 1915 2087 1956 unum
2133 1915 2401 1975 versum,
2447 1898 2613 1968 duos,

376 2003 519 2074 tres,
563 1998 765 2074 plures
797 1999 1115 2068 addidisse,
1161 2001 1448 2075 omisisse,
1495 2003 1771 2068 mutasse,
1813 2000 2280 2075 transposuisse3
2325 2019 2445 2060 non
2479 2019 2614 2060 con·

378 2105 497 2159 stat
554 2106 616 2160 et
658 2120 868 2178 parum
931 2102 1249 2161 verisimile
1310 2101 1581 2177 videtur,
1641 2106 1795 2160 totas
1850 2119 2236 2177 personarum
2296 2106 2499 2180 partes
2542 2104 2616 2163 ab

380 2203 669 2262 histrione
712 2204 1105 2281 transpositas
1151 2203 1368 2263 fuisse:
1415 2204 1575 2263 Fieri
1624 2204 1737 2263 hoc
1784 2223 1902 2263 non
1952 2205 2147 2280 potuit
2192 2206 2302 2264 nisi
2350 2206 2618 2266 maximis

381 2306 682 2382 superatis
725 2305 1193 2365 difficultatibus.
1281 2304 1481 2379 Quare
1526 2305 1779 2365 subiisse
1823 2305 2210 2367 Theodorum
2250 2308 2416 2368 initio
2453 2308 2609 2368 fabu-

384 2408 571 2467 larum
627 2409 920 2486 cujusque
980 2408 1204 2470 ordinis
1247 2412 1451 2487 partes
1514 2427 1874 2486 quamquam
1942 2409 2150 2470 mirum
2209 2413 2404 2471 tamen
2470 2412 2618 2472 veri-

383 2512 634 2571 similius
678 2512 817 2572 mihi
862 2512 1104 2571 videtur
1147 2529 1325 2589 quam
1372 2511 1534 2587 quod
1575 2510 1934 2572 Schaeferus
1978 2514 2309 2590 proposuit.
2396 2515 2619 2574 Proba·

383 2614 651 2673 biliorcm
712 2615 829 2675 loci
884 2615 1064 2691 hujus
1117 2614 1370 2674 difficilis
1415 2614 1757 2690 explicandi
1806 2614 2096 2675 rationem
2144 2634 2354 2676 eruere
2398 2616 2623 2678 frustra

384 2722 637 2777 conatus
700 2736 863 2795 sum,
939 2718 1268 2794 dubitoque
1331 2736 1470 2777 num
1530 2718 1765 2776 tertiam
1832 2718 2169 2792 explicandi
2226 2720 2378 2778 viam
2440 2720 2623 2779 verba

383 2819 608 2881 tradita
653 2822 894 2881 omnino
939 2820 1271 2880 admittant.

554 2923 714 3000 Apte
788 2923 1046 2998 denique
1113 2921 1417 2981 Theodori
1489 2919 1702 2981 laudes
1772 2919 2083 2998 praedicat
2149 2923 2356 2997 paucis
2428 2921 2624 2982 verbis

388 3025 742 3101 Pausanias,
802 3024 903 3100 qui
968 3027 1409 3084 monumentum
1477 3023 1748 3081 histrioni
1814 3022 2145 3082 clarissimo
2192 3025 2447 3100 positum
2498 3025 2623 3102 ipse

379 3128 504 3203 jam
560 3126 735 3204 vidit,
797 3127 855 3185 in
915 3125 972 3184 d.
1031 3126 1133 3185 Gr.
1195 3127 1249 3202 1,
1303 3129 1417 3195 37,
1477 3129 1546 3185 3:
1628 3117 1839 3204 „lev
1901 3119 1973 3184 δὲ
2029 3111 2071 3204 ἢ
2135 3118 2436 3205 διαβῆναι
2503 3116 2626 3184 τὸν

389 3218 722 3307 Κηφισὸν,
772 3216 1131 3306 θεοὸώρου
1174 3212 1396 3306 μνῆμά
1448 3218 1588 3285 ἐστι
1630 3220 2015 3305 τραγῳδίαν
2077 3210 2629 3307 ὑποκριναμένου

387 3329 528 3390 τῶν
571 3316 947 3391 καθἀὑτὸν
995 3317 1280 3407 ἄριστα.“

562 3438 628 3495 ln
690 3432 873 3495 dubio
929 3439 1197 3493 remanet
1256 3451 1395 3492 num
1441 3430 1799 3492 Theodorus
1860 3431 2066 3493 histrio
2120 3434 2491 3510 significetur
2536 3454 2630 3512 ap.

390 3539 608 3598 Athen.
651 3538 752 3615 XI,
793 3555 851 3614 p.
895 3530 1072 3613 482⁶,
1125 3541 1185 3596 et
1241 3535 1421 3596 Arist.
1463 3536 1614 3595 rhet.
1660 3535 1765 3613 111,
1813 3539 1886 3595 11
1948 3533 2097 3607 (,,-
2140 3527 2220 3595 τὸ
2271 3526 2630 3615 Θεοδώρου

393 3632 484 3710 εἰς
529 3634 808 3698 Νίκωνα
851 3629 975 3698 τὸν
1018 3628 1415 3718 κιθαρῳδὸν
1456 3636 1583 3709 -).

563 3741 775 3816 Quarti
819 3743 1072 3820 saeculi,
1129 3743 1342 3803 aetatis
1384 3746 1583 3803 autem
1640 3742 1923 3818 incertae,
1980 3741 2420 3819 tragoediarum
2467 3746 2633 3801 actor

393 3847 671 3925 idemque
729 3864 958 3924 coquus
1012 3845 1125 3905 fuit
1170 3844 1367 3904 Simus
1409 3844 1483 3904 ab
1529 3843 1749 3903 Athen.
1793 3844 1893 3916 lV‚
1940 3863 1998 3920 p.
2046 3837 2196 3905 164b
2246 3862 2321 3904 ex
2368 3843 2633 3903 Alexidis

394 3949 654 4027 quadam
700 3948 908 4009 fabula
964 3952 1353 4009 memoratus:
1413 3948 1449 4006 l.
1479 3946 1517 4005 l.
1560 3948 1717 4007 inter
1760 3964 1825 4006 se
1871 3946 2298 4023 colloquuntur
2341 3946 2529 4005 Linus
2575 3949 2636 4004 et

395 4054 720 4114 Ilei-cules:

488 4153 582 4228 „A
625 4186 709 4195 --
754 4143 1128 4229 φιλόσοφός
1172 4171 1270 4223 τις
1315 4139 1391 4225 εἷ,

483 4243 789 4335 εὔδηλον,
836 4244 911 4327 ὃς
953 4249 1187 4334 παρεὶς
1230 4250 1525 4313 τοσαῦτα
1571 4238 1923 4332 γράμματα
