3166 4871
2527 314 2650 375 267

403 475 621 565 Ἔρδοι
650 504 753 558 τις
775 532 788 544 .
812 533 824 544 .
847 531 861 546 .
894 489 1052 563 „lam
1078 507 1220 547 vero
1253 488 1602 547 omncs·loci
1635 488 1848 563 prolati
1880 491 2039 563 suut,
2069 489 2289 564 quibus
2312 487 2518 548 Cicero
2550 495 2654 548 aut

413 589 488 648 de
519 589 922 666 Aristophane
944 590 1181 666 judicat
1209 598 1314 649 aut
1346 608 1558 649 versus
1590 609 1663 648 ex
1696 590 1827 667 ejus
1859 590 2181 649 comoediis
2211 590 2459 668 profert.
2533 590 2648 664 Qui

414 710 590 768 quam
636 693 812 769 pauci
858 698 918 752 et
964 693 1170 769 quales
1201 693 1337 768 sint,
1382 692 1430 751 si
1477 693 1614 769 quis
1659 692 2146 769 consideraverit,
2192 711 2311 753 non
2358 693 2655 753 dubitabit

417 795 756 855 concedere
791 795 1269 854 verisimillimum
1316 812 1447 853 esse
1485 805 1592 853 aut
1636 796 1874 854 omnino
1919 795 2141 854 nullam
2188 800 2293 854 aut
2322 812 2656 873 perpaucas

415 896 751 956 comoedias
814 897 991 973 hujus
1052 903 1267 974 poetae
1328 898 1380 955 ei
1454 905 1630 956 notas
1689 895 1888 955 fuisse.
1993 896 2194 967 Adde,
2256 897 2417 974 quod
2478 900 2653 957 etiam

414 998 545 1057 aliis
591 1016 667 1057 ex
727 1000 906 1058 rebus
952 1001 1097 1058 satis
1154 999 1538 1075 cognoscitur
1582 999 2002 1074 Aristophanis
2046 998 2384 1059 comoedias
2442 1017 2653 1076 parum

417 1119 550 1161 eum
597 1107 899 1161 tractasse.
968 1101 1122 1160 Nam
1155 1100 1275 1161 duo
1307 1108 1557 1178 tantum,
1605 1100 1766 1178 quod
1811 1101 2013 1177 sciam,
2058 1107 2299 1162 exstant
2347 1102 2480 1180 loci,
2525 1104 2655 1181 qui·

418 1204 527 1263 bus
580 1203 952 1263 consuetudo
1008 1203 1111 1263 illa
1173 1210 1435 1264 veterum
1499 1205 1886 1279 comicorum,
1948 1222 2024 1263 ex
2083 1222 2206 1281 qua
2264 1204 2534 1265 homines
2596 1208 2654 1267 in

418 1306 658 1366 civitate
714 1312 1013 1383 potentes,
1077 1308 1427 1383 praesertim
1474 1306 1522 1365 si
1578 1307 1690 1383 ipsi
1738 1325 1774 1364 a
1828 1307 2130 1366 contraria
2173 1313 2347 1384 parte
2405 1308 2660 1386 stabant,

419 1409 726 1485 exagitare
770 1416 955 1486 atque
999 1409 1250 1469 irridere
1294 1408 1597 1485 solebant,
1653 1409 1711 1467 in
1770 1410 2109 1468 memoriam
2153 1415 2421 1470 vocatur.
2440 1407 2519 1480 ⁸²)
2572 1442 2658 1451 —

419 1511 509 1570 Ex
555 1511 647 1570 his
706 1510 849 1570 locis
909 1511 1147 1570 minime
1202 1511 1396 1587 colligi
1436 1528 1628 1587 posse
1674 1510 2020 1571 Ciceronem
2084 1517 2320 1572 veteres
2363 1512 2498 1572 illas
2563 1532 2658 1575 co·

421 1612 684 1672 moedias
739 1612 952 1689 legisse
997 1613 1377 1691 perspicuum
1425 1619 1530 1673 est.
1620 1612 1843 1680 Contra
1887 1621 2122 1691 autem,
2182 1633 2361 1691 quam
2408 1634 2659 1691 parvam

419 1732 661 1792 operam
693 1713 768 1773 ad
816 1733 916 1775 eas
948 1716 1399 1793 cognoscendas
1430 1715 1766 1787 contulerit,
1811 1733 1883 1776 eo
1917 1715 2154 1776 videtur
2192 1717 2452 1794 probari,
2495 1718 2659 1794 quod

421 1836 496 1877 ne
529 1836 648 1877 uno
694 1818 936 1894 quidem
985 1820 1118 1878 loco
1152 1823 1438 1878 memorat
1480 1846 1568 1860 —
1611 1824 1679 1878 ut
1721 1819 1868 1877 alios
1899 1818 2161 1878 omittam
2207 1848 2293 1858 —
2328 1819 2660 1898 Aspasiam,

421 1919 815 1989 Lamachum,
883 1920 1148 1990 Niciam,
1218 1921 1705 1997 Demosthenem,
1777 1919 2113 1991 Socratem,
2168 1919 2515 1998 Euripidem
2582 1923 2659 1983 ab

421 2021 825 2098 Aristophane
872 2023 1208 2099 ceterisque
1245 2022 1547 2081 veteribus
1594 2022 1833 2080 comicis
1877 2022 2225 2099 saepissime
2255 2041 2384 2083 esse
2426 2024 2661 2085 acerbis

422 2123 649 2183 facetiis
693 2123 901 2182 irrisos
945 2130 1005 2183 et
1063 2122 1224 2200 quod
1271 2142 1345 2183 ex
1392 2123 1590 2183 multis
1635 2124 1753 2182 illis
1806 2124 2081 2201 personis
2138 2125 2213 2184 ab
2258 2126 2661 2204 Aristophane

423 2224 596 2304 fictis,
640 2244 674 2285 e
718 2224 932 2301 quibus
981 2225 1393 2303 Dicaeopolin,
1437 2226 1857 2295 Pithetaerum,
1905 2226 2259 2303 Euelpidem
2304 2246 2663 2290 memorasse

421 2326 677 2405 sufficit,
740 2346 816 2387 ne
863 2329 1041 2388 unius
1086 2328 1327 2405 quidem
1374 2327 1518 2388 fecit
1571 2329 1950 2388 mentionem.
2037 2328 2213 2402 Quod
2259 2329 2382 2409 ille,
2437 2332 2662 2409 quippe

422 2431 521 2508 qui
548 2429 947 2502 libentissime,
980 2438 1272 2509 quantum
1297 2431 1541 2508 legeret,
1582 2428 1966 2508 significaret,
1997 2431 2123 2492 siue
2153 2431 2334 2494 dubio
2370 2453 2487 2495 non
2521 2435 2661 2496 omi—

422 2535 616 2609 sisset,
660 2534 708 2594 si
757 2541 993 2594 veteres
1036 2535 1372 2594 Atticorum
1435 2535 1694 2594 comicos
1740 2535 1944 2611 paullo
1997 2536 2337 2596 accuratius
2393 2539 2663 2614 cognitos

423 2635 742 2697 habuisset.
832 2639 1099 2712 Quorum
1148 2636 1616 2714 magnitudinem
1663 2655 1839 2713 quam
1885 2655 2001 2698 uon
2051 2640 2443 2716 perspexerit,
2485 2642 2663 2701 etiam

423 2757 497 2799 ex
530 2757 601 2800 eo
647 2739 960 2817 colligitur,
1006 2740 1167 2817 quod
1211 2757 1329 2799 non
1376 2740 1504 2799 sine
1547 2738 1807 2816 quadam
1838 2739 2206 2800 assensionis
2235 2740 2664 2818 significatione

424 2860 510 2901 or.
542 2846 620 2903 67
668 2860 872 2902 eorum
934 2841 1168 2919 profert
1213 2842 1587 2918 opinionem,
1644 2840 1864 2917 quibus
1906 2839 2176 2901 Platonis
2235 2849 2295 2902 et
2337 2844 2664 2904 Democriti

423 2943 643 3002 locutio
715 2942 916 3018 potius
986 2943 1302 3003 videbatur
1365 2960 1606 3019 poema,
1674 2960 1854 3020 quam
1915 2943 2275 3002 comicorum
2335 2949 2669 3022 poetarum,

430 3044 624 3122 „apud
672 3047 886 3122 qu0s“,
945 3050 1010 3104 ut
1066 3043 1255 3121 ipsius
1300 3035 1499 3104 'verbis
1545 3048 1699 3121 utar,
1762 3044 1911 3116 „nisi
1965 3043 2128 3120 quod
2174 3045 2449 3105 versiculi
2510 3051 2666 3118 sunt,

427 3146 573 3206 nihil
619 3150 712 3205 est
768 3145 928 3206 aliud
976 3146 1305 3224 quotidiani
1354 3145 1642 3206 dissimile
1701 3144 2041 3206 sermonis.“
2136 3146 2268 3205 Hoc
2310 3148 2467 3206 euim
2505 3147 2668 3225 jndi-

426 3249 579 3308 cium
612 3266 973 3325 quamquam
1003 3250 1063 3308 in
1094 3249 1356 3309 recentis
1387 3247 1733 3309 comoediae
1778 3252 1988 3324 poetas
2017 3247 2177 3307 haud
2211 3249 2363 3309 male
2393 3250 2669 3330 quadrat,

425 3355 620 3410 tamen
682 3352 742 3411 in
810 3357 1074 3412 veterem
1137 3352 1511 3428 maximeque
1595 3351 1653 3409 iu
1727 3347 2227 3427 Aristophaneam
2301 3351 2665 3413 comoediam

600 3600 669 3666 ⁸²)
702 3595 772 3653 cf.
810 3598 863 3652 d.
900 3612 1018 3669 rep.
1054 3603 1103 3664 4,
1145 3602 1233 3653 ll:
1291 3599 1463 3665 Quem
1501 3597 1599 3652 illa
1631 3597 1969 3665 (comoedia)
2004 3613 2116 3653 non
2140 3599 2332 3668 attigit
2364 3599 2453 3655 vel
2476 3601 2670 3670 potius

428 3697 592 3750 quem
631 3698 740 3736 non
783 3682 1048 3738 vexavit?
1106 3682 1198 3737 cui
1222 3683 1513 3754 pepercit?
1570 3684 1735 3737 Esto:
1772 3683 2072 3751 populares
2097 3683 2345 3740 homines
2366 3684 2668 3755 improbos,

426 3769 482 3824 in
530 3782 588 3822 re
634 3767 862 3838 publica
912 3768 1214 3823 seditiosos
1268 3768 1548 3837 Cleonem,
1596 3767 2013 3836 cleophontem,
2067 3767 2451 3840 Hyperbolum
2488 3770 2669 3826 laesit.

425 3855 730 3921 Patiamur,
775 3855 882 3907 etsi
936 3853 1209 3924 ejusmodi
1255 3853 1411 3909 cives
1457 3869 1490 3907 a
1526 3869 1758 3908 censore
1810 3854 2009 3908 melius
2046 3863 2158 3920 est,
2214 3869 2379 3924 quam
2415 3869 2449 3909 a
2483 3864 2668 3925 poeta,

429 3943 641 3995 notari:
677 3940 778 3994 sed
814 3938 1097 4006 Periclem,
1133 3955 1256 3993 cum
1284 3939 1405 4010 jam
1441 3953 1577 3993 suae
1614 3938 1830 3994 civitati
1866 3939 2102 3993 maxima
2134 3940 2465 3995 auctoritate
2501 3940 2672 4010 pluri-

430 4041 549 4081 mos
584 4041 762 4079 annos
799 4024 944 4079 domi
981 4031 1038 4078 et
1073 4023 1204 4079 belli
1241 4022 1603 4093 praefuisset,
1658 4024 1854 4079 violari
1903 4024 2160 4080 versibus
2203 4032 2263 4080 et
2307 4024 2575 4093 exagitari
2610 4026 2669 4080 in

429 4126 632 4166 scaena
665 4127 775 4165 non
824 4111 951 4180 plus
997 4109 1203 4175 decuit,
1249 4123 1414 4178 quam
1442 4148 1456 4163 .
1482 4150 1494 4163 .
1521 4150 1533 4162 .
1572 4109 1775 4176 (Cleon
1810 4117 2100 4179 praeterea
2135 4108 2497 4165 turbulentus
2530 4110 2672 4165 civis

429 4197 745 4265 appellatur
782 4197 934 4250 Brut.
973 4198 1091 4263 28);
1126 4196 1280 4249 Brut.
1319 4197 1444 4248 224:
1482 4193 1814 4249 Saturninus
1839 4233 1853 4247 .
1878 4233 1892 4247 .
1918 4235 1930 4248 .
1956 4194 2270 4249 simillimus
2305 4192 2670 4250 Atheniensis

434 4282 753 4353 Hyperboli,
771 4281 930 4351 cujus
950 4281 1356 4350 improbitatem
1382 4287 1601 4335 veteres
1625 4277 1946 4334 Atticorum
1966 4279 2284 4334 comoediae
2304 4285 2660 4335 notaverunt.
