3166 4871
580 302 653 362 12
1570 298 1826 353 Zacher

572 476 681 536 has
726 475 878 535 duas
922 481 1167 536 naturas
1216 475 1424 535 eodem
1471 480 1741 553 tempore
1784 476 1942 536 inter
1987 495 2051 537 se
2099 477 2311 536 mutari
2345 475 2579 536 misceri
2612 494 2810 552 neque

571 579 810 638 omnino
856 596 1034 655 posse
1080 578 1385 655 distingui.

610 663 614 667 ¹
739 673 805 739 4.
872 680 1074 756 Atque
1120 679 1272 739 idem
1318 698 1517 739 rerum
1565 683 1758 739 status
1801 680 1988 740 fuisse
2018 680 2259 740 videtur
2287 681 2450 758 apud
2481 681 2813 740 Lesbios.

570 783 725 842 Nam
795 800 979 858 quum
1045 782 1413 859 grammatici
1481 781 1770 860 doceant,
1832 781 2081 841 Lesbios
2143 783 2446 860 expulisse
2492 800 2514 839 ι
2576 800 2650 841 ex
2726 780 2809 840 di-

570 884 911 960 phthongis,
959 885 1208 943 maxime
1255 900 1320 941 αι
1354 888 1414 942 et
1444 900 1530 955 οι,
1578 890 1716 943 ante
1750 888 2094 960 sequentem
2128 885 2415 961 vocalem,
2462 885 2522 943 in
2555 884 2808 959 inscrip-

569 986 835 1045 tionibus
880 990 1076 1045 autem
1125 1003 1167 1043 α
1212 986 1396 1044 multo
1444 985 1640 1046 rarius
1685 1005 1863 1062 quam
1896 1004 1988 1063 αι,
2034 1003 2071 1043 o
2118 986 2299 1063 paulo
2345 988 2583 1063 saepius
2629 1003 2808 1062 quam

569 1106 633 1147 οι
678 1089 1041 1164 reperiatur,
1086 1092 1147 1147 et
1190 1089 1250 1146 in
1295 1092 1607 1163 poetarum
1669 1086 2020 1164 fragmentis
2073 1089 2313 1165 saepius
2359 1087 2600 1164 quidem
2647 1088 2810 1146 inve-

568 1192 811 1251 niantur
859 1190 1158 1249 voeabula
1202 1208 1358 1265 quae
1404 1196 1742 1267 correptam
1791 1190 2048 1250 habeant
2092 1190 2549 1266 diphthongum,
2594 1188 2813 1265 quibus

565 1293 689 1352 iota
735 1298 1082 1352 exemerunt
1126 1292 1403 1370 editores,
1448 1292 1554 1352 sed
1603 1292 1860 1352 traditae
1893 1292 2243 1369 plerumque
2273 1293 2393 1352 sint
2436 1291 2812 1368 diphthongi,

567 1394 793 1472 duplex
836 1397 1078 1472 praesto
1123 1398 1215 1455 est
1257 1393 1595 1471 explicatio.
1681 1395 1806 1454 Aut
1835 1412 2041 1455 verum
2085 1398 2192 1473 est,
2234 1393 2398 1471 quod
2442 1392 2813 1470 grammatici

567 1496 801 1557 dieunt:
875 1496 1093 1557 Aeoles
1157 1514 1373 1556 revera
1445 1515 1554 1573 pro
1621 1514 1686 1554 αι
1755 1500 1815 1556 et
1874 1513 1939 1554 οι
1996 1502 2134 1557 ante
2177 1497 2422 1557 vocales
2481 1513 2810 1573 usurpave-

566 1602 707 1660 runt
752 1616 795 1656 α
840 1604 900 1658 et
943 1614 1012 1676 0,
1080 1599 1138 1658 in
1204 1599 1391 1659 titulis
1451 1604 1651 1658 autem
1712 1599 1829 1658 illis
1890 1616 1958 1656 αι
2018 1602 2078 1658 et
2120 1615 2188 1657 οι
2250 1616 2412 1658 more
2478 1601 2809 1658 ceterorum

566 1700 934 1762 Graecorum
995 1702 1292 1760 communi
1359 1701 1620 1779 positum
1687 1704 1778 1760 est
1834 1732 1918 1741 —
1977 1702 2140 1778 quod
2201 1719 2411 1779 parum
2474 1700 2812 1778 verisimile,

565 1822 746 1881 quum
800 1803 1040 1863 illorum
1088 1804 1395 1863 titulorum
1439 1803 1481 1862 ii
1527 1807 1689 1863 certe
1750 1821 1902 1880 quos
1948 1803 2209 1864 Oonzius
2271 1804 2332 1863 in
2376 1804 2444 1864 it.
2487 1803 2666 1863 Lesb.
2711 1821 2810 1862 ex-

566 1905 762 1983 hibet,
836 1909 895 1965 et
954 1904 1472 1965 Boeokhianorum
1559 1924 1656 1965 no.
1721 1900 1903 1964 2166.
1971 1901 2135 1962 2167
2205 1904 2538 1965 Alexandri
2611 1907 2812 1983 magni

566 2012 763 2067 aetate
808 2007 1015 2083 scripti
1062 2013 1324 2067 ceterum
1373 2025 1603 2068 merum
1647 2007 1971 2067 exhibeant
2001 2008 2374 2068 aeolismum:
2423 2039 2503 2048 -
2534 2013 2638 2067 aut
2665 2008 2809 2068 Les·

564 2109 675 2170 biis
716 2109 871 2169 idem
917 2108 1031 2169 fuit
1080 2128 1206 2169 mos
1267 2109 1368 2187 qui
1418 2109 1916 2188 Atheniensibus,
1975 2114 2039 2169 ut
2097 2114 2407 2170 attenuato
2467 2110 2588 2170 iota
2632 2110 2808 2187 diph-

564 2212 819 2287 thongos
865 2216 1003 2271 ante
1049 2216 1402 2289 sequentem
1450 2212 1716 2271 vocalem
1766 2212 2155 2289 corriperent,
2201 2230 2324 2289 qua
2367 2230 2431 2272 re
2462 2211 2684 2272 sactum
2718 2216 2811 2272 est

567 2322 632 2371 ut
674 2314 1008 2389 posteriore
1055 2313 1313 2390 quodam
1359 2318 1644 2390 tempore,
1691 2318 1826 2389 post
1855 2315 2268 2373 Alexandrum
2316 2332 2613 2391 magnum,
2659 2316 2808 2373 haee

567 2415 791 2476 vocalis
835 2416 1015 2492 plane
1062 2419 1466 2476 evanesceret.
1552 2418 1684 2478 Jam
1730 2417 2114 2494 grammatici,
2159 2437 2339 2495 quum
2388 2435 2495 2478 suo
2540 2420 2810 2493 tempore

568 2519 816 2579 Lesbios
863 2537 904 2576 α
949 2523 1008 2578 et
1054 2535 1090 2577 ο
1136 2538 1247 2596 pro
1294 2537 1359 2576 αι
1407 2523 1465 2578 et
1510 2536 1575 2577 οι
1623 2520 1891 2579 dicentes
1935 2519 2247 2598 audirent,
2307 2520 2561 2581 eundem
2629 2519 2806 2578 etiam

575 2621 875 2681 veteribus
923 2621 1106 2680 fuisse
1153 2640 1370 2681 morem
1418 2623 1853 2700 conjectantes,
1910 2621 2209 2699 praesidia
2269 2622 2444 2682 huius
2508 2621 2809 2699 opinionis

568 2726 625 2782 in
690 2724 1080 2800 diphthongis
1147 2742 1182 2781 a
1235 2725 1427 2800 poetis
1474 2724 1780 2784 Lesbiacis
1841 2725 2134 2802 correptis
2196 2725 2463 2784 invenire
2526 2724 2634 2783 sibi
2696 2722 2811 2782 visi

566 2833 734 2902 sunt,
795 2829 854 2884 et
898 2826 1011 2885 hoc
1057 2826 1230 2885 modo
1276 2830 1417 2886 nata
1475 2844 1633 2904 quae
1692 2826 1766 2885 de
1813 2844 1836 2883 ι
1883 2827 2027 2892 eliso
2074 2827 2236 2904 apud
2281 2827 2499 2887 Aeoles
2543 2825 2807 2886 tradunt.

569 2927 899 2987 Alexandri
946 2929 1144 3003 magni
1189 2933 1387 2987 autem
1434 2933 1701 3004 tempore
1734 2928 1906 2989 etiam
1941 2933 2258 3006 supererat
2288 2947 2329 3004 ι,
2362 2929 2500 2989 licet
2528 2929 2805 3004 pertenui

567 3047 715 3090 sono
760 3030 1119 3107 praeditum,
1162 3029 1419 3106 ideoque
1466 3024 1527 3089 in
1575 3031 2097 3108 inscriptionibus,
2145 3039 2209 3091 ut
2253 3049 2525 3090 sermone
2570 3030 2805 3108 vulgari

567 3133 925 3193 severiorem
972 3132 1291 3193 dictionem
1339 3133 1734 3211 captantibuS,
1778 3137 2019 3192 servata
2064 3139 2171 3194 est.

690 3257 705 3268 ·
735 3228 799 3295 ὅ.
856 3235 974 3295 Sed
1021 3253 1173 3311 quae
1222 3236 1345 3295 iota
1387 3234 1611 3294 vocalis
1657 3235 1727 3294 iis
1771 3236 2136 3312 temporibus
2179 3253 2310 3296 sors
2356 3240 2516 3308 erat,
2561 3253 2634 3294 ex
2681 3234 2807 3309 qui-

567 3338 677 3396 bus
726 3337 1058 3396 litterarum
1106 3343 1491 3396 monumenta
1551 3337 1724 3396 nobis
1785 3340 2044 3414 restant,
2103 3337 2308 3396 eadem
2368 3338 2544 3396 etiam
2605 3338 2808 3412 priore

568 3443 836 3514 tempore
887 3440 1099 3499 fuerat.
1190 3441 1266 3499 Ut
1312 3439 1495 3499 verba
1539 3440 1599 3498 in
1633 3457 1733 3497 αο)
1779 3439 2115 3499 desinentia
2144 3439 2470 3514 amiserunt
2498 3441 2622 3499 iota
2651 3440 2808 3499 inter

571 3557 613 3596 α
660 3544 721 3598 et
765 3558 822 3597 ω
868 3542 1275 3620 intercedens,
1335 3541 1494 3618 quod
1559 3543 1618 3600 in
1680 3543 1888 3618 paucis
1931 3546 2232 3601 servatum
2281 3546 2416 3626 esti
2492 3525 2805 3620 ἀγαίομαι

565 3634 765 3712 βιαία)
812 3635 1015 3723 γαζω,
1063 3636 1267 3728 δαίμ),
1314 3637 1548 3715 ῖσαίω,
1594 3638 1786 3715 καὶω,
1832 3637 2101 3722 κεραίω,
2147 3636 2380 3715 κλαίω,
2426 3638 2662 3715 κναίω,
2712 3641 2804 3701 λι-

562 3737 865 3819 λαίομαι,
922 3739 1232 3821 μαίομαι,
1291 3740 1491 3818 ναίω,
1550 3740 1763 3817 παίω,
1815 3739 2120 3818 παλαίω,
2177 3739 2438 3818 attalo),
2486 3740 2805 3819 σταλαίω,

561 3839 816 3921 χαλαὶω
881 3846 1153 3917 (Curtius
1211 3847 1473 3907 Verbum
1535 3849 1596 3924 1,
1661 3866 1718 3923 p.
1766 3843 1886 3904 297
1935 3865 2024 3923 sq.
2085 3843 2206 3902 334
2270 3844 2382 3924 sq.)
2400 3893 2416 3926 ‚
2481 3848 2568 3906 sic
2628 3848 2802 3907 etiam

564 3947 927 4007 nominum
989 3949 1057 4007 in
1118 3965 1255 4017 αος
1322 3948 1826 4009 desinentium
1872 3950 2094 4025 multa,
2141 3967 2215 4007 ne
2260 3949 2451 4008 dicam
2498 3950 2807 4026 pleraque,

565 4049 817 4126 priore
862 4054 1208 4126 tempore
1254 4051 1326 4109 in
1374 4065 1564 4120 αιὉς
1629 4050 1981 4109 exierunt.
2071 4052 2220 4108 Nam
2269 4052 2466 4110 solent
2519 4050 2645 4110 fere
2690 4052 2804 4111 viri

565 4150 721 4210 docti
770 4169 1043 4228 censere,
1104 4152 1251 4244 illud
1315 4168 1395 4209 sco
1463 4157 1666 4213 natum
1717 4170 1850 4211 esse
1896 4169 1968 4209 ex
2015 4146 2169 4224 afa,
2232 4157 2297 4211 ut
2341 4152 2491 4211 Ebel
2535 4152 2657 4211 KZ.
2703 4153 2807 4229 LV,

565 4249 705 4330 332,
752 4252 914 4313 Curt.
962 4252 1079 4312 Et.⁴
1124 4274 1179 4330 p.
1234 4249 1368 4313 176.
1415 4251 1555 4313 319.
1602 4251 1743 4313 575.
1803 4255 2108 4332 Brugman
2151 4253 2321 4314 stud.
2365 4254 2471 4332 IV,
2523 4248 2662 4314 146.
2712 4252 2803 4313 15.
