3166 4871
1036 342 1121 398 De
1156 342 1358 398 nomin.
1392 343 1451 401 iu
1483 361 1649 410 ·αιος.
1708 332 1755 413 ς’
1779 350 1861 402 59.
1944 318 1955 327 ⁸
2438 356 2556 416 159

314 519 628 579 cntionem.
715 517 832 579 Sed
880 537 957 579 ne
999 538 1108 598 per
1153 520 1401 583 formam
1457 521 1699 600 quidem
1755 524 1921 602 lieet,
1980 514 2439 604 προσελήνους
2480 526 2557 586 ad

312 618 718 700 προυσελεῖν
775 639 1078 682 revocare.
1166 625 1320 683 Nam
1366 642 1769 702 quaeeunque
1830 626 2006 686 huius
2067 627 2234 688 verbi
2289 628 2456 703 origo
2500 632 2560 688 et

311 723 563 802 propria
608 726 827 784 natura
869 729 974 803 est,
1017 743 1174 802 quae
1218 725 1417 787 adhue
1459 728 1790 806 ignoratur,
1836 718 2034 803 tamen
2082 730 2215 807 ipsa
2258 728 2452 789 forma
2493 748 2558 790 se

312 845 432 886 non
476 825 635 887 adeo
681 827 931 903 antiqno
974 831 1242 905 tempore
1289 831 1485 888 natam
1529 830 1750 907 prodit,
1837 830 2131 891 Suffixum
2186 848 2310 911 ηνο
2358 834 2557 893 autem

313 929 738 1006 permtiquum
785 933 900 1006 est,
957 930 1150 1007 iisque
1195 930 1437 1007 linguae
1483 930 1750 991 Graecae
1794 933 2189 1011 temporibus,
2249 952 2405 1011 quae
2449 954 2559 995 nos

314 1030 609 1109 novimus,
643 1032 769 1109 jam
815 1049 1007 1108 paene
1050 1033 1505 1117 intermortuum
1551 1040 1701 1112 erat,
1746 1053 1943 1112 neque
1988 1034 2114 1096 fere
2158 1036 2557 1097 adhibebatur

312 1133 427 1193 nisi
471 1132 550 1192 ad
606 1134 1046 1203 denominativa
1106 1133 1450 1195 formanda:
1515 1132 1877 1214 τοσσῆνος,
1934 1124 2170 1217 ὖηνός,
2230 1128 2555 1219 ψεφηνός,

312 1232 497 1313 quum
543 1235 809 1297 verbalia
866 1254 937 1296 eo
996 1235 1249 1297 formata
1300 1255 1376 1297 ex
1427 1238 1640 1314 priscis
1684 1239 2050 1317 temporibus
2093 1240 2315 1300 tradita
2358 1259 2567 1318 neque⁴

311 1338 422 1396 nisi
468 1356 502 1396 e
547 1338 861 1415 primitivis
905 1340 1105 1399 verbis
1149 1340 1329 1399 dueta
1372 1341 1520 1400 sint:
1572 1330 1926 1421 σκαληνός,
1968 1331 2239 1421 πτηνός,
2280 1332 2554 1424 γαλήνη,

312 1428 575 1519 σελήνη,
606 1429 876 1520 τιθήνη.
924 1471 1010 1481 -
1055 1440 1386 1517 Quominus
1415 1446 1615 1502 autem
1645 1432 2105 1523 προσελήνους
2135 1449 2337 1523 putem
2363 1445 2555 1507 dictos

311 1543 455 1617 quia
498 1531 634 1621 πρὸ
669 1528 1017 1621 Ἑλλήνων
1061 1543 1310 1622 fuerint,
1367 1545 1692 1622 prohibent
1732 1548 1856 1606 tres
1902 1565 2149 1624 causae,
2206 1548 2349 1625 quia
2403 1547 2555 1608 haee

307 1645 606 1704 sententia
650 1645 698 1704 si
745 1650 910 1705 reeta
963 1650 1149 1723 esset,
1209 1647 1464 1723 primum
1521 1648 1945 1725 metaplasmus
2005 1648 2202 1710 factus
2260 1656 2418 1710 esset
2476 1669 2552 1712 ex
2646 1700 2661 1711 .

295 1734 544 1826 Ἑλλην
601 1748 663 1806 in
705 1733 1018 1827 Ἑλληνο,
1079 1748 1514 1824 deindeqnod
1573 1767 1754 1809 uuum
1803 1747 1843 1808 λ
1888 1750 2232 1830 excidisset,
2293 1754 2552 1832 tertium,

307 1849 472 1926 quod
506 1860 547 1909 σ
575 1850 870 1925 intrusum
903 1853 1079 1910 esset,
1152 1851 1308 1910 Nam
1340 1851 1516 1911 etiam
1549 1852 1599 1911 si
1631 1870 1844 1911 nomen
1875 1836 2188 1932 Ἕλληνες
2232 1859 2551 1931 cognatum

306 1957 398 2012 est
441 1970 580 2013 eum
623 1947 878 2012 Σελλοί
936 1957 996 2013 et
1053 1954 1254 2031 priore
1314 1954 1572 2030 quodam
1634 1958 1901 2031 tempore
1955 1957 2153 2015 sonuit
2196 1950 2550 2036 Σέλληνες,

305 2058 503 2114 tamen
555 2053 714 2115 issius
748 2054 813 2114 Σ
834 2056 960 2133 jam
1007 2056 1170 2132 apud
1201 2057 1524 2117 Homerum
1570 2076 1643 2118 eo
1687 2058 1867 2134 igitur
1912 2060 2209 2136 tempore,
2253 2076 2373 2135 quo
2404 2044 2548 2118 Ἕλ-

307 2155 506 2236 ληνες
550 2158 610 2217 in
649 2157 913 2218 Arcadia
967 2157 1230 2218 nondum
1275 2157 1536 2236 fuerunt,
1580 2159 1811 2219 nullum
1857 2164 2172 2237 supererat
2215 2161 2551 2241 vestigium,

307 2277 507 2335 neque
555 2258 770 2320 Graeci
816 2260 878 2319 in
922 2260 1237 2320 Arcadiam
1281 2261 1699 2346 immigrantes·
1742 2279 1806 2320 se
1863 2262 1976 2339 ipsi
2006 2245 2331 2341 Ἕλληνας
2374 2272 2579 2325 voca-⁸

303 2366 545 2421 verunt.
647 2363 736 2422 Eo
788 2365 986 2423 antem
1047 2366 1343 2442 tempore,
1413 2381 1534 2441 quo
1597 2363 1710 2422 hoe
1767 2363 2120 2424 vocabulum
2188 2384 2297 2444 pro
2365 2366 2548 2427 totius

305 2465 516 2542 populi
560 2465 775 2527 Graeci
820 2467 1060 2527 nomine
1099 2467 1379 2545 usurpari
1412 2468 1626 2546 coepit,
1670 2478 1709 2526 σ
1739 2467 1888 2528 illud
1911 2468 2037 2545 jam
2070 2469 2171 2529 diu
2204 2473 2549 2534 evanuerat.

307 2597 390 2607 —
434 2568 684 2646 Itaque,
709 2586 830 2629 una
885 2571 1070 2628 restat
1112 2569 1435 2647 sententia,
1487 2587 1592 2629 eos
1636 2559 2097 2650 προσελήνους
2156 2571 2346 2632 dictos
2402 2589 2550 2651 esse,

306 2670 469 2746 qnod
515 2660 651 2750 πρὸ
696 2659 1003 2750 Σελήνης
1048 2670 1289 2731 fuerint.
1375 2669 1542 2746 Quae
1588 2672 1884 2732 sententia
1917 2672 2042 2749 jam
2076 2673 2237 2751 apud
2269 2673 2549 2750 antiquos

307 2774 568 2833 maxime
633 2776 762 2833 erat
825 2773 1088 2850 vulgata.
1197 2771 1283 2834 cf.
1347 2773 1531 2833 schol.
1596 2773 1700 2836 Ar.
1764 2774 1920 2835 Nub.
1988 2771 2143 2835 397:
2206 2819 2221 2835 .
2267 2820 2282 2836 .
2326 2820 2341 2836 .
2384 2765 2548 2846 τούς

304 2859 621 2954 Ἀρκάδας
665 2864 837 2934 κατὰ
878 2865 1040 2945 τοὺς
1083 2864 1217 2954 πρὸ
1263 2865 1573 2956 Σελήνης
1622 2865 1909 2955 χρόνους
1963 2869 2038 2935 ἐν
2089 2883 2235 2948 ταῖς
2279 2867 2547 2957 ἐρήμοις

304 2966 593 3056 διάγειν,
654 2981 715 3038 et
769 2977 953 3037 schol.
996 2978 1108 3054 Ap.
1152 2978 1263 3038 Rh.
1309 2975 1375 3057 4,
1419 2975 1542 3035 264
1590 2962 1944 3057 (Ἀρκάδες,
2006 2971 2075 3038 οἳ
2125 2974 2237 3038 καὶ
2280 2969 2546 3058 πρόσθε

306 3073 656 3160 σεληναίης
714 3067 1028 3138 ὑδέονται
1074 3068 1316 3152 Ζώειν,
1376 3070 1598 3160 φηγὸν
1654 3072 1921 3151 ἔδοντες
1966 3073 2039 3140 ἐν
2085 3067 2378 3160 οὔρεσιν)
2397 3100 2416 3138 .·
2480 3071 2545 3138 οἱ

323 3166 612 3262 Ἀρκάδες
657 3176 933 3240 δοκοῦσι
975 3171 1111 3260 πρὸ
1155 3178 1276 3262 τῆς
1322 3171 1598 3262 σελήνης
1645 3176 2011 3262 γεγονέναι,
2056 3170 2147 3252 ὡς
2190 3177 2303 3241 καὶ
2334 3168 2543 3242 Εὔδο-

303 3283 416 3359 ξος
460 3277 538 3343 ἐν
583 3280 721 3364 Γῆς
761 3272 1076 3364 περιόδῳ.
1171 3273 1523 3363 Θεόδωρος
1568 3279 1640 3343 δὲ
1687 3277 1760 3343 ἐν
1804 3283 1911 3359 κβ’
1955 3269 2165 3364 ὀλίγῳ
2208 3273 2545 3364 πρότερόν
2603 3299 2605 3302 ’

303 3399 465 3467 φησι
508 3383 636 3445 τοῦ
678 3375 850 3464 πρὸς
893 3375 1058 3456 τούς
1091 3380 1422 3465 Γίγαντας
1450 3381 1753 3466 πολέμου
1772 3374 2170 3466 Ἡρακλέους
2200 3376 2324 3468 τὴν
2356 3377 2544 3467 σελή-

303 3506 425 3570 νην
487 3485 799 3568 φανῆναι.
885 3482 1018 3547 Καὶ
1077 3472 1395 3566 Ἀριστίας
1453 3476 1491 3547 ὁ
1543 3486 1710 3561 Χῖος
1770 3481 1844 3549 ἐν
1904 3496 2046 3560 ταῖς
2106 3483 2374 3549 Κτίσεσι
2431 3485 2546 3550 καὶ

305 3581 657 3662 Διονύσιος
700 3576 740 3649 ὃ
788 3580 1161 3662 Χαλκιδεὺς
1206 3582 1280 3649 ἐν
1310 3580 1580 3670 πρώτῳ
1625 3585 1931 3651 Κτίσεων
1958 3586 2069 3650 καὶ
2102 3583 2308 3664 ἔθνος
2338 3588 2544 3668 φασὶν

303 3679 642 3774 Ἀρκαδίας
684 3686 1059 3773 Σεληνίτας
1114 3681 1303 3752 εἶναι.
1391 3687 1703 3766 Μνασέας
1760 3687 1832 3753 δὲ
1888 3706 2051 3775 φησι
2108 3689 2542 3776 Προσέληνον

302 3779 637 3873 Ἀρκάδων
679 3791 1082 3869 βασιλεῦσαι.
1169 3779 1616 3876 Ἀριστοτέλης
1660 3787 1731 3855 δὲ
1780 3788 1855 3855 ἐν
1898 3792 1982 3874 τῇ
2033 3793 2375 3876 Τεγεατῶν
2419 3815 2543 3857 πο-

301 3893 506 3981 λιτείᾳ
567 3892 777 3978 φησὶν
837 3881 943 3957 ὅτι
992 3887 1319 3976 βάρβαροι
1362 3887 1489 3977 τὴν
1535 3885 1880 3977 Ἀρκαδίαν
1936 3884 2242 3979 ᾤκησαν,
2302 3891 2543 3970 οἵτινες

304 3989 760 4082 ἐξεβλήθησαν
819 3987 955 4059 ὑπὸ
1012 3997 1155 4060 τῶν
1215 3985 1550 4079 ,Ἀρκάδων
1619 3992 2044 4080 ἐπιθεμένων
2108 3985 2338 4072 αὐτοῖς
2405 3992 2540 4080 πρὸ

301 4100 421 4163 τοῦ
464 4095 796 4164 ἐπιτεῖλαι
839 4092 968 4182 τὴν
1012 4092 1325 4182 σελήνην,
1390 4091 1494 4161 διὸ
1539 4091 2171 4182 κατωνομάσθησαν
2213 4097 2540 4182 προσελη-

302 4221 422 4266 νοι.
465 4252 481 4267 .
525 4250 542 4268 .
587 4249 604 4266 .
649 4199 832 4276 τινὲς
877 4197 951 4263 δέ
978 4215 1182 4281 φασιν
1210 4189 1622 4281 Ἐνδυμίωνα
1654 4192 2005 4284 εὑρηκέναι
2034 4193 2154 4273 τὰς
2182 4192 2543 4281 περιόδους

189 4315 196 4322 “
300 4303 408 4367 καὶ
450 4299 615 4380 τούς
660 4293 998 4387 α’ριθμοὺς
1039 4303 1157 4386 τῆς
1201 4295 1499 4386 σελήνης,
1544 4291 1714 4366 ὅθεν
1750 4301 1861 4366 καὶ
1891 4293 2354 4387 προσελήνους
2384 4292 2542 4371 τούς
