3166 4871
611 286 730 351 158
1605 282 1867 339 Zacher

605 462 778 523 medii
823 462 952 523 aevi
999 462 1354 541 hellebarte,
1411 464 1769 524 rusticorum
1830 466 2034 524 nostro
2078 467 2347 540 tempore
2393 479 2617 522 morem
2666 460 2854 522 hostis

603 565 847 627 arcendi
892 565 1147 627 falcibus
1191 567 1251 627 in
1297 566 1543 627 baculos
1588 566 1882 644 impositis
1926 556 2459 639 (sensenmanner).

774 673 1214 747 σαγηνατος
1258 664 1506 743 (λίνον)
1550 668 1735 728 Anth.

774 775 1121 849 σειραῖος
1165 762 1418 844 (ἵππος,
1462 760 1730 849 βρόχος)
1773 771 1957 848 Trag.

775 872 1194 953 σεληναῖος
1265 863 1439 949 (νύξ)
1514 891 1676 934 orac.
1741 892 1835 952 ap.
1901 873 2040 933 Hdt.
2105 903 2191 913 —
2256 864 2664 950 Σεληναίη
2739 889 2851 949 pro

603 965 869 1055 Σελήνη
913 975 1162 1053 Emped.
1206 976 1348 1035 Eur.
1394 976 1497 1035 Ar.
1543 975 1694 1035 Plat.
1742 976 1854 1053 Ap.
1898 976 2008 1035 Rh.
2052 976 2251 1035 Nonn.
2302 973 2482 1034 Anth.
2529 973 2677 1033 Luc.

772 1071 884 1138 59.
972 1076 1570 1156 προσελανατος
1614 1080 1705 1138 est
1748 1078 1809 1137 in
1856 1076 2194 1155 fragmento
2237 1080 2452 1154 poetae
2483 1075 2655 1151 lyrici
2687 1074 2851 1152 quod

602 1179 1014 1242 Schneidewin
1075 1178 1263 1239 edidit
1307 1180 1518 1240 Philol.
1565 1182 1614 1256 l,
1657 1175 1773 1236 421
1813 1178 1946 1257 sqq.
1999 1177 2263 1239 Pindaro
2306 1178 2595 1238 tribuens.
2682 1176 2849 1237 Diffi-

602 1282 715 1343 cile
760 1286 875 1359 est,
918 1283 1002 1342 ait
1043 1282 1169 1359 ille,
1228 1281 1745 1359 distinguendum,
1801 1300 1958 1360 quae
2002 1280 2205 1342 fabula
2249 1281 2327 1341 de
2371 1280 2571 1359 primo
2608 1279 2847 1340 bomine

603 1402 748 1444 vera
808 1386 909 1461 sit,
982 1389 1181 1446 utrum
1241 1384 1696 1446 Alalcomeneus
1761 1386 1986 1462 primus
2057 1383 2264 1462 fuerit,
2334 1402 2411 1444 an
2474 1381 2847 1460 Corybantes

601 1485 866 1565 Ρὴηῃῄζ

688 1582 828 1647 αἵτε
874 1589 1373 1667 προσελαναϊον
1423 1574 1727 1669 Ἀρκαδία
1770 1583 1922 1649 δῖον
1968 1577 2341 1667 Πελασγόν,

687 1685 1070 1770 Παρρασίας
1113 1677 1429 1773 οἰκήτορ’,
1473 1679 1512 1771 ἢ
1556 1686 1848 1751 Δίαυλον
1890 1676 2169 1761 Ἐλευσὶς
2213 1735 2226 1748 .
2277 1735 2290 1748 .
2339 1736 2352 1749 .
2401 1682 2750 1749 ἐτέκνωσε.

603 1794 671 1853 In
719 1793 849 1853 cod.
895 1797 1024 1855 est:
1080 1787 1206 1853 εἴτε
1253 1785 1425 1873 πρὸς
1470 1793 1830 1875 σεληναῖον
1875 1779 2154 1873 Ἀρκάδα
2197 1780 2647 1870 διαπελασγόν
2690 1775 2844 1870 ἦρα-

555 1890 796 1975 ·ρυὶας
861 1885 1197 1977 οἰκήτορα.
1309 1897 1403 1958 Ad
1470 1897 1620 1957 haec
1686 1895 1960 1958 Schneid.
2026 1914 2084 1973 p.
2132 1891 2283 1953 428:
2357 1893 2540 1974 „Quo
2607 1895 2843 1955 nomine

602 1987 1048 2078 προσελήνων
1113 2000 1380 2078 aequalis
1447 1999 1573 2059 fere
1636 1999 1881 2059 Pindari
1944 1999 2176 2076 Hippys
2236 1997 2545 2075 Rheginus
2615 1997 2844 2075 primus

603 2101 822 2163 dicitur
863 2119 1113 2162 vocasse
1158 2101 1452 2179 Arcades,
1495 2101 1578 2162 st.
1623 2103 1765 2179 Byz.
1811 2119 1856 2161 s.
1885 2119 1944 2160 v.
1987 2084 2232 2179 Ἀρκάς.
2319 2100 2550 2178 Nempe
2606 2100 2843 2160 univer-

602 2222 725 2264 sam
786 2209 1054 2281 gentem,
1111 2210 1392 2283 tanquam
1455 2205 1601 2265 luna
1658 2204 2072 2281 antiquiorem.
2158 2201 2346 2280 Origo
2404 2204 2532 2264 eius
2590 2203 2847 2263 nominis

603 2307 854 2367 multum
897 2306 1202 2367 facessivit
1245 2306 1467 2383 negotii
1502 2325 1638 2367 cum
1682 2306 1985 2366 veteribus
2015 2305 2412 2383 grammaticis
2444 2309 2505 2366 et
2532 2304 2848 2382 historicis,

602 2427 659 2469 v.
703 2407 905 2470 scholl.
959 2409 1073 2486 Ap.
1127 2409 1237 2469 Rh.
1281 2410 1387 2488 IV,
1432 2403 1585 2489 264,
1644 2413 1769 2471 tum
1830 2408 2225 2487 nostratibus,
2287 2425 2541 2487 quorum
2604 2405 2846 2486 quidem

603 2511 909 2572 arbitrium
954 2530 1118 2572 nunc
1164 2531 1234 2572 eo
1278 2511 1567 2572 inclinare
1611 2512 1864 2591 videtur,
1910 2516 1973 2573 ut
2019 2512 2122 2591 qui
2168 2516 2305 2573 ante
2348 2511 2632 2572 Hellenes
2662 2510 2845 2571 Arca-

604 2613 761 2673 diam
807 2615 1128 2691 tenuerint,
1171 2613 1591 2692 intelligendos
1636 2614 1904 2693 credant,
1946 2615 2133 2676 veluti
2178 2614 2289 2691 ipsi
2319 2612 2469 2675 God.
2497 2613 2845 2675 Hermanno

598 2717 792 2776 visum
825 2720 916 2777 est
945 2717 1005 2776 in
1039 2717 1536 2777 commentatione
1567 2716 1644 2777 de
1674 2717 1911 2779 Graeca
1940 2718 2212 2778 Minerva
2253 2734 2312 2795 p.
2347 2713 2442 2775 14.
2528 2716 2848 2778 Veteribus

602 2818 954 2897 quibusdam
992 2812 1400 2898 προσέληνοι
1432 2803 1734 2898 Αρκάδες
1765 2819 2129 2880 videbantur
2157 2818 2299 2879 dicti
2346 2807 2575 2896 ἐπειδὴ
2624 2812 2846 2878 λοιδο-

600 2914 866 3000 ρητικοί
911 2914 1053 2995 εἰσι,
1097 2940 1153 2980 v.
1191 2921 1377 2982 schol.
1406 2922 1626 2982 Aesch.
1659 2941 1751 3000 ap.
1796 2923 1889 2983 Et.
1919 2923 1997 2982 Μ.
2040 2916 2185 2999 690,
2235 2916 2308 2979 13
2358 2913 2841 3000 [Προσέληνον

600 3021 1052 3102 προυσελλεῖν
1094 3017 1360 3102 λέγουσι
1404 3014 1485 3084 τὸ
1547 3005 1873 3104 ἱβρῖζειν·
1931 3018 2047 3082 καὶ
2104 3015 2171 3083 οἱ
2224 3008 2554 3102 Αρκάδες,
2614 3011 2843 3100 ἐπειδη

602 3115 1062 3205 λοιδορητικὸί
1124 3118 1323 3185 εἰσιν·
1383 3143 1603 3198 ουτως
1661 3119 1735 3186 ἐν
1796 3114 2222 3206 ὑπομνήματι
2268 3118 2689 3205 Προμηθέως
2745 3118 2846 3184 δε-

603 3225 836 3307 σμῶν],
880 3247 1091 3307 nempe
1137 3248 1270 3289 cum
1303 3230 1489 3291 verbo
1519 3228 1918 3308 προυσελετν
1950 3231 2319 3307 comparant,
2363 3226 2527 3306 quod
2559 3231 2620 3287 et
2650 3227 2841 3305 ipsum

600 3331 838 3407 ingenia
897 3330 1204 3392 doctorum
1269 3332 1658 3392 vehementer
1721 3333 2016 3408 exercuit,
2086 3350 2140 3391 v.
2199 3333 2438 3408 praeter
2498 3327 2844 3390 Buttmanni

601 3435 800 3491 notam
863 3430 1353 3513 disputationem,
1415 3453 1571 3512 quae
1625 3435 1724 3495 Fr.
1768 3434 1839 3495 V.
1882 3432 2252 3494 Fritzschius
2310 3450 2507 3510 nuper
2562 3429 2848 3492 disseruit

599 3533 677 3593 ad
722 3534 869 3595 Rau.
913 3554 969 3595 v.
1016 3533 1155 3597 730.
1202 3528 1336 3616 [qui
1383 3536 1530 3596 nihil
1574 3536 1716 3597 novi
1760 3536 1980 3614 attulit,
2024 3535 2289 3614 nihilque
2334 3534 2495 3613 quod
2542 3534 2843 3595 mentione

602 3636 845 3713 dignum
892 3628 1132 3719 effecitJ.
1219 3640 1368 3701 Utut
1412 3644 1520 3716 est,
1565 3638 1862 3699 Pindarus
1909 3657 2024 3699 non
2058 3637 2263 3699 dubito
2295 3638 2440 3716 quin
2472 3655 2606 3697 cum
2635 3636 2844 3714 pleris-

600 3758 719 3816 que
762 3740 908 3800 luna
951 3741 1338 3802 vetustiorem
1385 3739 1721 3818 significare
1765 3741 2023 3802 voluerit
2064 3741 2384 3818 Pelasgum
2443 3731 2678 3801 suum“.
2764 3740 2847 3800 Ut

599 3842 854 3921 primum
914 3842 990 3904 de
1054 3844 1292 3904 illorum
1360 3845 1662 3905 sententia
1723 3843 2019 3923 dicamus,
2082 3844 2182 3919 qui
2243 3832 2709 3922 προσελήνους
2767 3839 2843 3901 ad

600 3946 851 4006 verbum
912 3944 1317 4025 προυσελετν
1375 3946 1768 4025 revocabant,
1828 3965 2003 4007 nemo
2063 3946 2176 4006 erit
2227 3945 2372 4024 quin
2427 3946 2700 4023 inspecta
2742 3944 2848 4004 illa

598 4047 938 4125 Etymologi
997 4049 1198 4126 glossa
1257 4049 1571 4109 confestim
1632 4048 1860 4128 videat,
1916 4049 2085 4128 illos,
2146 4052 2213 4109 ut
2264 4049 2527 4127 saepius,
2595 4045 2846 4108 fortuita

600 4149 855 4226 quadam
920 4149 1247 4211 formarum
1319 4151 1706 4211 similitudine
1762 4154 2096 4230 permotos,
2159 4150 2235 4210 ad
2279 4150 2578 4212 vocabula
2618 4147 2845 4227 signifi-

598 4251 832 4312 catione
874 4252 1053 4329 plane
1099 4253 1294 4314 aliena
1338 4253 1718 4315 concilianda
1760 4254 2022 4332 ineptam
2051 4254 2160 4317 sibi
2193 4254 2354 4333 ipsos
2382 4252 2625 4314 finxisse
2655 4251 2845 4332 expli·
