3166 4871
543 294 580 356 8
1546 286 1804 342 zacher

544 485 689 527 naer
752 467 893 525 Eur.
953 464 1177 525 Phoen.
1229 461 1422 543 1475,
1486 466 1676 525 Diatr.
1726 461 1862 524 109.
1951 458 2208 524 ΚνὶέεΙε
2263 464 2668 541 Sitzuugsber.
2726 463 2786 522 d.

544 569 741 628 Wien.
801 586 888 627 ac.
934 568 1152 644 XLIX,
1219 564 1343 624 513
1387 585 1518 643 sqq.
1608 566 1841 641 Christ,
1904 567 2075 625 Metr.
2133 586 2191 643 p.
2236 562 2350 642 20,
2417 566 2784 626 novissimus

542 670 758 731 Hartel
821 670 856 728 1.
902 670 940 728 l.
984 669 1093 746 III,
1144 666 1210 725 11
1265 686 1395 745 sqq.
1411 712 1427 745 ,
1471 669 1574 744 qui
1620 686 1802 744 quum
1852 658 2452 745 exemplorum’satis
2497 686 2782 743 magnum

544 788 855 832 numerum
920 770 1261 849 collegerit,
1318 774 1515 830 tamen
1578 771 1917 829 accuratius
1979 769 2054 830 de
2100 771 2320 830 criticis
2381 754 2785 830 fundamentis

542 890 833 951 quaerere
894 873 1166 933 debebat.
1270 872 1670 945 Quamobrem
1733 873 2065 932 Hartelium
2128 874 2482 949 plerumque
2540 875 2786 932 secutus

542 976 835 1036 nonnulla
909 973 1210 1051 omittam,
1280 975 1397 1033 alia
1466 974 1718 1051 addam,
1791 975 1910 1034 alla
1985 974 2387 1034 emendatiora
2452 973 2787 1051 proferam.

540 1078 831 1155 Exempla
872 1078 1054 1153 igitur
1096 1092 1173 1136 ex
1202 1078 1521 1136 Homero
1567 1076 1769 1135 attulit
1812 1077 1990 1136 haec:
2039 1063 2220 1147 οἶος
2279 1095 2389 1154 pro
2435 1076 2784 1153 pyrrhichio

543 1181 740 1240 adhib.
786 1180 862 1239 N.
905 1175 1029 1237 275
1076 1177 1144 1238 Σ
1186 1176 1324 1239 105.
1378 1196 1417 1257 η
1464 1175 1605 1238 312.
1651 1196 1692 1235 υ
1739 1174 1836 1237 81).
1925 1169 2282 1255 ἔμπαιον
2325 1163 2486 1237 οὐδὲ
2548 1172 2697 1256 βίης
2747 1195 2784 1235 υ

545 1279 685 1341 379.
753 1278 1269 1358 χαμαιεῦναι
1316 1277 1382 1339 Π
1420 1278 1561 1339 235.
1631 1269 2277 1357 χαμαιευνάδες,
2322 1298 2363 1339 κ
2409 1277 2550 1338 243.
2614 1281 2651 1354 ξ
2694 1278 2786 1338 15.

548 1373 739 1453 υἱός
805 1379 854 1442 Δ
920 1380 1063 1443 473.
1125 1381 1188 1442 Ε
1228 1374 1473 1442 612.“Ζ
1518 1379 1635 1439 130
1700 1386 1761 1442 et
1822 1384 2080 1460 saepius.
2167 1384 2348 1460 Apud
2393 1382 2786 1443 Hesiodum

548 1486 771 1563 legitur
814 1474 1211 1563 γαιήοχον
1254 1486 1482 1562 Theog.
1514 1482 1588 1540 15
1636 1483 1798 1557 (nam
1828 1485 1933 1562 sic,
1977 1502 2095 1544 non
2142 1474 2428 1562 γεήοχον
2461 1483 2784 1561 legendum

544 1606 675 1648 esse
763 1586 923 1646 infra
997 1586 1530 1647 demonstrabimus
1596 1605 1644 1645 s.
1716 1606 1774 1646 v.
1848 1583 2054 1663 γαῖα),
2141 1587 2302 1663 apud
2385 1586 2784 1647 Pindarum

546 1677 893 1768 γαιαόχῳ
938 1687 1030 1748 Ol.
1059 1689 1221 1766 XIII,
1267 1683 1346 1747 78
1392 1687 1595 1761 (etiam
1641 1689 1755 1749 hoc
1800 1689 1933 1749 loco
1979 1707 2183 1749 errare
2227 1707 2331 1749 eos
2378 1691 2481 1766 qui
2527 1677 2785 1769 γεηόχφ

548 1792 875 1868 corrigunt,
918 1791 1137 1852 ibidem
1168 1789 1545 1868 exponetur).
1608 1780 1844 1850 αἰόλε
1866 1808 1888 1849 ι
1919 1790 2216 1868 Pyth.1v,
2244 1788 2386 1851 233.
2431 1788 2788 1850 τοιαῦτα

547 1894 726 1969 Pyth.
773 1894 935 1970 VIII,
980 1891 1076 1952 55.
1121 1887 1325 1974 ποίᾳ
1369 1893 1728 1971 Pyth.v111‚
1774 1889 1872 1953 20.
1915 1888 2355 1952 παντοίων
2383 1894 2554 1954 Nem.
2585 1894 2657 1971 V,
2687 1891 2787 1954 25.

546 1987 800 2054 υἱέων
844 1997 1014 2056 Nem.
1062 1995 1160 2073 VI,
1204 1992 1302 2056 23.
1391 1994 1626 2070 Quibus
1670 1995 1981 2056 Hartelius
2025 1996 2220 2074 addit,
2264 2014 2419 2073 quae
2465 2014 2520 2055 ει
2566 1996 2789 2056 habent

545 2100 608 2158 in
657 2098 823 2157 libris
869 2116 1047 2157 manu
1094 2086 1358 2175 scriptis,
1419 2117 1604 2175 quum
1650 2098 1910 2159 editores
1954 2100 2314 2176 plerumque
2360 2099 2710 2175 scripserint
2756 2116 2786 2156 ε

544 2202 639 2260 vel
687 2206 764 2258 ιε’
797 2191 1093 2276 ἱππείῳ
1137 2199 1228 2261 01.
1271 2201 1319 2279 Ι,
1369 2198 1505 2259 101.
1552 2194 1744 2260 ἱ’ππε
1766 2218 1893 2260 ιον
1937 2203 2112 2277 Pyth.
2159 2202 2235 2277 11,
2285 2198 2377 2258 12.
2451 2192 2788 2259 ἱππείαν
2849 2252 2864 2266 ,

544 2303 724 2378 Pyth.
770 2301 870 2378 vl,
916 2298 1015 2360 50.
1060 2292 1415 2360 ἱππείων
1459 2305 1631 2363 Nem.
1661 2303 1765 2380 IX,
1810 2300 1883 2379 9;
1927 2298 2311 2382 λατρείαν
2355 2302 2526 2363 Nem.
2559 2303 2659 2381 IV,
2691 2300 2788 2361 54.

543 2392 993 2465 Αἰάντειον
1054 2402 1294 2481 01.1x‚
1345 2400 1481 2465 112.
1554 2402 1899 2476 Κλειοῦς
1943 2406 2112 2466 Nem.
2157 2406 2278 2484 111,
2325 2400 2423 2466 83.
2489 2389 2790 2484 ,Ἀρείας

543 2509 715 2567 Nem.
758 2507 877 2582 IX,
932 2503 1031 2565 41.
1117 2502 1403 2590 βατείᾳ
1449 2508 1540 2569 Ol.
1585 2508 1697 2587 VI,
1745 2507 1841 2567 54.
1915 2503 2289 2579 δουλείας
2363 2509 2539 2585 Pyth.
2582 2510 2645 2584 Ι,
2692 2505 2791 2566 75.

547 2596 1141 2693 εὐμενείᾳᾙγίιὴ.
1185 2609 1317 2688 ΧΙΙ,
1349 2608 1403 2669 4.
1449 2595 1858 2685 εὐσεβείας
1907 2609 2002 2670 ΟΙ.
2035 2613 2194 2686 VIII,
2239 2608 2295 2669 6.
2380 2605 2789 2687 μαντείων

544 2712 720 2788 Pyth.
764 2711 865 2788 XI,
908 2708 965 2770 6.
1008 2695 1458 2788 Ἰσμήνειον
1504 2713 1678 2790 Pyth.
1713 2713 1814 2788 XI,
1861 2709 1916 2772 6.
1985 2711 2326 2783 Θειαῖος
2369 2715 2541 2773 Nem.
2573 2712 2647 2790 X,
2691 2709 2790 2771 24.

551 2812 843 2872 Θειαῖε
906 2814 1078 2874 Nem.
1122 2815 1206 2891 X,
1250 2811 1349 2874 37.
1392 2846 1477 2855 -
1534 2815 1648 2892 Ap.
1694 2816 2104 2891 Tyrtaeum
2162 2813 2252 2892 10,
2296 2812 2377 2872 20
2435 2813 2586 2892 ng.
2631 2804 2790 2884 τοὺς

546 2905 951 2994 γεραιοιύς.
1002 2946 1084 2955 -
1127 2916 1219 2975 Ex
1280 2918 1572 2993 tragico
1633 2935 1910 2977 sermone
1968 2921 2108 2977 ante
2155 2920 2353 2978 omnia
2397 2917 2789 2994 spectandum

545 3024 636 3079 est
678 3018 925 3078 verbum
957 3011 1234 3078 ποιέω.
1312 3019 1742 3096 Aeschylus
1774 3019 2210 3096 diphthongum
2244 3024 2581 3095 correptam
2615 3019 2794 3078 habet

514 3122 754 3200 semel,
813 3123 1009 3182 Prom.
1071 3117 1226 3180 935:
1290 3109 1359 3180 Ὁ
1421 3106 1482 3179 δ’
1546 3100 1676 3181 οὖν
1743 3116 2041 3180 ποιείτω.
2134 3122 2316 3198 Apud
2363 3121 2790 3197 Sophoclem

541 3224 731 3285 codex
782 3225 1040 3301 optimus
1083 3224 1528 3285 LaurentIauus
1573 3228 1636 3284 et
1680 3243 1874 3300 paene
1919 3225 2140 3301 ubique
2204 3242 2334 3284 cum
2384 3224 2497 3282 hoc
2541 3241 2792 3284 consen·

542 3328 699 3386 tiens
742 3327 1131 3386 Florentinus
1183 3324 1247 3384 Γ
1285 3345 1493 3405 saepe,
1554 3326 1658 3386 sed
1711 3344 1906 3403 neque
1966 3345 2202 3403 semper
2265 3342 2460 3399 neque
2528 3326 2787 3400 plerum·

543 3446 662 3504 que
717 3428 791 3487 iis
850 3429 996 3488 locis
1055 3427 1275 3503 quibus
1334 3445 1400 3486 οι
1446 3427 1666 3504 corripi
1729 3433 1965 3505 oportet
2008 3428 2292 3488 exhibent
2334 3442 2412 3482 ο.·
2481 3423 2637 3482 ποῶ
2684 3426 2791 3486 ΟΒ

543 3525 685 3590 918.
756 3535 948 3601 ποεῖς
1007 3531 1115 3590 Ph.
1163 3527 1302 3589 752.
1378 3532 1467 3590 ΕΙ.
1513 3528 1655 3589 624.
1727 3537 1886 3589 ποεῖ
1948 3532 2054 3590 Ph.
2099 3525 2225 3586 926
2300 3527 2522 3596 (ποεῖν
2568 3525 2793 3600 Laur.).

544 3634 634 3693 ΕΙ.
681 3628 821 3691 319.
867 3628 990 3690 623
1047 3635 1095 3700 (ι
1140 3630 1336 3705 eras).
1412 3633 1569 3710 conj.
1641 3631 1798 3691 ποῶ
1862 3634 1955 3692 Ai.
2006 3627 2166 3688 1395
2227 3630 2275 3702 (ι
2321 3629 2513 3700 eras).
2587 3636 2791 3688 ποεῖν

544 3735 654 3794 Ph.
706 3732 884 3809 1010.
947 3733 1055 3795 OR.
1086 3731 1228 3794 537.
1273 3734 1374 3796 OG
1433 3731 1607 3794 1018.
1659 3733 1837 3793 1037.
1891 3732 2067 3793 1517.
2127 3735 2230 3793 Tr.
2276 3729 2417 3791 385.
2464 3729 2604 3791 390.
2653 3728 2794 3792 598.

544 3832 686 3897 743.
744 3838 836 3897 ΕΙ.
881 3834 1023 3895 337.
1068 3833 1191 3895 385
1238 3835 1287 3910 (ι
1318 3836 1511 3907 eras.).
1556 3827 1798 3914 ποήσω
1845 3838 1951 3895 Ph.
1989 3833 2125 3894 120.
2189 3824 2453 3914 πόησον
2499 3834 2607 3896 OR.
2653 3831 2794 3892 543·

544 3935 793 4018 ποῆσαι
838 3939 939 4000 OC
992 3935 1169 3998 1033.
1225 3938 1549 3998 ποεῐσθαι
1594 3939 1702 3997 Ph.
1749 3935 1890 3996 552.
1933 3936 2033 3998 OC
2087 3935 2264 3996 1144.
2351 3937 2471 3997 Sed
2515 3954 2581 3995 οι
2625 3937 2792 4013 diph-

544 4042 809 4117 thongus
872 4045 1150 4117 correpta
1211 4044 1302 4101 est
1360 4042 1421 4100 in
1480 4046 1707 4098 ποιεῖν
1770 4041 1878 4099 Ph.
1926 4036 2066 4097 409.
2153 4029 2416 4118 ποιήσω
2479 4040 2563 4096 ΕΙ.
2619 4035 2795 4097 1045.

548 4144 650 4201 Tr.
701 4138 879 4201 1249.
952 4132 1255 4221 ποιήσεις
1301 4142 1402 4204 OC
1447 4138 1590 4200 652.
1635 4142 1724 4201 Ai.
1776 4140 1955 4199 1155.
2019 4138 2199 4199 1356.
2275 4142 2363 4199 El.
2422 4137 2595 4197 1044.
2669 4158 2792 4198 aor.

547 4244 703 4322 conj.
748 4232 1016 4324 ποιήσω
1060 4245 1152 4307 ΕΙ.
1190 4241 1368 4303 1276.
1412 4232 1696 4321 ποιήσῃς
1741 4243 1831 4302 Αἰ.
1882 4239 2060 4301 1369.
2107 4243 2263 4302 Med.
2291 4247 2476 4300 ποιεῖ
2517 4240 2616 4302 OC
2651 4236 2791 4300 584.
