3166 4871
571 300 694 362 236

567 475 889 554 pertinent.
993 473 1276 552 Accedit,
1343 473 1506 553 quod
1573 475 1725 534 tanti
1800 473 1941 535 fecit
2017 473 2249 552 copiam
2307 492 2381 534 ac
2439 478 2811 535 venustatem

568 577 830 654 dicendi,
893 581 959 637 ut
1016 577 1194 638 etiam
1252 578 1312 637 in
1359 578 1536 637 libris
1580 577 1956 654 philosophis
2007 577 2390 638 aestimandis
2432 578 2570 654 plus
2614 595 2811 654 saepe,

569 699 747 758 quam
792 699 904 757 par
947 685 1070 759 est,
1128 680 1270 741 huic
1330 680 1416 741 rei
1467 680 1777 740 tribueret.
1880 680 2049 753 Quae
2096 699 2228 740 cum
2273 680 2359 741 ita
2404 685 2630 751 essent,
2683 679 2812 739 fieri

570 802 688 844 non
735 787 1000 861 poterat,
1062 784 1206 860 quin
1268 783 1574 861 propriam
1633 783 2008 860 singulorum
2069 782 2483 861 philosophiae
2542 782 2812 843 Graecae

568 885 904 963 principum
950 886 1066 945 vim
1113 905 1185 945 ac
1227 886 1586 963 gravitatem
1633 904 1847 962 parum
1897 886 2297 964 intellegeret,
2342 884 2551 946 laudes
2595 889 2812 960 autem,

571 1006 724 1066 quas
785 989 845 1047 in
906 1006 1009 1049 eos
1069 989 1348 1066 contulit,
1407 989 1579 1048 nimis
1628 988 1692 1047 in
1755 988 2099 1049 universum
2158 988 2403 1048 diceret.
2490 989 2691 1066 Atque
2737 987 2813 1048 de

570 1090 668 1150 fin.
718 1096 770 1163 1,
820 1095 852 1151 1
900 1091 1068 1151 dicit:
1149 1090 1356 1165 „Quae
1416 1091 1660 1151 summis
1734 1091 1988 1168 ingeniis
2052 1090 2471 1168 exquisitaque
2539 1090 2812 1149 doctrina

570 1193 911 1270 philosophi
980 1192 1212 1254 Graeco
1288 1211 1560 1254 sermone
1641 1193 2130 1270 tractavissent“;
2193 1192 2331 1253 ibid.
2397 1197 2431 1254 7
2500 1193 2811 1252 Platonem

571 1305 632 1355 et
675 1296 1062 1356 Aristotelem
1124 1296 1392 1355 nominat
1443 1294 1686 1368 „divina
1729 1295 1835 1355 illa
1880 1288 2174 1371 ingenia“,
2232 1295 2338 1354 sed
2384 1295 2590 1355 eodem
2638 1293 2812 1353 modo

570 1398 675 1458 Ac.
721 1416 810 1473 pr.
872 1401 925 1468 2,
971 1401 1050 1458 7⁶2.
1112 1399 1511 1475 Anaxagorae
1572 1398 1923 1474 „maximam
1985 1402 2044 1457 et
2101 1398 2416 1474 gravitatis
2475 1406 2535 1457 et
2588 1396 2812 1472 ingenii

569 1498 859 1578 gloriam“
919 1499 1122 1559 tribuit
1166 1507 1227 1559 et
1268 1500 1406 1559 ibid.
1452 1503 1531 1561 73
1578 1500 1652 1560 de
1707 1501 2044 1560 Democrito
2096 1500 2180 1560 ila
2226 1500 2523 1577 loquitur:
2584 1499 2863 1576 „Quem.

571 1622 704 1663 cum
749 1620 820 1663 eo
868 1600 1145 1662 conferre
1189 1620 1512 1681 possumus
1556 1621 1677 1662 non
1726 1602 1900 1662 modo
1946 1604 2169 1680 ingenii
2217 1601 2661 1679 magnitudine,
2706 1601 2811 1661 sed

572 1706 747 1766 etiam
808 1698 1067 1765 animi‘?“
1156 1705 1463 1765 Platonem
1523 1709 1750 1782 autem,
1816 1709 1883 1764 ut
1931 1705 2059 1782 jam
2120 1704 2273 1775 dixi,
2347 1706 2560 1765 iterum
2631 1710 2812 1780 atque

569 1809 784 1868 iterum
846 1807 1087 1868 summis
1146 1806 1424 1866 laudibus
1482 1808 1673 1867 effert.
1761 1807 1948 1884 Cujus
1993 1811 2219 1884 quanta
2262 1806 2444 1867 fuerit
2487 1808 2547 1866 in
2595 1825 2666 1867 eo
2711 1805 2813 1866 ad·

572 1911 836 1988 miratio,
896 1928 968 1969 ex
1031 1909 1196 1970 nullo
1258 1908 1383 1969 fere
1445 1909 1576 1969 loco
1636 1909 1844 1969 melius
1903 1909 2166 1987 perspici
2225 1914 2448 1987 potest,
2506 1927 2682 1986 quam
2737 1926 2813 1967 ex

570 2013 750 2072 Tusc.
799 2017 850 2090 l,
896 2015 994 2082 39,
1053 2012 1150 2072 ubi
1196 2011 1524 2072 auditorem
1567 2012 1771 2090 illum,
1825 2029 2082 2089 quocum
2141 2030 2205 2071 se
2262 2010 2571 2088 disputare
2627 2011 2814 2087 fingit,

572 2113 876 2175 notissima
918 2114 1018 2173 illa
1062 2116 1279 2192 verba,
1341 2133 1497 2191 quae
1541 2133 1732 2191 paene
1776 2115 1837 2173 in
1883 2114 2268 2192 proverbium
2314 2115 2621 2190 abierunt,
2680 2131 2812 2190 pro-

571 2217 862 2277 ferentem
906 2217 1160 2276 inducit:
1225 2218 1486 2289 „Errare
1534 2218 1872 2277 mehercule
1919 2218 2070 2277 malo
2117 2236 2251 2277 cum
2296 2217 2577 2293 Platone,
2635 2234 2811 2293 quam

573 2338 706 2379 cum
761 2319 884 2378 istis
954 2338 1098 2378 vera
1153 2320 1426 2379 sentire.“
1539 2319 1635 2379 Ad
1682 2338 1866 2396 quae,
1929 2325 1996 2379 ut
2047 2337 2244 2397 neque
2303 2320 2611 2379 veritatem
2668 2337 2813 2396 quo·

575 2421 890 2482 dammodo
969 2426 1351 2482 contemnere
1426 2422 1699 2482 videatur
1775 2427 1866 2493 et,
1951 2421 2162 2500 quanti
2236 2422 2417 2482 faciat
2487 2422 2817 2501 Platonem,

572 2522 869 2601 ostendat,
912 2525 993 2583 ita
1025 2523 1236 2584 Cicero
1266 2524 1594 2600 respondet
1639 2523 1698 2598 (ἓ
1730 2522 1869 2596 40):
1922 2525 2156 2596 „Macte
2200 2524 2456 2584 virtute:
2501 2543 2613 2601 ego
2659 2525 2813 2584 enim

571 2626 697 2701 ipse
744 2644 877 2685 cum
924 2625 1132 2685 eodem
1175 2625 1288 2685 isto
1338 2644 1456 2685 non
1502 2628 1727 2685 invitus
1771 2620 2161 2686 erraverim.“·

742 2743 1007 2813 Accedit,
1053 2744 1215 2820 quod
1245 2744 1560 2805 Platonem
1595 2745 1651 2803 d.
1680 2745 1837 2822 legg.
1871 2750 1928 2823 3,
1962 2749 1993 2804 1
2046 2744 2349 2817 „divinum
2389 2744 2556 2804 illum
2588 2745 2817 2805 virum“

572 2847 856 2923 appellat.
956 2846 1328 2921 Quaerentes
1371 2853 1588 2918 autem,
1635 2848 1853 2925 quibus
1898 2849 2153 2908 maxime
2197 2849 2424 2908 caussis
2462 2848 2576 2908 hoc
2605 2849 2816 2908 mirum

573 2968 646 3008 ac
701 2948 1005 3026 singulare
1061 2950 1329 3009 Platonis
1388 2950 1649 3010 studium
1711 2952 2031 3010 excitatum
2093 2969 2222 3010 esse
2281 2950 2583 3027 videatur,
2643 2950 2817 3010 facile

573 3052 993 3128 intellegemus
1039 3071 1158 3112 non
1204 3052 1395 3113 solum
1443 3053 1624 3131 hujus
1672 3054 1973 3129 doctrina,
2033 3071 2396 3131 quamquam
2442 3053 2595 3113 hanc
2639 3052 2817 3112 valde

575 3155 848 3216 Ciceroni
892 3155 1203 3232 probatam
1251 3173 1382 3216 esse
1428 3157 1573 3216 satis
1617 3161 1869 3227 constat,
1914 3156 2028 3216 hoc
2057 3155 2279 3216 factum
2313 3173 2463 3232 esse,
2504 3155 2611 3215 sed
2642 3154 2816 3215 etiam

575 3259 722 3317 mira
765 3257 897 3333 illa,
956 3275 1075 3334 qua
1121 3258 1292 3317 Plato
1342 3258 1556 3334 utitur,
1617 3258 1791 3335 copia
1845 3276 1916 3317 ae
1974 3262 2293 3318 venustate
2337 3257 2639 3317 orationis.
2728 3258 2818 3315 De

574 3377 711 3436 qua,
759 3368 824 3418 ut
855 3361 1120 3419 omittam
1167 3359 1317 3419 alios
1362 3360 1546 3438 locoS,
1591 3379 1679 3420 or.
1717 3364 1796 3421 62
1840 3360 1925 3419 ita
1969 3360 2238 3420 disserit:
2283 3361 2525 3434 „Longe
2557 3359 2815 3420 omnium

576 3459 684 3533 (sc.
730 3460 1262 3537 philosophorum),
1308 3463 1653 3539 quicunque
1699 3463 2074 3539 scripserunt
2117 3466 2224 3522 aut
2266 3463 2445 3523 locuti
2491 3464 2662 3539 sunt,
2718 3479 2809 3520 ex·

574 3563 723 3622 stitit
793 3560 878 3634 (et
939 3564 1236 3623 suavitate
1252 3562 1308 3636 Ρ)
1377 3570 1438 3624 et
1508 3565 1805 3641 gravitate
1882 3564 2168 3642 princeps
2237 3559 2462 3625 Plato.“
2594 3563 2820 3625 Contra

575 3665 956 3725 Aristotelem
1020 3666 1136 3727 alio
1196 3665 1456 3743 quodam
1522 3666 1698 3727 modo
1754 3667 1960 3727 laudat
2017 3666 2199 3744 idque
2244 3684 2364 3726 non
2408 3671 2526 3727 tam
2571 3672 2820 3744 propter

577 3773 953 3828 venustatem
999 3775 1182 3846 atque
1228 3770 1589 3846 elegantiam
1635 3769 1953 3830 verborum
1996 3799 2083 3810 —-
2126 3787 2486 3847 quamquam
2518 3769 2821 3829 nonnullis

580 3858 758 3929 locis'
799 3872 952 3930 hanc
997 3888 1239 3948 quoque
1282 3871 1465 3931 valde
1509 3867 1909 3949 praedicat²³)
1952 3900 2040 3914 —
2082 3890 2261 3949 quam
2306 3878 2553 3949 propter
2598 3872 2820 3949 ingenii

671 4022 692 4026 .-
711 4021 874 4027 ——----
893 4020 982 4027 -n

745 4103 817 4167 θ’)
851 4100 922 4155 cf.
969 4100 1071 4155 Ac.
1122 4117 1202 4169 pr.
1239 4103 1285 4167 2,
1329 4104 1449 4155 119:
1497 4099 1706 4156 Veniet
1751 4100 1955 4156 flumen
2001 4101 2272 4156 orationis
2315 4116 2540 4155 aureum
2576 4099 2821 4156 fundens

575 4182 933 4240 Aristoteles.
1003 4185 1408 4240 Adnotandum
1446 4194 1536 4240 est
1570 4186 1778 4254 optime
1829 4187 1900 4241 de
1937 4186 2040 4240 hac
2075 4202 2133 4241 re
2184 4187 2519 4241 disseruisse
2553 4187 2823 4257 Bernays,

573 4271 664 4325 die
700 4270 934 4341 Dialoge
977 4270 1077 4326 des
1107 4271 1441 4326 Aristoteles
1477 4287 1531 4339 p.
1557 4276 1588 4325 3
1615 4287 1699 4339 sq.
