3166 4871
2457 287 2575 349 197

339 460 534 520 locum
580 459 742 521 haud
792 460 1048 521 nobilem
1096 461 1252 520 inter
1297 477 1401 519 cos
1433 461 1760 521 obtinuerit
1804 478 2002 538 neque
2049 463 2295 522 multum
2326 462 2583 522 valuerit

338 563 398 622 iu
463 563 681 640 agendi
754 571 884 624 arte
951 567 1011 622 et
1072 562 1232 639 quod
1299 569 1485 622 artem
1554 563 1864 622 exercenti
1933 562 2171 624 adversi
2229 562 2457 641 aliquid
2522 565 2582 634 ei

337 664 638 725 acciderit.
750 666 1137 725 Demostheni
1210 665 1308 724 ubi
1373 666 1728 725 Aeschinem
1792 664 2138 726 histrionem
2211 668 2584 744 perstringit,

338 785 699 845 quamquam
734 769 920 828 multa
950 772 1295 844 exaggerat,
1343 774 1537 827 tamen
1571 769 1834 845 aliquam
1865 767 2043 828 fidem
2088 786 2217 828 esse
2249 768 2582 828 habendam

339 870 478 929 inde
539 874 823 947 apparet,
899 870 1061 947 quod
1119 871 1448 930 Aeschines
1509 870 1672 947 ipse,
1738 888 1920 948 quum
1982 870 2100 931 alia
2159 872 2581 931 Demosthenis

347 972 619 1032 convicia
679 973 997 1049 diligenter
1056 972 1316 1051 rejiciat,
1380 972 1510 1050 ejus
1564 973 1882 1048 temporis,
1938 990 2058 1049 quo
2117 976 2303 1051 artem
2365 972 2585 1050 agendi

343 1077 645 1152 exercuit,
707 1075 925 1135 nullam
974 1076 1117 1135 iacit
1175 1075 1531 1135 mentionem
1578 1093 1775 1152 neque
1829 1076 2049 1134 inimici
2116 1075 2208 1134 sui
2267 1075 2585 1135 maledicta

339 1194 496 1253 quae
541 1177 659 1236 huc
701 1179 1006 1254 pertinent
1049 1177 1270 1236 avertit
1312 1176 1420 1236 sed
1464 1177 1763 1254 patienter
1806 1176 1940 1236 fert.

508 1279 796 1339 Naturam
874 1279 1114 1356 quidem
1181 1279 1389 1339 hahuit
1452 1277 1764 1339 fautricem
1826 1279 2152 1339 Aeschines
2212 1277 2288 1337 ad
2348 1277 2585 1338 fabulas

341 1382 638 1457 agendas:
685 1399 939 1457 corpore
993 1380 1105 1440 fuit
1149 1380 1386 1440 validus
1441 1378 1633 1452 (Dem.
1678 1380 1733 1440 d.
1780 1399 1899 1440 cor.
1935 1383 2055 1441 129
2100 1377 2302 1454 (270):
2357 1363 2486 1452 ,ὡς
2543 1367 2584 1460 ἡ

336 1472 555 1563 μήτηρ
599 1513 684 1523 —
725 1472 852 1541 τὸν
883 1472 1096 1541 καλὸν
1142 1467 1511 1561 ἀνδριάντα
1539 1476 1654 1540 καὶ
1683 1467 2214 1561 τριταγωνιστὴν
2261 1468 2474 1561 ἄκρον
2501 1513 2583 1523 —-
2689 1478 2692 1482 ’

341 1577 706 1663 ἐξέθρεψέν
753 1582 909 1658 σε“).
997 1585 1160 1646 Voce
1190 1585 1471 1645 utebatur
1514 1603 1739 1645 sonora
1778 1591 1841 1644 et
1870 1591 2142 1645 venusta.
2228 1584 2586 1661 Saepissime

339 1687 772 1747 Demosthenes
816 1688 947 1765 ejus
995 1689 1350 1747 mentionem
1398 1687 1539 1747 facit
1574 1688 1934 1765 judicesque
1996 1691 2227 1758 monet,
2286 1705 2362 1747 ne
2423 1689 2587 1748 vocis

162 1787 212 1850 .’
338 1789 711 1849 Aeschineae
772 1792 1142 1866 praestantia
1218 1796 1571 1850 moveantur
1631 1809 1702 1849 ac
1780 1790 2159 1867 decipiantur
2220 1807 2369 1848 neve
2439 1788 2584 1866 quid

339 1889 503 1951 dicat
545 1893 877 1952 Aeschines
937 1893 1203 1969 quidque
1259 1892 1479 1951 sentiat
1538 1891 1732 1951 discen
1736 1909 1881 1951 nere
1942 1891 2399 1950 obliviscantur:
2446 1891 2500 1949 d.
2547 1890 2587 1949 f.

271 2061 282 2070 ,
339 1993 377 2052 1.
407 1997 529 2055 337
577 1991 752 2067 (449)
815 1986 1077 2062 „xalwc
1135 1986 1249 2051 καὶ
1292 1986 1447 2071 περὶ
1493 1988 1610 2071 τῆς
1653 1989 1881 2070 φωνῆς
1926 1984 2087 2061 ἴσως
2132 1984 2346 2051 εἰπεῖν
2364 1976 2587 2105 'civo'ty-

339 2106 457 2173 κη·
511 2083 698 2154 πάνυ
743 2084 870 2173 γὰρ
923 2089 1092 2172 μέγα
1135 2088 1250 2152 καὶ
1304 2086 1414 2151 ἐπὶ
1473 2082 1681 2170 ταύτῃ
1731 2099 2012 2171 φρονεῖν
2070 2080 2282 2153 αυτὸν
2338 2080 2588 2168 άκούω,

342 2183 431 2266 ὡς
477 2181 1213 2273 καθυποκρινούμενον
1259 2183 1455 2273 υμᾶς·
1513 2187 1660 2272 ἐμοὶ
1706 2188 1777 2254 δὲ
1822 2188 2080 2310 δοῖεεῑτε
2141 2183 2587 2257 ἀτοπώτατον

341 2286 668 2357 ἁπάντων
714 2285 800 2357 ἂν
841 2293 1141 2377 ποιῆσαι,
1187 2290 1290 2357 εἰ.
1425 2285 1828 2378 .τηνικαῦθ’
1875 2285 1968 2369 ὡς
2023 2288 2239 2358 καλὸν
2299 2299 2586 2379 φθεγγο-

342 2394 523 2480 μένῳ
567 2394 996 2481 προσέχοιτε“
1045 2402 1124 2462 ib.
1175 2405 1293 2463 126
1344 2399 1590 2475 (380)»
1693 2398 2107 2481 .τηνικαῦτα
2152 2389 2189 2461 ὁ
2222 2392 2433 2478 σοφὸς
2476 2396 2592 2462 καὶ

345 2494 561 2575 δεινὸς
605 2497 806 2575 οὐτος
853 2499 965 2564 καὶ
1027 2520 1375 2579 ευφωνος.
1413 2506 1512 2562 ..“
1576 2503 1654 2563 ib.
1690 2507 1809 2566 199
1856 2502 2061 2577 (403):
2114 2549 2163 2578 „.
2201 2549 2214 2563 .
2249 2550 2263 2564 .
2296 2499 2409 2565 καὶ
2467 2495 2592 2565 τὸν

342 2600 754 2686 βεβιωμένον
821 2596 1041 2686 ἑαυτῷ
1104 2602 1257 2682 βίον
1316 2591 1555 2665 αὐτίκα
1629 2596 1708 2686 δὴ
1771 2590 1925 2685 μάλ’
1985 2601 2125 2685 ἐρεῖ
2184 2604 2458 2689 λαμπρᾷ
2511 2604 2595 2684 τῇ

344 2706 591 2786 φωνῇ.“
628 2740 713 2750 -
756 2711 833 2770 ib.
865 2714 987 2772 206
1019 2707 1219 2782 (405):
1271 2704 1455 2781 ,τίνα
1490 2700 1559 2766 δὲ
1591 2701 2008 2787 φθέγγεσθαι
2035 2704 2352 2786 μέγιστον
2381 2698 2592 2768 απάν-

341 2827 485 2870 των
549 2806 662 2871 καὶ
727 2796 1086 2887 σαφέστατ’
1153 2798 1237 2870 ἂν
1302 2805 1516 2870 εἰπεῖν
1583 2797 1622 2867 ὅ
1688 2827 1753 2869 τι
1830 2800 2145 2882 βούλοιτο
2211 2808 2295 2887 τῇ
2366 2808 2561 2886 φωνῇ
2574 2829 2596 2882 ,-

345 2904 669 2992 Αἰσχίνην
701 2898 829 2972 οἶδ’
870 2900 977 2971 ὅτι
1019 2908 1350 2972 τουτονὶ.“
1432 2912 1509 2972 ib.
1542 2916 1664 2973 216
1697 2909 1899 2984 (408):
1951 2905 2151 2990 „unde
2178 2928 2249 2989 γε
2295 2904 2351 2970 εἰ
2381 2902 2596 2971 καλὸν

345 3008 460 3072 καὶ
488 3008 651 3093 μέγα
682 2996 885 3082 οὗτος
915 3009 1337 3092 φθέγξεται.“
1400 3016 1474 3074 de
1505 3032 1624 3072 cor.
1658 3017 1784 3075 280
1814 3011 2018 3086 (319):
2056 3007 2203 3085 ,καί
2231 3030 2346 3090 μοι
2377 3007 2595 3085 δοκεῖς

347 3106 420 3173 ἐκ
474 3104 763 3188 τούτων,
807 3108 1115 3195 Αἰσχίνη,
1171 3104 1395 3193 λόγων
1453 3107 1775 3189 ἐπίδειξίν
1828 3130 1982 3173 τινα
2040 3108 2150 3173 καὶ
2212 3108 2597 3189 φωνασκίας

348 3206 761 3295 βουλόμενος
805 3252 887 3262 -—
931 3206 1347 3296 ποιήσασθαι
1391 3212 1643 3275 τοῦτον
1682 3210 2097 3295 προελέσθαι
2140 3205 2265 3274 τὸν
2311 3199 2598 3295 άγῶνα.“

348 3321 426 3381 ib.
472 3322 618 3382 285:
672 3314 950 3398 ,καίπερ
994 3307 1314 3393 εὔφωνον
1357 3304 1586 3391 ὄντα“,
1632 3318 1711 3378 cf.
1754 3321 1894 3396 291,
1942 3321 2086 3396 309,
2130 3323 2270 3381 313.

527 3422 758 3497 Quibus
804 3422 1076 3499 corporis
1107 3421 1279 3481 bonis
1324 3422 1653 3481 instructus
1699 3420 1952 3481 idoneus
1997 3419 2113 3480 fuit
2140 3420 2472 3481 Aeschines
2515 3420 2594 3483 ad

352 3543 457 3585 eas
486 3524 820 3585 fabularum
853 3534 1075 3601 partes,
1118 3522 1333 3600 quibus
1363 3525 1422 3582 in
1465 3522 1717 3598 agendis
1748 3541 1900 3600 opus
1931 3541 2051 3584 non
2082 3528 2213 3583 erat
2255 3527 2442 3585 totum
2473 3524 2599 3583 ani-

352 3644 511 3686 mum
536 3632 717 3703 atque
750 3643 982 3686 omnem
1015 3643 1216 3685 curam
1242 3643 1468 3702 ponere
1498 3625 1557 3684 in
1587 3633 1802 3685 natura
1832 3629 1892 3684 et
1921 3625 2183 3685 moribus
2206 3644 2596 3703 personarum

349 3727 645 3789 imitando
677 3727 1040 3805 effingendis
1071 3732 1256 3804 atque
1287 3725 1694 3805 exprimendis
1723 3726 1825 3787 sed
1861 3727 2238 3805 splendidum
2270 3747 2342 3788 ac
2373 3729 2597 3806 magni·

349 3830 521 3892 ficum
570 3829 869 3891 referebat
929 3834 1233 3890 ostentare
1279 3836 1636 3907 apparatum
1692 3833 1753 3889 et
1797 3846 2013 3906 magna
2058 3831 2145 3890 uti
2191 3847 2374 3909 voce;
2430 3832 2595 3890 trita·

350 3934 719 4010 gonistarum
765 3933 898 3994 dico
943 3939 1184 4011 partes,
1243 3950 1397 4010 quae
1440 3932 1798 4009 plerumque
1843 3936 2015 3991 erant
2058 3950 2266 4010 regum
2329 3936 2389 3993 et
2435 3933 2596 4010 prin-

350 4035 545 4113 cipum
593 4036 787 4111 (Dem.
831 4034 888 4096 d.
919 4035 960 4095 f.
998 4036 1035 4094 l.
1065 4039 1188 4097 246
1235 4031 1441 4108 (418):
1502 4027 1678 4106 ,ἴστε
1741 4023 1867 4113 γὰρ
1929 4019 2156 4113 δήπου
2215 4018 2435 4105 τοῦθ’,
2491 4018 2598 4094 ὅτι

349 4130 423 4197 ἐν
468 4125 672 4198 ἅπασι
701 4144 843 4208 τοῖς
888 4127 1169 4217 δράμασι
1212 4142 1356 4207 τοῖς
1388 4141 1734 4216 τραγικοῖς
1765 4122 2113 4213 ἐξαίρετόν
2157 4128 2341 4195 ἐστιν
2372 4121 2596 4215 ὥσπερ

351 4233 544 4319 γέρας
586 4247 730 4311 τοῖς
785 4246 1334 4318 τριταγωνισταῖς
1377 4223 1458 4296 τὸ
1503 4229 1663 4310 τοὺς
1721 4228 2101 4317 τυράννους
2146 4232 2260 4297 καὶ
2310 4228 2472 4309 τοὺς
2514 4227 2599 4296 τὰ

2124 4354 2183 4403 13
