3166 4871
528 320 651 380 3136

1434 488 1497 560 R
1518 513 1557 560 e
1576 487 1670 582 gi
1693 511 1732 558 o
1827 488 1876 561 Ι.

1561 641 1761 706 Ostia

527 767 761 825 colonia
823 767 1112 824 maritima
1175 766 1317 828 suit:
1396 785 1592 841 neque
1657 766 1988 824 mirandum
2057 771 2146 824 est
2210 767 2283 824 ob
2348 785 2474 822 eam
2539 783 2778 824 causam

529 870 585 926 in
629 869 818 926 titulis
858 869 1272 944 imperatoriae
1316 870 1528 926 aetatis
1560 866 1764 926 Ostiae
1809 870 2061 943 repertis
2107 869 2370 926 invenire
2428 872 2777 943 „patronum

529 972 858 1045 coloniae“,
932 970 1259 1040 „coloniam
1317 969 1690 1030 Ostiensem“
1764 970 1880 1027 alia
1941 970 2204 1028 eiusdem
2270 971 2351 1027 rei
2411 970 2782 1028 documenta.

533 1073 683 1131 Vide
722 1074 924 1131 titulos
963 1073 1149 1130 wilm.
1183 1091 1239 1130 n.
1281 1076 1462 1146 1720,
1516 1076 1696 1145 1721,
1748 1076 1925 1140 1733,
1985 1077 2163 1144 1749,
2219 1076 2397 1131 1723.
2449 1101 2526 1108 -
2572 1073 2783 1146 Causa,

531 1193 639 1234 cur
685 1175 839 1233 hanc
885 1174 1172 1232 coloniam
1229 1174 1502 1232 deductis
1548 1174 1623 1232 ab
1671 1173 1946 1248 Augusto
1992 1173 2342 1248 tribuamus,
2390 1192 2507 1231 nou
2553 1177 2763 1231 exstat.

1512 1337 1804 1400 Antium

533 1447 645 1507 suit
720 1447 951 1506 colonia
1016 1448 1313 1504 maritima
1371 1449 1486 1503 iam
1551 1465 1601 1502 a.
1651 1465 1705 1503 u.
1751 1467 1797 1502 c.
1856 1452 1978 1506 416
2043 1447 2303 1504 deducta
2366 1453 2424 1504 et
2476 1464 2511 1504 a
2571 1446 2782 1505 Tacito

530 1551 601 1609 A.
637 1554 729 1609 15.
764 1553 844 1608 23
898 1554 957 1608 et
1005 1569 1039 1606 a
1071 1547 1353 1606 Suetonio
1402 1567 1455 1606 v.
1502 1549 1706 1606 Neron
1755 1567 1800 1606 c.
1850 1553 1887 1608 9
1937 1553 1994 1606 et
2038 1550 2094 1606 in
2144 1549 2332 1606 titulis
2378 1547 2475 1609 Or.
2513 1567 2567 1606 n.
2601 1551 2785 1624 3180,

539 1654 687 1710 Mur.
734 1655 915 1726 1100,
949 1653 984 1708 5
1035 1651 1268 1709 colonia
1319 1657 1714 1726 nuncupatur.
1777 1651 1984 1726 Itaque
2016 1651 2106 1709 ins
2139 1651 2406 1710 coioniae
2437 1652 2496 1709 in
2530 1655 2784 1709 aetatem

535 1753 975 1830 imperatoriam
1024 1753 1298 1811 servavit.
1390 1753 1593 1828 Atque
1640 1753 1714 1810 ob
1761 1771 1886 1810 cam
1936 1772 2194 1828 causam,
2240 1772 2370 1811 cum
2419 1754 2603 1830 Nero,
2646 1754 2788 1830 quia

534 1856 775 1914 Antium
824 1855 1059 1913 colonia
1104 1854 1276 1912 matri
1324 1855 1648 1931 puerperio
1699 1856 1864 1913 locus
1911 1855 2146 1924 suisset,
2193 1873 2300 1913 suo
2347 1855 2583 1914 nomine
2633 1857 2788 1913 hanc

536 1957 824 2016 coloniam
873 1974 1084 2015 rursus
1131 1955 1481 2024 deduceret,
1544 1956 1791 2015 Tacitus
1842 1958 1909 2016 A.
1946 1961 2041 2016 14.
2077 1961 2152 2016 27
2206 1962 2264 2015 et
2308 1957 2626 2017 Suetonius
2673 1958 2706 2014 1.
2751 1957 2788 2015 1.

535 2058 611 2118 de
645 2059 755 2117 hac
788 2078 851 2117 re
892 2057 1044 2116 idem
1078 2058 1428 2131 referentes,
1478 2065 1790 2119 veteranos
1827 2078 1942 2118 non
1979 2060 2286 2135 deductos,
2318 2060 2421 2119 sed
2453 2059 2789 2137 adscriptos

534 2179 666 2220 esse
729 2161 954 2220 dicunt.
1071 2161 1279 2235 Itaque
1344 2160 1633 2236 oppidani
1701 2181 1818 2220 non
1882 2162 2114 2236 expulsi
2181 2166 2355 2236 sunt,
2434 2161 2537 2220 sed
2595 2162 2783 2220 solum

538 2264 728 2324 coacti
792 2281 979 2323 novos
1040 2264 1284 2322 colonos
1353 2265 1411 2321 in
1461 2264 1757 2322 civitatem
1823 2264 2130 2340 recipere,
2191 2265 2349 2339 quod
2414 2272 2474 2323 et
2531 2265 2787 2340 Augusti

538 2367 907 2444 temporibus
969 2384 1148 2444 saepe
1208 2366 1425 2424 factum
1474 2371 1579 2425 est.
1626 2396 1700 2405 —
1773 2367 1948 2439 Quod
2014 2366 2227 2426 Strabo
2275 2371 2331 2442 5,
2378 2371 2433 2427 3.
2480 2371 2516 2426 5
2581 2368 2788 2426 affert:

537 2458 883 2542 „fflvmm
939 2461 1088 2526 νυνὶ
1140 2464 1264 2544 μὲν
1312 2448 1440 2526 οὖν
1491 2453 1748 2526 ἀνεῖται
1807 2476 1952 2537 τοῖς
2013 2456 2326 2545 ᾑγεμόσιν
2388 2462 2479 2539 εἰς
2539 2459 2788 2546 σχολὴν

529 2567 643 2629 καὶ
702 2560 931 2629 ἄνεσιν
989 2569 1129 2629 τῶν
1175 2569 1569 2639 πολιτικῶν,
1644 2559 1759 2629 ὅτε
1839 2562 2109 2645 λάβοιεν
2183 2558 2422 2648 καιρὸν
2497 2567 2604 2629 καὶ
2680 2558 2791 2629 διὰ

529 2671 733 2732 τοῦτο
802 2662 1400 2752 κατῳκοδόμηνται
1458 2672 1852 2743 πολυτελεῖς
1916 2663 2204 2752 οἰκήσεις
2249 2667 2351 2731 ἐν
2425 2671 2506 2749 τῇ
2568 2664 2788 2746 πόλει,

529 2770 759 2852 συχναὶ
805 2761 975 2853 πρὸς
1019 2760 1136 2844 τὰς
1181 2765 1495 2843 τοιαύτας
1541 2767 1890 2854 ἐπιδημίας
1919 2775 1941 2800 “
2011 2778 2066 2833 id
2113 2777 2188 2834 ad
2237 2776 2643 2834 condicionem
2675 2778 2788 2834 rei·

530 2878 814 2956 publicae
862 2879 1335 2954 cognoscendam
1388 2879 1533 2937 nihil
1576 2880 1766 2937 affert.

1462 3044 1865 3109 Minturnae

537 3152 649 3210 fuit
695 3153 933 3211 colonia
979 3153 1302 3227 maritima3
1362 3170 1557 3228 neque
1607 3154 1934 3211 mirandum
1984 3160 2074 3212 est
2114 3153 2265 3223 idco,
2315 3154 2469 3229 quod
2509 3154 2564 3211 in
2599 3154 2789 3212 titulis

532 3254 819 3313 Hadriani
872 3255 1155 3330 temporis
1204 3255 1241 3310 Ι.
1290 3255 1363 3312 N.
1412 3274 1465 3312 n.
1512 3259 1697 3331 4059,
1743 3260 1919 3315 4060
1970 3255 2198 3313 colonia
2249 3260 2644 3330 nuncupatur.
2702 3285 2790 3294 —

531 3355 704 3427 Quod
751 3355 1030 3431 Hyginus
1087 3355 1273 3414 refert
1317 3376 1370 3433 p.
1424 3360 1543 3416 178
1616 3356 1689 3415 de
1737 3357 1989 3432 Augusti
2047 3356 2509 3415 deductionibus
2556 3357 2788 3416 dicens:

537 3458 729 3528 „sicut
786 3457 846 3516 in
908 3458 1231 3533 Compania
1274 3455 1497 3532 {finibus
1564 3460 2059 3518 Minturnensium
2136 3478 2390 3535 quorum
2469 3479 2625 3518 nova
2687 3459 2787 3517 ad-

530 3561 781 3635 signatio
842 3565 1009 3620 trans
1068 3561 1313 3620 fluvium
1374 3562 1561 3620 Lirim
1621 3563 1911 3620 limitibus
1959 3564 2338 3621 continetur:
2407 3562 2556 3620 citra
2604 3562 2786 3620 Lirim

529 3667 737 3739 postea
797 3661 1179 3739 adsignatum
1241 3683 1351 3740 per
1395 3663 1805 3740 professiones
1855 3670 2120 3723 veterum
2168 3682 2618 3740 possessorum,
2684 3664 2788 3722 ubi

530 3766 643 3823 iam
704 3770 1175 3842 opportunarum
1236 3766 1437 3824 finium
1505 3767 1977 3825 commutatione
2037 3766 2258 3824 relictis
2320 3767 2543 3841 primae
2591 3765 2786 3839 adsig-

530 3868 734 3927 nation
794 3868 1063 3927 terminis
1125 3886 1285 3927 more
1342 3868 1609 3927 arcifiuio
1673 3867 2055 3944 possidetur“
2127 3888 2242 3927 non
2304 3873 2533 3926 tantum
2581 3868 2787 3928 valere

530 3969 668 4028 mihi
714 3968 965 4040 videtur,
1013 3976 1076 4029 ut
1121 3971 1276 4029 inter
1321 3968 1545 4047 oppida
1589 3970 1662 4029 ab
1698 3971 1972 4047 Augusto
2021 3970 2281 4029 deducta
2328 3970 2789 4045 duodetriginta

525 4077 959 4132 numeraretur.

702 4289 746 4354 ¹)
779 4283 848 4337 cs.
886 4285 954 4338 de
991 4286 1093 4338 col.
1131 4286 1306 4339 marit.
1346 4285 1552 4355 Marqu.
1591 4287 1793 4342 enchir.
1833 4293 1863 4342 4
1903 4306 1954 4357 p.
2001 4294 2086 4343 38.
