3166 4871
529 1106 907 1233 Aeschyleis
926 1153 968 1229 ¹)
1043 1156 1258 1217 studiis
1319 1176 1454 1218 cum
1535 1176 1778 1235 operam
1857 1177 2081 1219 navare
2144 1160 2605 1230 constituissem,

359 1257 698 1317 subtiliores
741 1258 875 1319 illas
920 1261 1315 1336 quaestiones,
1363 1278 1520 1337 quae
1563 1260 1626 1320 in
1669 1261 1932 1337 genuina
1975 1261 2256 1322 librorum
2306 1263 2606 1339 scriptura

359 1360 731 1420 restituenda
772 1366 876 1421 aut
920 1362 980 1420 in
1028 1362 1367 1438 Aeschylea
1406 1363 1696 1440 singulari
1744 1364 2118 1441 sublimitate,
2160 1365 2475 1441 gravitate,
2522 1365 2606 1424 in-

361 1463 611 1539 geniosa
654 1463 860 1524 indole
904 1463 1272 1542 mirificeque
1317 1471 1443 1526 arte
1489 1465 1914 1543 perspicienda
1958 1470 2295 1544 versantur,
2341 1468 2426 1526 eis
2473 1485 2608 1544 per·

364 1564 683 1625 mittendas
728 1567 1061 1638 censebam,
1109 1568 1211 1644 qui
1258 1571 1317 1627 et
1360 1586 1589 1627 summo
1635 1568 1860 1645 ingenii
1893 1569 2204 1629 excellunt
2246 1570 2518 1629 acumine
2549 1574 2609 1629 et

362 1665 692 1728 doctriuam
742 1669 1071 1729 uberiorem
1120 1670 1676 1747 accurat-ioremque
1721 1669 1831 1729 sibi
1880 1674 2397 1748 comparaverunt.

534 1771 743 1847 Itaque
802 1771 879 1830 ad
939 1789 1011 1830 ea
1055 1771 1233 1831 malui
1291 1791 1381 1831 me
1428 1772 1702 1832 conferre
1761 1772 1987 1847 studia,
2050 1791 2207 1849 quae
2250 1773 2311 1832 in
2357 1773 2611 1833 scenicis

361 1873 551 1948 poetis
597 1872 938 1933 etiamnunc
984 1874 1313 1933 desiderari
1361 1874 1658 1933 videntur.
1746 1873 2012 1946 Quorum
2047 1875 2104 1933 in
2139 1892 2386 1935 numero
2418 1894 2609 1952 gram-

364 1975 608 2033 maticas
654 1977 1039 2050 quaestiones
1085 1994 1203 2035 non
1247 1974 1512 2034 infimum
1548 1975 1743 2035 locum
1789 1975 2058 2036 obtinere
2091 1981 2295 2052 aperte
2324 1975 2614 2037 indicavit

364 2080 425 2136 et
469 2075 901 2136 eruditissimus
946 2082 1006 2136 et
1050 2077 1557 2155 ingeniosissimus
1590 2076 1954 2137 Graecarum
2003 2077 2334 2138 litterarum
2375 2078 2612 2156 arbiter,

365 2177 741 2238 Godofredus
785 2179 1159 2256 Bernhardy,
1202 2179 1372 2240 cuius
1413 2180 1474 2238 in
1524 2179 1994 2256 paralipomenis
2023 2178 2307 2258 Syntaxis
2345 2180 2613 2241 Graecae

365 2299 423 2357 p.
457 2284 534 2342 13
583 2281 731 2340 haec
777 2287 1014 2341 exstant
1058 2281 1272 2341 verba:
1321 2282 1419 2351 „Si
1582 2286 1643 2341 et
1687 2281 1842 2341 hanc
1874 2281 2208 2342 studiorum
2239 2283 2613 2360 disciplinam

365 2380 490 2454 (scl.
535 2383 872 2443 historicam
921 2380 1228 2461 syntaxin)
1275 2390 1336 2444 ct
1377 2383 1723 2445 interiorem
1785 2383 2116 2445 litterarum
2165 2385 2432 2446 notitiam
2479 2404 2614 2464 pro-

366 2504 606 2546 movere
652 2486 928 2547 volumus
989 2492 1050 2547 et
1109 2488 1348 2547 criticos
1410 2487 1732 2569 adIuvare,
1811 2487 2010 2547 multis
2078 2488 2296 2549 libellis
2355 2507 2465 2566 par
2524 2493 2617 2549 est

367 2588 763 2650 elocutionem
811 2595 1122 2650 auctorum
1170 2591 1437 2650 cuiusvis
1483 2591 1710 2666 gradus
1769 2595 2068 2666 notaeque
2126 2591 2467 2667 singulatim
2516 2610 2614 2652 ex·

366 2692 594 2768 plicari.
682 2692 837 2751 Hinc
894 2691 1433 2753 fructuosissimam
1481 2697 1542 2752 et
1586 2691 2018 2769 propemodum
2080 2693 2362 2753 intactam
2407 2697 2619 2771 petent

368 2795 707 2872 materiam,
768 2813 918 2871 quos
964 2795 1133 2855 iuvat
1177 2796 1483 2854 scientiam
1545 2794 1922 2871 antiquitatis
1969 2794 2234 2855 Graecae
2281 2815 2398 2856 non
2445 2797 2615 2856 vanis

368 2896 817 2973 quaestionibus
864 2896 1130 2956 ornare.“

540 3000 629 3057 Ac
674 2998 891 3058 talibus
938 2996 1178 3075 quidem
1225 2998 1436 3057 studiis
1478 2999 1539 3056 in
1590 3015 1659 3057 eo
1693 2998 2040 3073 praesertim
2074 3016 2226 3075 opus
2257 3016 2388 3059 esse
2418 3004 2617 3059 vetus-

369 3101 591 3161 tissimo
638 3099 1090 3160 Atheniensium
1133 3105 1406 3177 auctore,
1467 3100 1568 3177 qui
1616 3104 1675 3159 et
1721 3098 1942 3175 ingenii
1990 3099 2260 3159 sollertia
2304 3101 2621 3162 eminuerit

371 3208 432 3264 et
475 3203 613 3262 novi
660 3203 900 3279 generis
945 3204 1117 3278 quasi
1163 3220 1384 3279 parens
1431 3203 1648 3262 ceteris
1692 3202 1886 3279 poetis
1930 3203 2181 3262 scenicis
2225 3203 2383 3262 viam
2429 3205 2617 3263 muni·

371 3305 541 3376 verit,
587 3306 723 3382 quis
767 3311 873 3382 est,
917 3305 1061 3380 quin
1107 3304 1287 3365 facile
1333 3305 1443 3364 sibi
1490 3300 1970 3381 persuadeatP2)

542 3408 695 3467 Nam
766 3407 928 3483 quod
1002 3407 1155 3467 idem
1232 3405 1591 3484 Bernhardy
1666 3407 1725 3465 in
1803 3407 2151 3465 universum
2215 3406 2486 3467 iudicans
2546 3409 2621 3469 de

375 3510 648 3570 omnibus
704 3509 1145 3586 tragoediarum
1205 3508 1597 3585 scriptoribus
1656 3507 1994 3586 contendit,
2054 3509 2301 3569 atticum
2348 3527 2450 3570 eos
2495 3528 2618 3571 ser-

552 3675 594 3739 ¹)
626 3672 693 3726 In
743 3671 1003 3727 versibus
1049 3670 1406 3726 numerandis
1455 3670 1731 3725 editonem
1777 3669 2195 3725 Dindorfianam
2244 3670 2313 3726 V.
2396 3671 2622 3741 Lipsiae

377 3755 787 3814 MDCCCLXV
823 3761 1052 3812 secutus
1090 3772 1226 3810 sum.

548 3845 595 3908 ²)
630 3843 732 3897 His
777 3841 1144 3912 grammaticis
1191 3840 1616 3912 quaestionibus
1665 3840 1774 3896 etsi
1821 3839 2114 3896 doctorum
2161 3841 2406 3896 virorum
2451 3858 2626 3911 opera

381 3943 494 3983 non
541 3926 750 3994 defuit,
796 3933 981 3982 tamen
1027 3942 1137 3980 non
1176 3941 1354 3994 pauca
1403 3931 1612 3980 restare
1666 3930 1850 3980 monet
1895 3924 2223 3996 Bernhardy
2267 3926 2533 3996 (Grundr.
2570 3928 2624 3982 d.

380 4014 474 4069 Gr.
499 4014 631 4069 Litt.
656 4013 728 4081 11,
756 4016 801 4066 2.
841 4030 893 4082 p.
921 4013 1044 4080 213)
1068 4011 1156 4066 his
1181 4011 1391 4066 verbis:
1434 4011 1567 4072 „Um
1593 4011 1733 4065 iiber
1768 4011 2056 4065 tastendes
2077 4011 2282 4066 Gefuhl
2317 4011 2516 4066 hinaus
2554 4028 2626 4066 zu

379 4096 565 4155 festen
600 4097 932 4154 Einsichten
966 4098 1024 4151 in
1060 4096 1151 4151 die
1187 4096 1596 4165 Sprachkunst,
1630 4095 1742 4150 den
1778 4094 2030 4150 Satzbau
2067 4096 2180 4150 und
2217 4096 2321 4150 Stil
2359 4097 2458 4151 der
2492 4096 2622 4150 Tra-

381 4183 549 4252 gbdie
587 4200 656 4238 zu
702 4184 1004 4253 gelangen,
1053 4180 1255 4237 bedar-f
1296 4197 1418 4235 man
1471 4182 1572 4235 der
1609 4180 2042 4249 Monographien
2081 4180 2219 4235 tiber
2254 4180 2353 4235 das
2389 4180 2627 4250 Sprach-

383 4276 595 4341 system
632 4269 746 4324 und
781 4269 874 4324 die
909 4267 1183 4324 Rhetorik
1218 4268 1317 4323 der
1354 4267 1672 4336 tragischen
1708 4266 1979 4321 Meister.“

2188 4372 2220 4424 8
