3166 4871
1104 272 1189 328 De
1224 271 1428 327 nomin.
1465 273 1523 327 in
1559 290 1729 337 -αιος.
1795 272 1829 343 ξ
1866 277 1947 344 79,
2537 278 2654 339 241

411 449 722 526 begraben
755 452 880 510 sein
912 443 1136 510 sollte“.
1207 442 1323 511 Hic
1352 452 1532 527 igitur
1566 451 1815 529 juvenis
1846 453 2091 530 proprie
2128 452 2308 512 vitam
2332 452 2663 529 juvenilem

415 556 481 611 et
545 553 953 611 intemeratam
1018 552 1407 629 significabat.
1509 555 1731 613 Postea
1796 572 1980 630 quum
2057 573 2175 613 non
2250 553 2666 630 intelligerent,

412 654 564 731 quid
610 656 668 715 in
715 656 1058 730 nuptiarum
1106 655 1406 715 hilaritate
1450 656 1558 715 sibi
1605 656 1831 717 vellent
1886 657 2189 733 planetus,
2243 656 2484 717 fabulae
2527 656 2665 717 illae

413 758 701 816 inventae
732 762 893 836 sunt,
936 757 1199 834 denique
1245 759 1631 834 Hymenaeus
1674 758 1771 818 ille
1817 759 1996 819 toties
2039 759 2353 819 invocatus
2398 777 2508 836 pro
2552 760 2666 820 deo

415 859 766 936 nuptiarum
812 859 1090 936 praeside
1137 859 1483 920 habebatur.
1562 862 1650 919 De
1696 861 2033 937 veriloquio
2079 860 2227 920 nihil
2271 861 2465 922 audeo
2508 861 2665 923 affir-

414 980 601 1020 mare.
686 960 803 1022 Sed
849 962 964 1021 hoe
1018 962 1157 1021 mihi
1222 966 1447 1022 eertum
1506 980 1638 1023 esse
1685 963 1951 1040 videtur,
1996 949 2195 1042 Ὑμήν
2239 968 2301 1024 et
2331 950 2667 1041 Ὑμέναιος

413 1064 574 1123 idem
630 1062 968 1140 significare
1021 1069 1082 1123 et
1130 1064 1341 1124 iisdem
1386 1064 1620 1125 suffixis
1662 1064 1739 1125 ab
1782 1064 1987 1125 eadem
2035 1065 2236 1125 radice
2281 1066 2681 1128 descendere.

413 1165 620 1239 (Quod
655 1153 855 1244 Ὑμήν
896 1167 1138 1243 longum
1184 1184 1422 1244 semper
1467 1185 1529 1237 v,
1563 1154 1903 1245 Ὑμέναιος
1947 1168 2130 1227 breve
2175 1167 2396 1229 habere
2441 1168 2668 1248 dieunt,

411 1273 647 1328 rectum
694 1287 814 1329 non
859 1273 978 1346 est,
1036 1288 1170 1328 nam
1232 1271 1412 1328 etiam
1446 1256 1647 1347 Ὑμήν
1700 1262 1941 1330 brevem
1991 1270 2171 1329 habet
2212 1271 2481 1331 vocalem
2524 1273 2667 1332 Eur.

413 1373 562 1432 Tro.
607 1367 725 1428 331
782 1358 983 1448 Ὑμὴν
1027 1350 1083 1428 ὦ
1117 1355 1398 1448 Ὑμέναι’
1442 1357 1645 1450 Ὑμήν
1688 1372 1749 1431 in
1811 1372 2130 1450 glyconeo,
2195 1376 2257 1431 et
2299 1373 2548 1435 Phaeth.
2594 1373 2667 1434 fr.

416 1471 564 1551 781,
618 1472 683 1530 14
727 1461 929 1551 Ὑμήν
963 1460 1183 1552 Ὑμήν,
1229 1474 1323 1533 cui
1370 1473 1698 1551 respondet
1742 1460 1784 1532 ἁ
1827 1463 1953 1533 τὸν
1994 1467 2244 1551 μέγαν).
2334 1477 2552 1536 Forma
2595 1495 2668 1536 ea

416 1576 582 1636 unde
629 1579 949 1652 utrumque
994 1575 1333 1652 descendit,
1392 1575 1497 1635 vix
1555 1595 1686 1637 esse
1746 1581 1947 1654 potest
2003 1576 2115 1637 nisi
2160 1562 2395 1656 ὕμεὺο,
2453 1578 2668 1639 suffixo

412 1678 772 1758 participiali
821 1677 1158 1739 formatum.
1246 1680 1411 1739 Haec
1457 1680 1935 1755 etymologorum
1982 1698 2225 1757 quoque
2266 1682 2667 1743 recentiorum

409 1782 716 1842 sententia
772 1785 880 1841 est.
981 1780 1269 1857 Benfeyio
1314 1782 1371 1857 Ι,
1418 1777 1540 1838 406
1600 1768 1775 1861 ὑμήν
1838 1782 2081 1843 videtur
2149 1801 2280 1845 esse
2350 1788 2456 1844 aut
2514 1785 2670 1863 „der

410 1876 781 1964 preisende“
840 1903 878 1943 a
921 1882 1049 1943 rad.
1091 1899 1195 1955 su,
1270 1883 1431 1943 unde
1474 1868 1713 1962 ὕμνος,
1769 1902 1885 1944 ser.
1925 1900 2138 1943 stanna
2179 1884 2391 1947 eodem
2451 1886 2667 1948 suffixo

414 1984 826 2064 descendunt,
888 1990 995 2045 aut
1055 1985 1206 2061 „der
1264 1990 1397 2063 gott
1453 1985 1563 2046 der
1619 1979 1948 2064 zeugung“
2009 2006 2047 2046 a
2090 1987 2217 2047 rad.
2269 1983 2342 2045 sa
2400 1990 2667 2066 gignere.

415 2089 614 2166 Magis
665 2089 862 2165 placet
906 2088 1086 2148 Pottii
1141 2090 1346 2166 opinio
1404 2089 1524 2149 EF.
1577 2086 1641 2165 1,
1686 2084 1836 2167 230,
1902 2076 2080 2167 ὑμήν
2139 2107 2272 2169 esse
2331 2091 2485 2169 „der
2535 2110 2666 2152 ver-

413 2182 725 2268 knflpfer“
785 2210 822 2251 a
881 2190 1006 2250 rad.
1065 2185 1136 2250 υέ
1196 2195 1433 2264 texere,
1496 2191 1659 2268 quod
1720 2192 1871 2251 bene
1931 2193 2213 2269 congruit
2268 2211 2405 2254 cum
2450 2193 2667 2254 Catulli

414 2292 784 2367 consumtor
815 2294 1040 2351 amoris
1072 2290 1171 2365 61,
1196 2292 1294 2352 45.
1352 2293 1411 2355 Si
1446 2298 1645 2353 autem
1678 2295 2064 2370 Hymenaeus
2094 2297 2339 2373 proprie
2371 2315 2491 2357 non
2519 2297 2668 2357 deus

419 2396 763 2474 nuptiarum
797 2394 928 2473 fuit,
972 2394 1079 2455 sed
1111 2396 1309 2473 imago
1340 2396 1513 2473 quasi
1544 2397 1705 2457 vitae
1735 2396 2151 2475 intemeratae,
2205 2397 2310 2459 illa
2339 2399 2669 2477 veriloquia

417 2517 565 2559 vera
609 2517 741 2559 esse
785 2517 907 2559 non
951 2503 1222 2575 possunt.
1294 2497 1486 2573 Quam
1518 2499 1597 2560 ob
1643 2518 1765 2560 rem
1812 2500 1971 2561 haud
2017 2501 2141 2562 scio
2185 2519 2263 2562 an
2311 2505 2476 2564 recte
2505 2503 2670 2564 Serv·

415 2601 490 2662 ad
551 2602 703 2661 Aen.
745 2601 860 2679 IV,
905 2597 985 2658 99
1052 2602 1207 2678 „Est
1268 2603 1445 2662 etiam
1512 2603 1633 2662 alia
1697 2603 1848 2663 ratio
1916 2604 2222 2664 vocabuli:
2289 2623 2424 2664 nam
2489 2623 2669 2682 ymen

418 2703 718 2781 quaedam
781 2705 1127 2764 membrana
1186 2705 1359 2781 quasi
1405 2705 1715 2781 virginalis
1765 2706 2005 2782 puellae
2059 2723 2193 2766 esse
2238 2705 2488 2785 dicitnr,
2549 2726 2671 2784 qua

421 2811 602 2883 rupta
648 2806 793 2882 quia
835 2806 1073 2866 desinat
1117 2824 1248 2866 esse
1296 2807 1492 2884 virgo,
1539 2807 1854 2884 hymenaei
1903 2808 2147 2885 nuptiae
2190 2803 2445 2870 dictae“.
2534 2809 2672 2887 Epi-

419 2908 836 2970 thalamiorum
903 2909 1057 2968 euim
1123 2927 1293 2970 usum
1362 2914 1482 2968 tam
1547 2914 1963 2985 pervetustum
2029 2928 2161 2970 esse
2221 2916 2397 2987 puto,
2468 2914 2535 2970 ut
2594 2930 2669 2971 ex

423 3012 770 3098 priscorum
809 3016 1145 3087 temporum
1189 3009 1421 3072 feritate
1467 3012 1582 3072 hoe
1628 3011 2017 3089 ephymnium
2060 3012 2348 3072 traditum
2379 3029 2514 3073 esse
2543 3014 2673 3074 veri

422 3131 542 3173 non
587 3113 668 3174 sit
711 3112 1002 3174 absimile.

593 3318 704 3377 llis
749 3315 1009 3393 denique
1055 3315 1333 3377 addenda
1377 3322 1519 3378 sunt
1572 3316 1818 3378 nomina
1872 3318 1931 3378 in
1985 3334 2197 3396 μαιος.
2282 3319 2400 3380 Sed
2446 3318 2521 3379 de
2566 3318 2673 3397 his,

427 3423 492 3478 ut
546 3437 704 3495 quae
764 3417 1005 3478 difficile
1066 3418 1465 3480 discernenda
1524 3420 1647 3480 sint
1708 3439 1745 3480 a
1806 3420 2264 3482 denominativis
2322 3422 2382 3480 iu
2441 3437 2675 3499 ιμαιος,

427 3524 671 3598 propria
716 3521 990 3597 quaestio
1038 3527 1147 3599 cst,
1190 3540 1367 3598 quam
1413 3523 1686 3612 proximo
1718 3523 1983 3598 capitulo
2015 3542 2377 3601 quamquam
2423 3543 2543 3584 non
2575 3526 2674 3585 ab·

426 3624 755 3702 solvemus,
797 3624 1078 3699 quoniam
1111 3624 1236 3684 otio
1266 3643 1425 3684 nune
1454 3643 1749 3703 caremus,
1790 3632 1853 3686 at
1881 3626 2140 3690 breviter
2169 3627 2675 3689 adumbrabimus.

1159 3791 1219 3857 3.
1309 3789 1561 3856 Nomina
1606 3789 1663 3854 in
1709 3812 1942 3873 ιμαιος.

597 3941 709 4007 79.
800 3946 892 4006 Ad
949 3947 1120 4008 nulla
1172 3949 1409 4020 nomina
1470 3948 1755 4009 suffixum
1802 3926 1910 4007 αἰο
1955 3950 2196 4027 saepius
2238 3950 2540 4027 adjectum
2585 3956 2678 4012 est

431 4066 609 4125 quam
658 4048 736 4107 ad
784 4067 858 4108 ea
902 4068 1056 4126 quae
1100 4049 1160 4108 in
1208 4066 1356 4128 ιμος
1400 4054 1460 4110 et
1503 4066 1606 4121 ιος
1651 4051 1951 4112 desinunt.
2037 4053 2130 4112 Ita
2172 4051 2394 4112 factum
2439 4059 2555 4130 est,
2611 4059 2678 4112 ut

433 4169 588 4209 nova
654 4149 950 4228 quaedam
1018 4151 1236 4214 suffixa
1301 4153 1628 4229 composita
1691 4158 2085 4213 nascerentur
2149 4170 2330 4231 ιμαιο
2399 4159 2459 4212 et
2522 4169 2674 4211 ιαιο.

432 4253 754 4328 Utriusque
814 4253 1034 4340 suffixi·
1076 4254 1542 4331 significationes
1607 4274 1723 4314 non
1785 4256 1977 4315 minus
2037 4254 2242 4315 variae
2300 4261 2442 4314 sunt
2496 4273 2675 4330 qnam

2205 4371 2266 4419 16
