3166 4871
2533 299 2658 358 369

417 491 471 530 n.
502 475 687 542 4623,
734 477 792 530 et
838 490 1053 548 magno
1101 471 1538 547 aequaeduetu‚
1583 470 1658 529 dc
1716 489 1834 546 quo
1880 471 2066 530 edixit
2111 473 2223 531 wi.
2270 491 2324 530 n.
2369 475 2506 541 784,
2553 491 2662 548 per

416 591 589 651 quem
640 575 831 633 coloni
892 593 1011 633 non
1060 574 1250 632 solum
1301 593 1516 650 aquam
1567 574 1841 633 omnibus
1885 574 2249 651 reipublicae
2294 574 2663 650 muneribus,

414 675 519 735 sed
565 677 739 735 etiam
788 676 1040 736 sortasse
1088 694 1336 752 magnos
1382 694 1616 735 annuos
1661 674 1890 735 reditus
1937 675 2134 752 adepti
2182 679 2339 735 sunt.

1496 889 1696 958 Sora.

413 1019 476 1080 G.
505 1019 559 1078 X
605 1039 659 1096 p.
692 1023 835 1098 560,
868 1022 1009 1082 561.
1096 1021 1344 1079 Praeter
1389 1019 1643 1078 Plinium
1691 1038 1765 1078 ex
1811 1018 1998 1079 titulis
2042 1019 2278 1078 duobus
2322 1019 2375 1077 X
2403 1038 2459 1077 n.
2492 1022 2653 1079 5711

412 1125 471 1181 et
503 1141 559 1181 n.
591 1126 755 1183 5713
802 1120 910 1195 (=
944 1125 1053 1182 Wi.
1087 1143 1144 1183 n.
1182 1125 1369 1195 1427)
1416 1122 1620 1182 Soram
1670 1123 1959 1181 coloniam
2007 1121 2265 1197 Augusti
2310 1120 2491 1180 fuisse
2538 1119 2658 1180 effi·
2751 1129 2757 1136 ·

411 1224 582 1283 citur.
648 1224 803 1284 Nam
846 1226 908 1283 in
942 1225 1131 1285 altero
1163 1229 1550 1301 nuncupatur
1585 1221 1875 1296 [col]onia
1905 1223 2011 1283 Iul.
2043 1216 2423 1301 pra[etoria?
2481 1219 2656 1295 Sora]

410 1326 560 1385 alter
605 1331 800 1386 autem
848 1326 947 1386 hic
993 1331 1108 1386 est:
1170 1328 1242 1387 L.
1273 1327 1509 1386 Firmio.
1554 1327 1623 1386 L.
1668 1326 1706 1385 f.
1752 1326 1917 1402 prim.
1964 1326 2062 1403 pil.
2107 1329 2179 1385 tr.
2226 1325 2326 1384 mil
2363 1316 2374 1404 Ι
2412 1325 2528 1384 ΠΙΙ
2568 1325 2660 1384 vir

410 1429 448 1487 i.
496 1427 549 1487 d.
589 1419 599 1504 Ι
640 1429 870 1488 colonia
916 1428 1177 1488 deducta
1215 1423 1225 1505 Ι
1264 1429 1434 1505 prim.
1475 1427 1741 1506 pontifici
1780 1422 1789 1507 Ι
1830 1429 1941 1505 leg.
1974 1429 2088 1487 1111
2128 1425 2376 1504 Sorana,
2413 1427 2658 1487 honoris

410 1535 471 1589 et
515 1530 752 1590 virtutis
799 1549 991 1591 causa.
1096 1533 1184 1590 De
1217 1549 1336 1607 quo
1383 1531 1555 1590 titulo
1602 1531 1660 1589 in
1706 1529 2093 1589 adnotatione
2125 1531 2525 1589 Mommsenus
2570 1529 2656 1588 sic

408 1631 709 1707 iudicavit,
755 1639 819 1691 ut
865 1633 1156 1708 legionem
1206 1635 1479 1709 quartam
1515 1633 1699 1693 Sorae
1745 1631 2036 1691 delectam
2081 1636 2140 1691 et
2168 1631 2309 1690 illuc
2341 1629 2655 1690 deductam

409 1751 560 1811 esse,
604 1734 670 1793 L.
716 1736 998 1794 Firmium
1046 1740 1244 1794 autem
1276 1754 1351 1794 ex
1383 1736 1735 1810 magistratu
1770 1734 2069 1812 municipii
2105 1735 2357 1809 primum
2390 1731 2658 1792 coloniae

409 1836 747 1913 pontificem
792 1838 1013 1897 factum
1060 1856 1190 1897 esse
1236 1840 1493 1914 putaret.

581 1953 752 2026 Quod
815 1955 1235 2015 Wilmannsius
1282 1955 1531 2015 adnotat
1591 1956 1751 2014 hunc
1813 1957 2049 2014 titulum
2113 1957 2194 2022 (n.
2247 1951 2433 2026 1427)
2480 1954 2659 2013 docu-

410 2062 668 2115 mentum
732 2075 863 2116 esse
911 2060 1039 2117 eius
1084 2059 1199 2129 rei,
1263 2077 1440 2135 quam
1488 2058 1739 2118 Tacitus
1785 2058 1968 2118 refert
2011 2061 2077 2117 Α.
2126 2062 2218 2118 14.
2252 2062 2340 2130 27,
2378 2061 2533 2118 totas
2578 2057 2656 2115 le-

409 2160 618 2234 giones
678 2179 809 2219 cum
878 2162 1132 2221 tribunis
1209 2167 1267 2220 et
1345 2162 1797 2221 centurionibus
1873 2161 2164 2221 deductas
2237 2178 2369 2220 esse
2434 2159 2658 2234 dicens,

411 2262 660 2320 maxime
693 2260 935 2322 dubium
970 2269 1073 2322 est.
1137 2264 1290 2322 Nam
1337 2264 1385 2322 si
1430 2264 1675 2323 Tacitus
1719 2264 1974 2341 Augusti
2021 2268 2271 2323 aetatem
2319 2261 2657 2340 significare

409 2362 714 2440 voluisset,
758 2369 921 2423 certe
967 2384 1086 2425 non
1133 2383 1339 2424 vocem
1393 2369 1494 2435 „ut
1538 2365 1712 2424 olim“
1765 2367 2075 2443 posuisset.

1146 2598 1471 2664 Teanum
1522 2596 1941 2665 Sidicinum.

411 2722 483 2782 cf.
528 2722 581 2782 X
625 2743 682 2800 p.
727 2727 878 2794 471;
954 2725 1155 2801 Agrim
1192 2724 1244 2782 11
1293 2743 1349 2801 p.
1392 2728 1532 2785 287.
1621 2724 1781 2785 Certi
1828 2724 1980 2782 tituli
2027 2724 2072 2783 1.
2103 2724 2176 2784 N.
2210 2742 2266 2783 n.
2299 2725 2464 2783 3989
2510 2726 2571 2781 et
2601 2742 2657 2781 n.

412 2829 576 2886 3999
608 2825 876 2884 Teanum
924 2826 1211 2885 coloniam
1249 2825 1555 2886 Claudiam
1591 2826 1849 2885 Firmam
1882 2825 2202 2902 appellant,
2247 2824 2658 2884 demonstrant

413 2927 564 2985 lianc
611 2927 897 2986 coloniam
947 2947 1065 2986 non
1109 2928 1184 2987 ab
1230 2929 1505 3005 Augusto
1554 2927 1868 2988 deductam
1918 2946 2074 3004 esse,
2133 2927 2295 3004 quod
2354 2926 2502 2987 liber
2547 2927 2653 2986 col.

408 3048 462 3106 p.
512 3032 633 3090 238
677 3028 864 3107 ponit,
907 3029 1012 3088 sed
1059 3048 1095 3088 a
1141 3030 1420 3109 Claudio;
1495 3049 1632 3090 nam
1665 3032 1919 3107 Augusti
1967 3048 2181 3090 nomen
2215 3029 2398 3089 deest.
2464 3028 2654 3105 quue

411 3131 707 3190 stabilitur
766 3151 834 3190 ea
896 3150 994 3209 re,
1056 3132 1218 3209 quod
1280 3134 1338 3191 in
1402 3133 1531 3192 aliis
1591 3132 1779 3192 titulis
1842 3134 1976 3193 aevi
2030 3131 2276 3193 Claudio
2338 3131 2655 3191 anterioris

410 3235 806 3310 quattu01·viri
856 3235 1263 3312 inveniuntur,
1306 3236 1658 3312 posterioris
1703 3235 1953 3295 duoviri.

1396 3448 1572 3514 Nola
1599 3454 1665 3527 ¹).

583 3575 672 3636 cf.
717 3576 779 3636 C.
822 3575 894 3634 X.
943 3594 996 3651 p.
1049 3579 1186 3635 142.
1288 3570 1536 3635 P'raeter
1580 3575 1754 3635 Plinii
1802 3577 2201 3635 testimonium
2235 3576 2448 3635 Nolam
2494 3574 2650 3633 eolo-

410 3679 566 3736 niam
616 3678 794 3737 fuisse
841 3677 1093 3737 docetur
1124 3678 1310 3737 titulis
1341 3678 1408 3736 X„
1445 3697 1498 3736 n.
1538 3682 1716 3752 1236,
1753 3682 1932 3755 1244,
1970 3682 2147 3750 1249,
2183 3682 2373 3747 1265;
2418 3676 2493 3735 ab
2532 3677 2654 3736 Au-

408 3784 588 3857 gusto
645 3778 961 3839 deductam
1021 3797 1153 3838 esse
1216 3779 1472 3839 efficitur
1531 3781 1705 3841 titulo
1781 3776 2136 3840 Diocletiani
2196 3781 2324 3839 aevi
2381 3798 2439 3838 n.
2489 3782 2653 3839 1244

408 3879 517 3954 (=
568 3879 771 3952 1976),
834 3881 933 3941 ubi
979 3881 1323 3958 appellatur
1369 3883 1476 3942 col.
1522 3882 1691 3942 Felix
1736 3881 1889 3958 Aug.

585 4183 625 4249 ¹)
660 4179 963 4235 Belochius
999 4197 1053 4248 p.
1092 4184 1188 4235 392
1226 4180 1259 4234 1.
1299 4181 1333 4233 1.
1370 4178 1513 4235 falso
1551 4180 1889 4249 suspicatur,
1927 4180 2117 4235 Nolam
2155 4179 2342 4235 Sullae
2376 4179 2648 4235 coloniam

408 4265 603 4332 fuisse,
638 4266 772 4334 quia
811 4266 1028 4327 „Felix“
1068 4267 1399 4334 appellatur.
