3166 4871
552 255 675 317 316

555 435 614 488 et
659 448 778 489 non
828 433 992 488 rcctc
1024 428 1082 487 id
1112 428 1228 487 sed
1255 432 1654 499 mutaverunt,
1699 425 2041 487 Schefl'erus
2072 444 2235 486 morc
2279 443 2389 485 suo
2419 428 2486 483 at
2514 424 2794 502 scripsit.)

554 532 629 591 cf.
675 530 872 591 Hand.
902 532 960 590 11
992 528 1136 609 496,
1165 534 1223 591 4.
1311 530 1602 606 Draeger.
1646 529 1682 600 ἓ
1714 534 1857 607 311,
1891 533 1987 592 10.
2059 528 2365 589 Kuehncr.
2396 528 2453 587 11
2499 525 2535 596 ἓ
2570 530 2713 603 151,
2741 531 2796 589 8.

553 664 640 675 -
685 631 845 692 haud
892 633 974 692 ita
1019 630 1319 692 dissimilis
1360 631 1501 692 huic
1533 632 1670 691 usui
1699 635 1792 692 est
1821 632 1889 698 is,
1934 648 2110 708 quem
2142 630 2416 690 Handius
2445 628 2530 702 (ΙΙ
2559 632 2704 707 488,
2734 629 2797 701 3)

554 737 640 796 ita
683 734 997 795 describit:
1059 735 1459 794 voculationis
1500 734 1740 809 modus,
1800 748 1973 808 quem
2026 749 2163 793 cum
2204 733 2501 793 anaor-usi
2542 732 2801 792 metrica

555 837 1064 913 comparavimus,
1125 838 1305 896 etiam
1349 834 1431 895 ibi
1474 837 1669 897 locum
1712 834 1963 913 obtinet,
2016 834 2121 895 ubi
2178 836 2241 895 in
2283 836 2478 896 altera
2520 836 2617 895 vel
2657 850 2798 894 con·

560 943 764 999 traria
795 943 988 1014 parte
1031 939 1269 1013 aliquid
1311 944 1403 998 est
1447 938 1911 1013 decimandum,
1958 939 2121 1013 quod
2146 939 2391 1012 aequali
2414 937 2801 998 submittatur

558 1041 803 1100 rationi.
863 1040 1132 1101 Handius
1163 1039 1282 1101 duo
1314 1041 1490 1100 affert
1519 1041 1811 1118 exempla,
1848 1040 2099 1100 alterum
2133 1039 2379 1116 Vergilii
2409 1037 2542 1113 (ecl.
2564 1039 2651 1098 111
2677 1036 2802 1115 62),

561 1143 814 1204 alterum
861 1142 1186 1219 Calpurnii,
1232 1161 1307 1203 ex
1351 1161 1473 1219 quo
1519 1146 1776 1221 apparet
1819 1142 1981 1203 hunc
2023 1160 2195 1202 usum
2241 1159 2374 1203 esse
2418 1141 2799 1202 rarissimum.

560 1244 791 1305 accedit
834 1246 1044 1321 etiam,
1088 1243 1251 1322 quod
1298 1245 1659 1322 Calpurnius
1703 1245 1819 1305 hoc
1863 1245 1995 1305 loco
2040 1242 2174 1317 (ccl.
2215 1245 2275 1305 11
2318 1248 2433 1321 32,
2478 1244 2579 1303 ubi
2625 1243 2799 1304 Glae-

562 1365 733 1407 serus
778 1346 1014 1424 quidem
1063 1352 1275 1407 contra
1318 1347 1642 1424 plerosque
1688 1346 1862 1407 codd.
1906 1351 1971 1405 at
2001 1344 2233 1420 scribit)
2265 1340 2614 1424 Vei-gilium,
2656 1346 2801 1405 Ver·

563 1449 744 1526 gilius
786 1454 981 1509 autem
1012 1447 1396 1509 Theocritum
1430 1450 1505 1519 (V
1535 1453 1620 1511 80
1643 1448 1853 1527 seqq.),
1895 1449 2157 1509 imitatus
2202 1452 2307 1510 est.
2368 1447 2579 1509 eodem
2626 1447 2803 1509 modo

563 1551 882 1611 Petronius
928 1556 987 1609 et
1032 1551 1268 1612 duobus
1312 1552 1458 1611 locis
1502 1555 1775 1630 usurpat,
1819 1571 1868 1612 c.
1899 1555 1980 1613 45
2028 1551 2168 1628 (52,
2213 1556 2282 1613 6:
2326 1566 2539 1631 munus
2583 1555 2800 1623 tamem,

564 1654 782 1728 inquit,
846 1650 954 1712 aba·
1015 1652 1171 1722 aedi.
1219 1683 1306 1694 —
1350 1660 1409 1713 et
1467 1670 1576 1728 eqo
1639 1652 1745 1714 tibi
1776 1651 2007 1729 plocio.)
2034 1641 2113 1714 et
2158 1657 2238 1715 57
2285 1657 2418 1730 (66,
2465 1655 2576 1713 17:
2620 1667 2805 1726 eques

565 1755 876 1814 Romanus
920 1772 999 1815 ες.
1050 1759 1112 1815 et
1160 1771 1273 1831 eqo
1319 1756 1482 1832 reqis
1519 1757 1710 1828 filius.
1771 1756 2113 1817 Scheffcrus
2156 1761 2221 1815 at
2264 1773 2374 1833 pro
2421 1760 2480 1813 ct
2524 1752 2806 1832 scripsit.)

565 1857 974 1918 adnotandum
992 1860 1190 1918 autem
1205 1862 1296 1919 cst
1308 1859 1652 1919 Petronium
1670 1859 1731 1919 in
1749 1859 2160 1919 libertinorum
2182 1861 2415 1918 tantum
2432 1857 2803 1918 sermonibus

566 1959 678 2019 hac
720 1959 997 2020 libertate
1043 1961 1144 2019 uti.
1186 1990 1269 2000 —
1313 1961 1677 2021 notissimum
1725 1965 1817 2021 est
1860 1961 2045 2021 multo
2089 1960 2286 2020 rarius
2328 1978 2365 2019 a
2410 1960 2803 2038 scriptoribus

567 2062 829 2139 Latinis,
873 2067 934 2121 et
977 2107 991 2121 .
1039 2107 1053 2121 .
1104 2064 1285 2123 etiam
1327 2064 1387 2122 in
1436 2082 1556 2124 una
1603 2064 1901 2125 sententia
1947 2064 2259 2140 coniungi,-
2311 2081 2487 2140 quam
2534 2067 2803 2124 nostrum

568 2164 690 2224 und
736 2211 750 2225 .
795 2208 811 2225 .
854 2166 1010 2225 auch
1055 2185 1092 2225 a
1136 2166 1525 2226 nostratibus.
1610 2172 1809 2226 tamen
1855 2165 2018 2244 apud
2068 2164 2414 2226 Petronium
2458 2164 2620 2225 haud
2665 2183 2802 2225 raro

569 2266 803 2343 legitur.
890 2266 966 2326 cf.
1012 2275 1070 2326 ec
1116 2311 1130 2326 .
1167 2312 1181 2326 .
1228 2268 1409 2327 eciam
1455 2287 1504 2328 ο.
1536 2272 1613 2330 21
1666 2269 1790 2347 (23,
1839 2264 1962 2346 15),
2005 2271 2090 2330 40
2133 2265 2258 2342 (44,
2304 2265 2388 2344 3),
2430 2250 2507 2329 ἐι
2559 2265 2684 2344 (96,
2727 2269 2810 2344 4),

569 2373 649 2431 86
694 2367 865 2448 (101,
895 2366 1021 2448 26),
1065 2373 1148 2431 94
1193 2367 1361 2448 (113,
1392 2367 1474 2444 3),
1525 2374 1644 2433 109
1678 2369 1845 2444 (133,
1880 2368 2003 2448 10),
2050 2373 2127 2432 79
2162 2371 2284 2442 (92,
2317 2368 2440 2444 25),
2489 2373 2608 2431 135
2641 2369 2810 2447 (191,

573 2471 706 2543 12);
780 2476 837 2531 et
883 2517 898 2530 .
946 2516 961 2531 .
1025 2488 1259 2546 quoque
1305 2469 1353 2532 c.
1398 2477 1475 2535 81
1545 2472 1670 2546 (96,
1716 2472 1798 2551 9),
1851 2477 1932 2535 83
2000 2471 2124 2549 (98,
2174 2474 2309 2550 17),
2366 2475 2448 2535 88
2513 2471 2682 2550 (105,
2727 2470 2809 2544 2),

574 2578 691 2634 126
717 2573 884 2647 (172,
911 2571 1032 2647 19).
1092 2574 1166 2634 cf.
1199 2573 1645 2646 Hand.11251,
1682 2578 1777 2637 18.
1844 2575 2132 2652 Draeger.
2164 2575 2201 2646 ξ
2224 2580 2368 2638 313.
2426 2575 2810 2635 Kuehner.11

568 2675 604 2746 ἓ
640 2681 779 2754 151,
813 2680 908 2736 14.
996 2675 1256 2736 dubitari
1301 2680 1518 2755 potest,
1561 2696 1703 2737 num
1749 2677 1867 2737 huc
1909 2677 2209 2754 pertineat
2251 2681 2454 2740 c.·102
2488 2673 2811 2754 (124,10),

570 2778 668 2838 ubi
716 2779 995 2856 legimus:
1052 2777 1348 2852 „quidni“
1392 2780 1583 2852 inquit
1637 2779 1825 2851 Giton,
1868 2782 2091 2853 „etiam
2137 2780 2504 2840 circumcide
2546 2795 2689 2852 noo,
2742 2783 2810 2837 ut

573 2879 792 2940 Iudaei
835 2880 1181 2954 videamur,
1237 2887 1296 2941 et
1332 2882 1649 2955 pertunde
1692 2897 1905 2955 aures,
1965 2889 2035 2940 ut
2083 2882 2381 2941 imitemur
2425 2881 2693 2953 ArabeS,
2755 2885 2811 2940 ct

570 2984 808 3043 increta
845 2983 1082 3058 sacieS,
1144 2989 1211 3042 ut
1252 3000 1396 3043 suos
1448 2984 1653 3043 Gallia
1695 2986 1853 3045 cives
1885 2989 2106 3059 putet.-
2160 2988 2445 3058 tauquam
2503 2984 2604 3043 hic
2647 2985 2813 3042 solus

570 3088 741 3147 color
793 3089 1061 3162 fiquram
1109 3088 1310 3162 possit
1361 3093 1731 3162 pervertere
1778 3132 1791 3146 .
1841 3131 1854 3145 .
1893 3094 2051 3162 puta
2094 3087 2382 3164 infectam
2425 3086 2813 3146 medicamine

563 3189 792 3264 faciem
836 3189 1072 3248 diutius
1118 3189 1349 3249 durare
1382 3205 1611 3264 posse;
1656 3191 1825 3264 ftnqe
1881 3205 1996 3248 nec
2041 3204 2238 3262 aquae
2279 3189 2663 3263 asper-,omem
2706 3188 2812 3246 im-

561 3291 907 3364 posituram
951 3291 1214 3364 aliquam
1260 3293 1510 3366 corpori
1551 3293 1850 3352 maculam
1894 3335 1909 3350 .
1939 3334 1953 3350 .
1999 3307 2145 3366 aye,
2201 3291 2478 3365 nunquid
2534 3297 2592 3350 et
2635 3287 2813 3349 labra

561 3408 882 3466 possumus
927 3397 1160 3452 tumore
1205 3395 1553 3453 taeterrimo
1593 3394 1888 3468 implere?
1946 3392 2077 3454 cod.
2107 3393 2178 3465 L,
2223 3394 2379 3453 sicut
2422 3393 2663 3470 saepius
2708 3391 2812 3465 (cf.

572 3499 747 3554 notas
789 3493 864 3553 ad
913 3513 1013 3572 pp.
1062 3499 1209 3566 121,
1258 3499 1325 3564 1;
1376 3497 1523 3571 125,
1569 3499 1640 3573 93
1689 3499 1838 3574 198,
1883 3500 1953 3564 3;
2001 3499 2150 3571 200,
2200 3492 2302 3566 16)
2348 3494 2588 3554 exhibet
2632 3495 2813 3554 etiam

564 3596 870 3672 pertunde
882 3614 994 3672 pro
1022 3600 1080 3655 et
1092 3598 1402 3670 pertunde
1416 3601 1477 3657 et
1497 3598 1674 3657 ctiam
1689 3595 1865 3657 labra
1878 3615 1990 3675 pro
2011 3603 2071 3657 et
2093 3595 2290 3656 labra.
2336 3598 2439 3657 sed
2468 3614 2811 3674 quanquam

569 3700 630 3759 in
677 3699 768 3758 his
799 3698 982 3759 rebus
1012 3697 1204 3758 codici
1229 3699 1278 3757 L
1312 3718 1531 3776 magna
1561 3698 1711 3760 fides
1736 3697 2016 3759 habenda
2045 3716 2164 3759 non
2190 3703 2298 3775 est,
2328 3700 2607 3776 quoniam
2632 3699 2813 3758 etiam

571 3820 680 3878 pro
711 3806 769 3861 et
801 3800 982 3860 habet
1024 3802 1199 3861 etiam
1234 3801 1331 3861 ubi
1381 3807 1542 3862 certe
1590 3808 1649 3861 ct
1677 3800 2060 3861 scribendum
2093 3805 2183 3860 est
2228 3799 2320 3873 (ut
2365 3802 2423 3860 in
2457 3799 2709 3860 formula
2755 3805 2814 3860 et

571 3907 723 3979 ipse,
766 3922 875 3981 pro
907 3922 1026 3980 qua
1058 3904 1107 3962 L
1139 3904 1315 3962 etiam
1361 3905 1493 3977 ipse
1540 3903 1693 3963 falso
1740 3903 1918 3963 habet
1958 3904 2016 3962 in
2048 3922 2149 3980 pp.
2184 3907 2324 3981 131,
2357 3906 2430 3963 11
2467 3907 2528 3963 et
2560 3906 2699 3978 128,
2731 3900 2815 3979 5),

571 4012 772 4066 tamen
819 4005 933 4065 hoc
976 4005 1109 4066 loco
1155 4005 1368 4064 melius
1414 4024 1547 4066 cum
1596 4006 1838 4066 meliore
1881 4004 2088 4066 codice
2131 4005 2309 4065 etiam
2330 4005 2644 4080 pertunde
2672 4006 2815 4064 scri·

572 4109 754 4180 bitur,
799 4108 941 4185 quia
982 4108 1042 4168 in
1087 4107 1420 4185 posteriorc
1464 4125 1709 4185 quoque
1754 4106 2066 4168 enuntiato
2112 4106 2449 4184 imperativi
2495 4106 2668 4167 nulla
2711 4106 2814 4165 ad-

572 4209 695 4270 dita
739 4210 1160 4271 coniunctione
1205 4209 1383 4287 positi
1426 4214 1585 4269 sunt.
1628 4240 1711 4249 —
1756 4228 1877 4270 uno
1922 4214 2121 4270 autem
2166 4209 2317 4281 loc0,
2363 4227 2413 4270 c.
2454 4212 2531 4271 77
2565 4207 2689 4280 (91,
2732 4211 2816 4287 9),
