3166 4871
616 1308 743 1424 De
789 1352 1116 1419 nominum
1146 1354 1534 1420 Graecorum
1582 1354 1967 1421 formatione
2011 1375 2205 1438 quum
2252 1356 2488 1423 recenti
2532 1361 2688 1421 tem·

450 1476 600 1541 pore
629 1457 812 1522 multi
834 1456 961 1522 viri
990 1456 1161 1522 docti
1193 1457 1646 1543 quaesiverint,
1675 1465 2093 1542 cognatarum
2126 1458 2409 1525 maxime
2436 1459 2686 1543 lingua·

450 1580 583 1625 rum
626 1560 1106 1645 comparatione
1149 1559 1389 1626 factum
1436 1568 1549 1645 est,
1594 1569 1663 1627 ut
1690 1562 1888 1627 totius
1918 1562 2108 1645 quasi
2138 1561 2414 1628 aedificii
2440 1563 2688 1647 speeies

440 1662 579 1745 jam
638 1664 722 1728 sit
776 1662 1185 1746 adumbrata,
1244 1671 1308 1729 et
1352 1683 1517 1747 quas
1577 1663 1888 1729 sermonis
1932 1663 2279 1729 fabricator
2321 1665 2577 1729 animus
2619 1665 2687 1729 in

447 1764 563 1830 hoc
624 1765 1078 1831 vocabulorum
1143 1784 1378 1849 genere
1444 1773 1700 1832 secutus
1766 1766 1849 1831 sit
1911 1766 2117 1851 leges,
2188 1768 2255 1832 in
2319 1767 2685 1832 universum

451 1868 766 1951 cognitum
811 1866 894 1933 sit
937 1875 1130 1952 atque
1172 1874 1598 1954 perspectum.
1684 1867 1811 1934 Sed
1842 1870 2108 1935 multum
2148 1869 2333 1935 abest
2375 1876 2445 1934 ut
2488 1869 2687 1935 etiam

452 1969 702 2055 singula
762 1970 977 2036 omnia
1020 1969 1166 2053 jam
1226 1976 1620 2056 appareant,
1686 1977 1754 2036 ut
1812 1978 2017 2055 quae·
2039 1971 2294 2036 illarum
2349 1971 2564 2055 legum
2619 1971 2686 2035 in

449 2072 712 2157 singulis
746 2073 969 2159 ¹factae
1013 2074 1142 2138 sint
1184 2072 1571 2139 mutationes
1616 2080 1681 2139 et
1718 2074 2128 2160 exceptiones
2158 2074 2452 2140 omnibus
2482 2075 2686 2139 cuius·

449 2196 567 2259 que
628 2176 898 2261 generis
961 2176 1275 2260 exemplis
1339 2175 1623 2241 collectis
1689 2184 1752 2242 et
1813 2178 1918 2242 vel
1982 2176 2433 2241 minutissimis
2496 2176 2689 2242 rebus

446 2285 742 2345 accurate
799 2278 1137 2364 perpensis
1195 2278 1589 2363 patefactum
1647 2280 1747 2346 sit.
1839 2279 1960 2344 Cui
2004 2278 2095 2344 rei
2140 2298 2511 2362 quanquam
2556 2299 2686 2343 non

446 2380 636 2466 plane
679 2380 911 2447 desunt
953 2380 1063 2465 qui
1108 2399 1372 2467 operam
1417 2381 1741 2466 dederint,
1798 2388 2016 2448 tamen
2060 2382 2230 2447 latus
2274 2380 2473 2448 etiam
2517 2401 2687 2447 nune

446 2491 623 2569 patet
681 2504 945 2569 campus
999 2484 1312 2550 eiusmodi
1370 2485 1818 2568 quaestionum
1864 2484 2186 2551 studiosis.
2271 2487 2484 2567 Atque
2526 2483 2685 2549 mihi

445 2586 704 2670 quidem
736 2586 877 2670 jam
923 2587 1171 2671 pridem
1216 2586 1511 2653 suffixum
1557 2610 1622 2653 ιο
1668 2596 1927 2672 propter
1971 2607 2285 2653 summam
2329 2587 2396 2651 iu
2441 2586 2685 2652 eonfer-

447 2688 701 2754 mandis
756 2689 1210 2755 vocabulorum
1267 2689 1829 2756 terminationibus
1874 2691 2003 2755 vim
2065 2697 2260 2774 atque
2303 2690 2685 2755 varietatem

447 2791 840 2858 accuratiore
885 2793 1262 2875 quaestione
1314 2792 1577 2876 dignum
1640 2793 1848 2858 visum
1902 2799 2015 2858 est.
2103 2792 2388 2876 Egerunt
2439 2792 2524 2858 de
2567 2791 2688 2858 hoc

447 2893 671 2960 suffixo
702 2900 960 2980 praeter
988 2895 1307 2980 Boppium
1337 2894 1809 2961 Schleieherum
1855 2896 1924 2961 L.
1955 2895 2289 2981 Meyer-um
2337 2893 2412 2960 G.
2443 2895 2512 2960 F.
2541 2894 2688 2980 Aly,

447 2997 525 3063 de
579 2996 947 3063 nominibus
1005 3019 1070 3063 ιο
1129 2997 1340 3063 suffixi
1403 3016 1526 3083 ope
1595 2996 1904 3064 formatis.
2008 2997 2178 3063 Diss.
2237 2998 2452 3081 inaug.
2513 2997 2686 3082 Lips.

449 3099 649 3168 Berol.
696 3101 903 3184 1873„
962 3105 1028 3166 et
1072 3100 1402 3166 Gustavus
1445 3100 1666 3186 Meyer
1710 3099 1777 3165 in
1821 3099 2064 3165 Kuhnii
2110 3099 2457 3165 annalibus
2488 3099 2688 3164 XXII

449 3201 697 3288 (1874),
756 3224 819 3288 p.
866 3206 981 3267 481
1027 3223 1121 3287 sq.
1181 3239 1269 3250 —
1313 3203 1589 3286 denique
1647 3203 1723 3268 A.
1766 3202 1930 3267 Fiek
1997 3222 2184 3282 „zum
2249 3206 2686 3285 sogenannten

437 3303 742 3387 ja-Suffix
786 3306 875 3370 im
919 3304 1435 3389 Griechischen“,
1493 3307 1557 3370 in
1603 3305 1906 3389 Beitrage
1964 3326 2076 3370 zur
2138 3304 2356 3370 kunde
2401 3304 2518 3371 der
2559 3303 2687 3389 idg.

446 3406 581 3492 Spr.
625 3407 920 3491 herausg.
963 3427 1022 3474 V.
1066 3409 1175 3473 Dr.
1218 3411 1294 3474 A.
1338 3407 1839 3492 Bezzenberger,
1893 3407 2073 3473 euius
2116 3406 2688 3491 commentationis,

450 3529 638 3593 quum
684 3511 968 3577 consecto
1003 3510 1148 3594 jam
1191 3510 1354 3576 libro
1397 3530 1539 3577 meo
1569 3509 1891 3595 prodierit,
1933 3510 2317 3575 mentionem
2349 3530 2473 3574 non
2506 3510 2687 3593 prius

452 3611 657 3681 facere
689 3615 867 3700 potui
898 3633 1093 3697 quam
1122 3613 1191 3678 in
1221 3612 1540 3679 addendis
1570 3634 1632 3698 p.
1655 3616 1777 3677 257
1804 3653 1884 3663 —-
1916 3611 2030 3678 sed
2060 3612 2415 3697 generatim
2450 3632 2689 3697 omnes,

451 3736 592 3781 nam
649 3715 842 3782 etiam
900 3716 1055 3802 Aly,
1111 3715 1262 3781 licet
1316 3715 1616 3801 exempla
1669 3716 1883 3781 om'nia
1941 3733 2317 3781 enumerare
2354 3715 2689 3780 studuerit

452 3815 647 3902 (qued
726 3839 854 3884 non
943 3818 1125 3884 nulla
1203 3818 1633 3904 praetermisit
1710 3818 1902 3884 facile
1980 3816 2309 3903 ignoscas)
2386 3821 2689 3882 accurata

454 3919 837 4005 singulorum
910 3920 1456 4008 pervestigatione
1521 3920 1819 3986 abstinet.
1922 3922 2088 3985 Tam
2154 3924 2404 3984 vastum
2471 3925 2686 3984 autem

454 4029 546 4086 est
586 4022 774 4089 buius
817 4021 1029 4090 suffixi
1070 4021 1429 4108 imperium,
1473 4030 1545 4088 ut
1589 4023 1700 4105 qui
1743 4041 1965 4088 omnes
2009 4021 2150 4087 eius
2178 4021 2359 4103 regni
2391 4022 2687 4104 regiones

457 4133 759 4191 accurate.
811 4125 1128 4210 inspicere
1192 4124 1489 4207 voluerit,
1561 4145 1689 4190 non
1763 4144 1890 4189 uno
1955 4123 2282 4188 volumine
2348 4140 2420 4187 se
2483 4120 2688 4205 possit

458 4225 786 4295 continere.
872 4227 1301 4307 Quamobrem
1360 4245 1555 4291 unam
1613 4226 1768 4292 mihi
1827 4226 1992 4310 elegi
2046 4222 2472 4310 provinciam,
2525 4241 2687 4311 eam,
