3166 4871
567 263 696 323 248
1557 257 1820 312 Zaeher

572 441 758 504 υαῑος
805 437 996 511 ipsum
1044 455 1116 495 ex
1164 437 1354 495 forma
1398 435 1657 512 quadam
1705 425 1888 511 ἔχινα
1917 434 2110 495 videri
2149 434 2390 494 duetum
2440 452 2590 512 esse,
2632 452 2823 511 supra

569 537 826 597 vidimus
872 557 928 612 p.
966 535 1102 597 143.
1177 539 1368 598 Etiam
1418 528 1812 615 ῥαχιαῖος,
1857 555 1976 613 quo
2006 538 2407 614 Hippocrates
2445 538 2652 615 utitur,
2698 555 2819 596 non

568 659 604 698 a
648 627 830 715 ῥάχις
875 640 978 698 sed
1026 659 1063 698 a
1108 631 1301 719 ῤαὶα
1347 640 1679 699 derivatum
1728 656 1881 716 esse,
1925 659 1982 714 p.
2034 636 2146 694 156
2193 640 2661 701 demonstratum
2711 642 2821 698 est.

568 742 788 801 Eadem
835 743 1006 817 origo
1051 744 1226 801 etiam
1275 760 1403 801 esse
1449 741 1687 802 videtur
1733 740 1896 801 vocis
1955 734 2502 810 ἐπιπολιαῑος·
2580 729 2820 818 Ἑρμῆς

568 832 871 921 ἑυῬόὸῳ
903 832 994 913 ὡς
1029 834 1315 922 Γόργων
1347 835 1603 921 ἱστορεῖ
1644 844 1906 922 Hesyeh.
1996 845 2090 905 Sie
2119 849 2371 904 vocatus
2405 862 2538 904 esse
2579 843 2822 903 videtur

568 947 901 1007 Mercurius
931 946 1093 1022 quod
1123 947 1327 1006 urbem
1362 948 1694 1007 custodiret
1722 945 1824 1019 (cf.
1855 965 2012 1023 quae
2058 946 2176 1006 hue
2221 948 2406 1007 trahit
2434 946 2699 1006 Schmidt
2743 945 2821 1004 ib.

570 1067 616 1107 s.
645 1067 699 1108 v.
763 1037 1251 1126 ἑπιπόρπωμαι
1314 1038 1542 1126 ἐπειδὴ
1607 1045 1722 1127 τῆς
1783 1037 2046 1119 πόλεως
2076 1093 2089 1107 .
2125 1095 2136 1106 .
2173 1047 2232 1122 .).
2339 1050 2591 1108 Praeter
2654 1045 2817 1107 πολι

569 1151 722 1211 enim
771 1151 944 1211 etiam
994 1153 1238 1228 stirpem
1283 1150 1492 1210 πολια
1552 1149 1644 1224 (ut
1685 1140 1958 1217 πότνια)
2005 1152 2276 1211 extitisse
2316 1150 2539 1212 doeeut
2580 1147 2817 1208 πολια-

570 1241 725 1328 όχος
795 1252 991 1325 (pind.
1053 1251 1320 1330 Aeseh.),
1394 1242 1854 1330 πολιαι-νόμος
1902 1240 2106 1325 ¹(Cass.
2171 1255 2302 1313 Dio.
2364 1254 2482 1313 tab.
2543 1250 2810 1323 Herael.)

570 1343 888 1433 πολιήτης
934 1354 1133 1427 (Hom.
1179 1355 1320 1414 Hdt.
1351 1356 1524 1415 Pind.
1554 1353 1820 1433 Tragg.),
1865 1356 2023 1431 quod
2058 1355 2487 1415 intellexerunt
2516 1355 2821 1433 Roediger

571 1458 646 1516 de
692 1458 872 1534 prior.
919 1459 1158 1518 membr.
1203 1458 1262 1516 in
1311 1477 1465 1518 nom.
1511 1476 1602 1535 gr.
1646 1476 1838 1535 comp.
1885 1458 2172 1517 conform.
2218 1475 2274 1533 p.
2325 1456 2420 1533 17,
2462 1459 2530 1517 R.
2576 1457 2822 1517 Meister

573 1561 630 1618 in
680 1559 842 1620 Curt-
887 1560 1053 1620 stud.
1101 1561 1182 1619 IV
1229 1579 1284 1636 p.
1317 1556 1468 1637 376,
1513 1560 1581 1620 G.
1616 1560 1824 1636 Meyer
1867 1559 2009 1619 ibid.
2048 1562 2091 1618 V
2136 1579 2196 1637 p.
2228 1558 2324 1619 89.
2412 1560 2612 1636 Atque
2659 1559 2819 1619 haud

574 1662 695 1721 seio
728 1680 806 1720 an
839 1661 992 1720 idem
1024 1662 1406 1722 statuendum
1452 1662 1531 1721 sit
1575 1662 1650 1721 de
1694 1656 2215 1740 κρηπιόαῑον,
2261 1681 2378 1739 quo
2424 1662 2635 1739 Lysias
2676 1680 2823 1720 usus

571 1768 664 1823 est
720 1767 876 1823 teste
937 1757 1271 1842 PolL'VII,
1323 1761 1471 1823 120:
1536 1758 1650 1822 καὶ
1709 1759 2116 1843 κρηπιδαῐον
2172 1759 2244 1823 δὲ
2295 1758 2496 1842 μέρος
2554 1757 2822 1821 οἰκοδο-

568 1855 896 1946 μήματος,
961 1861 1220 1927 Λυσίου
1285 1857 1598 1938 εἰπόντος
1660 1859 1733 1925 ἐν
1798 1863 1898 1945 τῷ
1960 1861 2117 1945 περὶ
2177 1864 2305 1925 τοῦ
2369 1856 2593 1926 τύπου
2656 1862 2824 1939 »τοῦ

575 1963 804 2047 γεὶσου
850 1964 1452 2046 συντετελεσμένου
1495 1964 1611 2028 καὶ
1667 1966 1794 2028 τοῦ
1848 1964 2313 2049 κρηπιδαίου“.
2404 1969 2601 2029 Latini
2664 1970 2823 2029 enim

573 2090 684 2148 pro
747 2091 834 2150 gr.
893 2067 1137 2152 κρηπίς
1196 2072 1481 2135 dixerunt
1543 2073 1817 2149 crepida.
1931 2073 2045 2147 Qui
2109 2091 2293 2150 quum
2356 2090 2540 2149 saepe
2602 2073 2825 2148 stirpes

576 2192 828 2251 graecas
887 2175 944 2233 in
1007 2192 1326 2234 consonam
1389 2180 1677 2235 exeuntes
1737 2174 1941 2233 addita
1984 2175 2180 2235 vocali
2235 2173 2697 2250 amplifiearent‚
2758 2179 2826 2232 ut

576 2271 802 2351 δελφίς
845 2264 1186 2350 delphinus,
1231 2265 1514 2355 ἑβδομὰς
1556 2275 1960 2355 hebdomada,
2005 2271 2230 2354 Σφίγξ
2276 2268 2548 2351 Βρήἰηρα
2593 2276 2668 2335 al.
2722 2274 2825 2347 (ef.

579 2380 651 2441 G.
696 2381 903 2456 Meyer
946 2379 1004 2438 in
1053 2379 1217 2441 Curt.
1261 2379 1429 2441 stud.
1474 2379 1545 2458 V,
1594 2378 1714 2458 71),
1760 2379 1918 2440 haud
1965 2378 2314 2440 incredibile
2360 2382 2478 2456 est,
2519 2378 2593 2438 iis
2638 2378 2825 2438 multa

577 2483 815 2542 illorum
877 2483 1302 2543 vocabulorum
1362 2482 1490 2560 jam
1556 2501 1776 2559 graeca
1836 2483 1948 2542 hae
2008 2483 2201 2542 forma
2265 2481 2488 2541 tradita
2549 2499 2685 2542 esse
2732 2483 2823 2542 ‘ab

575 2585 847 2645 Italiotis.
933 2584 1026 2644 Ab
1069 2584 1273 2645 iisdem
1320 2589 1516 2645 autem
1563 2586 1742 2645 etiam
1788 2585 2005 2664 Lysias
2048 2584 2296 2645 formam
2327 2579 2624 2664 κρηπιδα
2651 2602 2822 2644 aece-

580 2687 740 2765 pisse
772 2690 1023 2762 poterat.
1097 2689 1378 2747 Fortasse
1410 2688 1586 2746 etiam
1632 2680 2183 2765 οἰκοτρίβαιος
2227 2687 2367 2746 huie
2394 2686 2822 2747 vocabulorum

578 2807 826 2849 numero
872 2787 1212 2848 addendum
1259 2793 1365 2848 est.
1439 2790 1593 2850 Poll.
1622 2790 1727 2864 111,
1760 2786 1870 2848 76:
1916 2778 1993 2847 τὸ
2026 2783 2099 2847 δὲ
2127 2781 2405 2848 παιδίου
2446 2778 2527 2846 τὸ
2574 2780 2651 2846 ἐκ
2680 2785 2824 2846 τῶν

576 2884 985 2968 οἰκοτριβῶν
1032 2882 1492 2969 οἰκοτρίβαιον
1550 2876 1923 2968 ὠνόμαζον.
2018 2892 2221 2950 Verna
2264 2892 2421 2950 enim
2468 2909 2586 2950 non
2631 2891 2823 2951 solum

583 2981 899 3070 οἰκότριψ
960 2994 1288 3054 vocabatur
1349 2992 1520 3066 (Lob.
1566 2994 1789 3068 Phryn.
1834 3013 1891 3070 p.
1936 2990 2077 3051 203.
2122 2994 2321 3053 Paral.
2366 3011 2422 3070 p.
2468 2989 2651 3067 292),
2716 2991 2824 3053 sed

581 3095 887 3173 Hesychio
932 3099 1084 3156 teste
1131 3096 1306 3156 etiam
1353 3089 1737 3174 οἰκοτρίβης
1781 3094 1884 3168 (ef.
1927 3094 2163 3155 Nauck.
2219 3096 2322 3156 Ar.
2367 3097 2512 3171 Byz.
2556 3114 2613 3173 p.
2666 3090 2827 3167 196).

577 3197 936 3274 Quanquam
984 3197 1098 3257 hoe
1144 3198 1415 3275 dubium,
1478 3216 1675 3276 neque
1734 3198 1929 3258 solent
1972 3217 2008 3257 a
2053 3197 2253 3257 verbis
2311 3198 2554 3257 nomina
2607 3198 2667 3256 in
2714 3214 2826 3276 -ης

577 3300 808 3377 primae
854 3298 1110 3360 derivari
1161 3301 1270 3359 nisi
1318 3300 1515 3360 aetiva
1559 3299 2020 3376 significatione,
2078 3298 2155 3358 cf.
2199 3288 2489 3378 δαμάλης
2531 3302 2593 3358 et
2635 3317 2828 3375 comp.

582 3403 641 3461 iu
688 3418 946 3479 -αρχης,
992 3397 1298 3481 -δαμνης,
1343 3396 1592 3482 -δικης,
1636 3397 1874 3482 -δίνης,
1920 3419 2163 3480 κευνης,
2206 3396 2498 3480 -θοίνης,
2543 3377 2829 3480 -λεσὶης,

582 3511 888 3582 -μετρης,
934 3520 1188 3583 -νικης,
1234 3521 1499 3585 -υομης,
1545 3522 1854 3584 -οπιπης,
1899 3521 2159 3584 -ουνης,
2205 3503 2489 3584 -παλης,
2532 3501 2829 3582 -πωλης,

581 3622 849 3685 -τηρης,
895 3623 1130 3686 -ωνης,
1221 3608 1412 3681 Quam
1455 3608 1688 3668 obrem
1735 3627 1952 3668 vereor
1998 3626 2073 3667 ne
2119 3607 2348 3667 Polluci
2393 3606 2828 3667 restituendum

582 3709 660 3768 sit
718 3700 1221 3785 οἰκοτρίβειον.
1328 3709 1422 3768 Ad
1485 3710 1728 3786 stirpem
1788 3711 1981 3769 vocali
2028 3727 2069 3767 α
2115 3711 2216 3769 vel
2271 3725 2309 3767 ο
2370 3708 2598 3768 finitam
2657 3726 2829 3768 revo-

583 3809 838 3874 eandum
885 3810 1128 3870 videtur
1171 3812 1349 3871 etiam
1408 3801 1739 3890 ὁηυαιός
1796 3831 1917 3888 quo
1960 3812 2099 3871 inde
2144 3814 2223 3871 ab
2267 3812 2529 3871 Homero
2574 3815 2833 3870 utuntur

581 3917 812 3989 poetae.
899 3913 1074 3973 Hane
1133 3931 1340 3973 voeem
1401 3894 1676 3974 derivare
1732 3915 1929 3974 solent
1983 3915 2058 3973 ab
2120 3914 2402 3973 adverbio
2449 3902 2605 3991 δήν,
2667 3912 2829 3988 quod

584 4015 709 4074 veri
769 4013 1240 4074 dissimillimum.
1329 4018 1574 4075 Rectum
1637 4015 1856 4076 vidisse
1913 4016 2051 4074 mihi
2114 4015 2353 4075 videtur
2411 4014 2832 4090 Legerlotzius

583 4119 642 4177 in
689 4117 791 4176 KZ
838 4117 980 4193 vll,
1026 4113 1179 4173 302:
1248 4117 1696 4195 „Ableitungen
1759 4137 1875 4178 von
1939 4118 2071 4177 dem
2134 4118 2335 4177 thema
2395 4111 2510 4188 δα,
2557 4113 2636 4196 ὸή
2693 4116 2827 4176 sind

586 4208 784 4276 ‹ia—m}
830 4219 1111 4294 (llesyeli.
1158 4208 1326 4276 ‹Sar-‹1›
1373 4205 1512 4297 ἤδη,
1559 4207 1651 4287 ὡς
1698 4209 1805 4295 dass)
1854 4220 1969 4279 uuael
2006 4207 2275 4278 δα-νό-ι)
2320 4218 2502 4289 (deun
2535 4240 2602 4278 so
2632 4219 2832 4278 dui-ste
