3166 4871
2496 289 2618 351 403

547 465 803 542 Reliqua
871 463 1323 541 primipilarium
1386 464 1726 540 commoda,
1787 470 1851 522 ut
1911 463 2278 523 vacationem
2338 482 2374 522 a
2417 463 2620 540 tutela,

375 566 468 643 iis,
514 566 652 626 dum
702 566 1098 644 primipilares
1145 571 1335 644 erant,
1380 566 1664 644 obtigisse
1709 565 2195 625 verisimillimum
2242 571 2345 625 est.

549 669 742 743 Quae
805 669 1291 730 necessitudo
1349 669 1576 729 fuerit
1632 669 1830 729 inter
1874 669 2094 746 hujus
2141 668 2428 744 generis
2476 668 2618 744 pri·

379 772 752 849 mipilares
798 777 870 833 et
914 775 1334 850 equestrem
1391 772 1715 833 ordinem
1762 770 2004 831 dubium
2053 788 2184 831 esse
2232 789 2348 830 uon
2396 774 2616 846 potest3

377 874 609 933 scilicet
653 874 791 934 dum
839 874 1242 951 primipilares
1285 880 1476 951 erant,
1537 880 1604 934 ut
1646 891 1830 951 supra
1873 873 2144 950 vidimus,
2189 872 2424 950 plebejo
2469 872 2620 950 loeo,

379 980 771 1053 posteaquam
822 977 1164 1038 muneribus
1211 977 1591 1053 equestribus
1636 976 1925 1055 praefecti
1970 979 2135 1053 sunt,
2181 976 2444 1052 equestri
2489 974 2618 1035 loeo

379 1084 579 1154 erant3
642 1080 988 1157 priusquam
1053 1080 1272 1156 aliquis
1333 1080 1410 1140 ad
1473 1080 1709 1139 militias
1784 1083 2094 1154 equestres
2167 1078 2618 1155 proveheretur,

379 1198 511 1240 eum
560 1188 732 1243 extra
776 1180 1044 1242 ordinem
1092 1200 1248 1258 equo
1305 1182 1550 1259 publico
1597 1185 1947 1241 exornatum
1994 1197 2124 1240 esse
2169 1198 2286 1239 non
2333 1180 2616 1239 traditum

378 1285 499 1352 est;
544 1282 728 1360 idque
774 1301 882 1343 cur
928 1284 1166 1343 minime
1212 1282 1522 1361 probabile
1567 1284 1709 1343 mihi
1755 1283 2050 1360 videatur,
2095 1300 2280 1359 supra
2324 1283 2591 1359 exposui.

694 1429 802 1496 De
852 1429 1112 1497 officiis
1163 1432 1237 1498 et
1278 1430 1676 1498 honoribus
1723 1429 2310 1514 primipilarium.

550 1554 860 1629 Quomodo
922 1557 1316 1632 imperatores
1379 1556 1847 1634 primipilaribus
1894 1562 1954 1615 et
1998 1557 2054 1614 in
2103 1554 2411 1631 republica
2455 1558 2515 1613 et
2556 1554 2614 1613 in

378 1675 444 1717 re
506 1657 741 1718 milit-ari
807 1657 1286 1718 administranda
1341 1659 1597 1736 amplius
1659 1660 1746 1718 usi
1801 1658 1950 1728 siut,
2009 1658 2166 1717 hane
2209 1656 2617 1734 gravissimam

378 1759 560 1818 totius
621 1761 1133 1820 commentationis
1191 1761 1599 1837 quaestionem
1666 1760 1854 1820 tribus
1909 1759 2183 1837 partibus
2228 1763 2488 1818 tractare
2534 1758 2618 1817 iu·

381 1861 577 1921 stitui:
625 1862 872 1938 primum
915 1881 1087 1938 agam
1122 1861 1195 1921 de
1228 1862 1301 1922 iis
1330 1863 1813 1940 primipilaribus,
1857 1861 2077 1938 quibus
2107 1860 2618 1920 extraordinariae

378 1963 719 2023 curatIones
767 1964 1052 2023 militares
1099 1962 1412 2023 mandatae
1460 1969 1665 2034 erant-3
1741 1968 1862 2023 tum
1926 1963 2000 2023 de
2063 1981 2348 2041 processu
2410 1981 2615 2022 eorum

378 2064 454 2124 ad
517 2064 750 2125 militias
810 2070 1119 2142 equestres
1181 2066 1546 2142 ordinarias;
1623 2066 1883 2143 denique
1931 2066 2004 2125 de
2052 2065 2515 2144 primipilaribus
2559 2065 2615 2123 iu

378 2166 887 2228 administratione
935 2168 1104 2227 civili.

795 2304 874 2358 A.
965 2304 1186 2360 Curae
1230 2303 1563 2360 militares
1609 2304 2213 2361 extraordinariae.

549 2405 716 2480 Quae
776 2406 832 2466 in
894 2406 1079 2466 titulis
1135 2413 1192 2466 et
1239 2408 1638 2486 scriptoribus
1684 2409 2068 2469 inveniuntur
2115 2408 2262 2467 haec
2306 2410 2474 2479 sunt,
2529 2422 2616 2465 se-

376 2508 635 2569 eundum
684 2514 1015 2585 temporum
1062 2509 1330 2569 ordinem
1380 2512 1751 2587 perscripta:

554 2614 609 2680 1)
655 2612 800 2671 Tac.
845 2631 982 2672 aun.
1034 2613 1103 2671 ll.
1155 2618 1259 2673 11:
1318 2614 1578 2691 praefuit
1624 2614 1916 2692 equitatui
1961 2614 2249 2673 Aemilius
2293 2632 2327 2671 e
2371 2629 2620 2671 numero

378 2715 846 2792 primipilarium.

550 2815 613 2887 2)
669 2836 804 2876 aun.
864 2818 1022 2877 xln.
1069 2822 1147 2879 36
1211 2820 1470 2880 Corbulo
1531 2819 1748 2879 Paccio
1810 2818 1995 2880 Orfito
2057 2817 2329 2895 primipili
2395 2818 2619 2877 honore

378 2918 695 2995 perfuneto
772 2938 973 2979 euram
1050 2922 1480 2997 praesidiorum
1557 2923 1619 2993 (i.
1694 2942 1746 2981 e.
1819 2923 2147 2982 cohortium
2217 2916 2618 2991 auxiliarium)

379 3020 634 3081 mandat.
677 3053 763 3062 --
808 3028 1138 3098 paruerunt
1185 3025 1236 3081 ei
1289 3024 1468 3100 igitur
1516 3025 1802 3100 praefecti
1848 3024 2174 3085 cohortium
2223 3022 2297 3095 (c.
2331 3028 2410 3084 36
2442 3019 2619 3093 extr.)

551 3124 612 3191 3)
661 3125 789 3183 hist.
838 3126 880 3184 I.
937 3130 1051 3187 31:
1099 3127 1312 3185 missus
1342 3131 1431 3186 est
1460 3126 1521 3199 (a
1553 3124 1767 3198 Galba)
1799 3128 2009 3188 Celsus
2044 3128 2262 3186 Marius
2292 3126 2364 3184 ad
2399 3126 2619 3184 electos

378 3226 596 3302 lllyrici
632 3228 943 3297 exereitus,
972 3228 1257 3304 Vipsania
1287 3228 1344 3287 in
1380 3234 1554 3305 portu
1588 3229 1933 3304 tendentes3
1967 3232 2350 3305 praeceptum
2387 3228 2618 3287 Amulio

375 3326 599 3388 Sereno
646 3335 705 3388 et
752 3329 1013 3390 Domitio
1059 3328 1279 3390 Sabino
1329 3331 1817 3408 primipilaribus,
1867 3337 1931 3390 ut
1977 3331 2362 3391 Germanicos
2407 3329 2617 3389 milites

375 3448 409 3489 c
454 3431 774 3491 Libertatis
821 3433 971 3491 atrio
1016 3439 1407 3492 arcesserent.

545 3530 611 3602 4)
663 3534 793 3593 hist.
842 3536 883 3593 1.
931 3538 1042 3595 87:
1088 3535 1327 3595 Summa
1372 3536 1771 3611 expeditionis
1817 3535 2077 3596 Antonio
2110 3535 2364 3595 Novello
2397 3534 2616 3594 Suedio

379 3635 671 3695 Clementi
710 3636 1192 3716 primipilaribus,
1238 3638 1489 3697 Aemilio
1520 3639 1794 3715 Pacensi,
1838 3640 1931 3697 cui
1973 3638 2314 3715 ademptum
2362 3657 2398 3698 a
2428 3638 2619 3698 Galba

378 3738 739 3797 tribunatum
789 3738 1131 3798 reddiderat
1176 3737 1401 3812 (Otho),
1448 3740 1755 3816 permissa.

545 3844 606 3907 5)
658 3841 788 3900 hist.
835 3843 909 3901 11.
958 3846 1069 3902 22:
1135 3842 1383 3902 tradidit
1426 3861 1491 3903 se
1536 3889 1549 3902 .
1582 3887 1595 3900 .
1644 3844 1934 3904 Caecinae
1986 3843 2297 3904 Turullius
2351 3842 2618 3904 Cerealis

386 3943 793 4020 primipilaris.

550 4042 612 4117 6)
662 4045 791 4104 hist.
840 4045 940 4105 111.
989 4051 1060 4107 6:
1135 4048 1396 4107 Antonio
1445 4093 1497 4107 ..
1529 4091 1542 4106 .
1590 4066 1786 4107 eomes
1832 4048 1943 4108 suit
1988 4048 2198 4109 Arrius
2249 4050 2440 4108 Varus
2479 4093 2616 4109 .....

377 4145 580 4205 infami
628 4147 820 4222 grat-ia
864 4148 1112 4224 primum
1165 4149 1349 4226 pilum
1396 4149 1684 4228 adeptus;
1741 4150 1843 4209 sed
1894 4151 2128 4210 Primus
2174 4169 2243 4209 ae
2279 4152 2472 4211 Varus
2520 4170 2614 4211 oc-

381 4252 599 4325 cupata
644 4250 925 4327 Aquileja
967 4252 1242 4328 proxima
1286 4271 1568 4330 quaeque
1615 4253 1855 4321 (lacuna
1899 4251 2224 4333 statuitur).
