3166 4871
540 311 661 372 274

541 483 734 544 minus
778 482 1028 545 libenter
1073 484 1281 545 Cicero
1327 484 1457 561 ejus
1504 501 1648 544 usns
1694 488 1784 544 est
1827 484 2116 562 versibus,
2161 502 2336 561 quam
2377 483 2663 560 Terentii,
2706 482 2781 541 de

542 604 662 665 quo
709 586 839 647 loco
886 585 1064 647 modo
1111 587 1344 664 prolato
1377 585 1553 646 dicit:
1606 585 1830 664 „Cujus
1862 585 2115 646 fabellae
2145 589 2393 664 propter
2422 583 2779 661 elegantiam

536 688 829 750 sermonis
873 690 1245 767 putabantur
1287 708 1323 748 a
1368 689 1431 751 C.
1463 689 1672 749 Laelio
1716 680 1952 749 scribi.“
2039 689 2357 748 Praeterea
2404 706 2478 747 ex
2523 690 2782 764 quatuor

538 791 774 853 Caecilii
824 791 1180 863 comoediis,
1238 811 1310 852 ex
1357 792 1603 869 quibus,
1662 792 1711 851 si
1754 788 1822 851 Ο.
1868 789 2136 851 Ribbeck
2184 790 2511 868 credimus,
2569 806 2783 850 versus

538 893 694 972 apud
747 897 1014 954 nostrum
1060 894 1316 954 inveniri
1360 911 1472 971 pro
1504 897 1668 954 certo
1702 891 1985 953 affirmari
2031 897 2246 971 potest,
2289 892 2682 971 Synephebos
2725 896 2786 952 et

537 996 806 1056 Plocium
852 994 1083 1056 fabulas
1129 1015 1165 1055 a
1196 995 1528 1056 Menandro
1575 996 1899 1056 translatas
1946 1013 2073 1055 esse
2120 998 2369 1066 constat,
2415 995 2489 1055 de
2521 994 2781 1072 Ephesio

538 1095 978 1176 (Ephesionei‘)
1024 1103 1220 1158 autem
1269 1102 1329 1158 et
1374 1098 1699 1175 Hymnide,
1761 1117 1894 1159 cum
1958 1096 2295 1158 comoedias
2350 1097 2557 1158 eodem
2603 1096 2781 1158 modo

537 1201 857 1279 inscriptas
900 1201 975 1261 ab
1029 1201 1131 1261 illo
1178 1199 1537 1278 compositas
1591 1219 1720 1261 esse
1768 1200 2088 1261 memoriae
2133 1199 2412 1260 traditum
2458 1200 2565 1277 sit,
2626 1199 2782 1259 idem

537 1303 831 1381 suspicari
879 1304 1031 1363 licet.
1074 1334 1158 1343 -
1203 1303 1482 1380 Denique
1514 1303 1683 1363 locus
1730 1303 1826 1363 ille
1870 1321 1925 1381 p.
1972 1303 2142 1363 Rosc.
2184 1304 2312 1363 Am.
2356 1305 2438 1363 46
2498 1302 2783 1380 prolatus,

539 1409 605 1466 ut
670 1405 962 1467 Joannem
1031 1406 1260 1466 Vahlen
1331 1404 1838 1466 demonstrantem
1908 1405 2137 1484 audivi,
2215 1408 2489 1482 sumptus
2555 1408 2645 1464 est
2707 1422 2782 1464 ex

541 1526 612 1568 ea
657 1507 994 1585 comoedia,
1039 1516 1194 1585 quae
1239 1526 1274 1566 a
1319 1507 1626 1567 nonnullis
1668 1494 2151 1586 ὑποβολιμαῖος
2196 1507 2656 1569 Chaerestratus
2697 1507 2782 1566 in·

539 1611 762 1688 scripta
817 1627 947 1671 esse
1005 1610 1218 1670 dicitur
1279 1613 1338 1669 et
1398 1609 1473 1668 ad
1530 1609 1842 1670 Menandri
1906 1597 2402 1689 ὑποβολιμαίου
2462 1592 2785 1689 ἅγροικοῦ

539 1713 874 1791 exemplum
922 1711 1083 1772 facta
1126 1715 1232 1772 est.
1277 1743 1359 1753 —
1407 1713 1752 1772 Extremum
1799 1715 1907 1791 est,
1952 1716 2018 1772 nt
2058 1712 2133 1773 de
2162 1712 2350 1773 tribus
2379 1711 2575 1772 Plauti
2621 1711 2782 1780 locis,

540 1816 640 1893 qui
699 1814 857 1893 apud
903 1815 1248 1877 Ciceronem
1311 1812 1809 1893 inveniunturffl),
1871 1832 2063 1893 pauca
2107 1814 2342 1874 addam.
2438 1810 2595 1874 Satis
2658 1812 2782 1872 scio

540 1935 643 1978 eos
704 1936 820 1978 non
885 1936 958 1977 ex
1019 1918 1090 1977 iis
1149 1917 1494 1994 comoediis,
1562 1917 1619 1976 in
1684 1917 1902 1996 quibus
1953 1917 2051 1976 ille
2105 1916 2497 1976 Menandrum
2543 1918 2784 1976 secutus

539 2024 646 2097 est,
691 2023 961 2097 sumptos
1006 2037 1174 2097 esse3
1237 2020 1429 2081 minor
1474 2038 1621 2080 vero
1667 2023 1758 2079 est
1804 2020 2066 2080 locorum
2115 2036 2423 2096 numerus,
2483 2037 2662 2096 quam
2709 2037 2784 2079 ex

539 2141 660 2200 quo
706 2122 852 2182 certi
895 2121 1220 2200 quidquam
1267 2123 1454 2198 possit
1499 2122 1734 2199 colligi,
1798 2126 1857 2182 et
1904 2122 2154 2182 Plautus
2210 2139 2391 2199 saepe
2434 2124 2553 2180 tam
2600 2121 2785 2181 libere

539 2225 794 2285 vertisse
837 2223 1102 2295 videtur,
1166 2229 1235 2285 ιιι
1278 2223 1471 2284 minus
1517 2223 1776 2284 colorem
1824 2228 1883 2284 et
1926 2224 2191 2284 habitum
2236 2222 2471 2283 fabulae
2517 2223 2784 2284 Graecae

539 2331 844 2405 servaret,
897 2345 1074 2405 quam
1133 2345 1306 2387 suum
1363 2326 1550 2404 ipsius
1610 2326 1877 2387 inferret.
1976 2326 2134 2402 Quin
2194 2326 2368 2386 etiam
2417 2326 2785 2387 contendere

539 2430 734 2492 audeo
779 2429 838 2491 id
883 2429 1095 2508 ipsum,
1141 2429 1299 2508 quod
1350 2430 1560 2493 Cicero
1609 2438 1726 2489 tam
1774 2448 2002 2509 paucos
2048 2429 2204 2491 illius
2247 2448 2459 2491 versus
2502 2428 2790 2509 attulerit,

541 2532 981 2612 quodammodo
1027 2537 1377 2609 argumento
1425 2549 1591 2611 esse,
1635 2534 1840 2608 quanti
1890 2532 2200 2593 Menandri
2247 2533 2547 2594 scribendi
2593 2550 2786 2611 genus

539 2634 961 2695 aestimaverit.
1070 2634 1221 2710 Quis
1285 2635 1437 2694 enim
1507 2639 1630 2712 est,
1690 2635 1832 2712 quin
1902 2634 2193 2695 concedat
2257 2635 2536 2695 Plautum
2602 2635 2786 2695 multo

539 2738 777 2815 longius
834 2737 910 2797 ab
965 2755 1038 2797 eo
1092 2737 1349 2817 afuisse,
1411 2755 1590 2815 qnam
1650 2736 2000 2797 Terentium
2063 2740 2124 2797 et
2177 2734 2646 2812 Caecilium?9³)
2704 2770 2787 2778 —-

539 2839 753 2902 Omnia
810 2840 1031 2918 igitur,
1090 2857 1251 2917 quae
1311 2840 1407 2901 vel
1453 2839 1526 2900 de
1572 2839 1904 2901 Menandro
1950 2839 2082 2917 ipso
2125 2839 2225 2900 vel
2270 2839 2345 2900 de
2391 2840 2631 2902 comicis
2674 2841 2786 2902 Ro·

542 2944 732 3010 manis
778 2961 911 3004 eum
961 2942 1330 3003 imitantibus
1392 2943 1449 3003 in
1496 2943 1802 3004 Ciceronis
1843 2942 2009 3002 libris
2052 2943 2474 3021 inveniuntur,
2529 2944 2788 3021 probant

541 3064 828 3107 summam
874 3046 1036 3106 illius
1079 3049 1292 3123 poetae
1338 3046 1396 3105 in
1445 3045 1560 3104 hoc
1604 3044 1791 3105 fuisse
1836 3045 2305 3106 admirationem.
2378 3046 2576 3106 Facile
2609 3047 2789 3122 igitur

544 3148 711 3210 credi
774 3152 976 3227 potest
1047 3149 1370 3209 nonnullas
1436 3148 1677 3227 quidem
1748 3149 1879 3227 ejus
1945 3148 2278 3209 comoedias
2351 3166 2484 3208 eum
2555 3148 2789 3227 legisse,

710 3431 781 3494 ⁹²)
816 3428 889 3484 cf.
925 3429 978 3484 d.
1016 3430 1128 3485 inv.
1170 3435 1214 3496 1,
1251 3435 1345 3499 953
1380 3429 1434 3484 d.
1471 3445 1548 3484 or.
1587 3435 1635 3491 2,
1673 3433 1766 3500 393
1801 3428 1855 3483 d.
1893 3428 2003 3484 div.
2045 3436 2089 3496 1,
2126 3435 2208 3483 65.

709 3516 777 3579 ⁰⁸)
811 3515 955 3569 Sunt
988 3530 1124 3570 sane
1158 3515 1264 3570 loci
1301 3514 1453 3584 apud
1484 3515 1827 3582 Ciceronem,
1863 3514 2068 3584 quihus
2094 3516 2259 3570 valde
2293 3515 2486 3570 laudat
2515 3515 2786 3570 Plautum.

538 3596 625 3654 At
658 3598 918 3669 equidem
954 3596 1138 3654 facere
1172 3616 1288 3653 non
1321 3615 1570 3669 possum,
1607 3601 1739 3670 quin
1779 3607 1969 3670 putem
2006 3600 2107 3655 has
2144 3600 2340 3655 laudes
2365 3600 2542 3669 magis
2567 3615 2634 3656 eo
2658 3616 2786 3655 con-

538 3684 665 3741 silio
700 3684 769 3739 ab
806 3683 905 3738 illo
938 3684 1191 3754 prolatas
1228 3699 1372 3754 esse,
1409 3691 1471 3739 ut
1505 3686 1585 3739 ita
1620 3700 1872 3756 quoqne,
1919 3692 2187 3755 quantum
2223 3684 2477 3741 homines
2512 3700 2642 3741 vere
2678 3686 2789 3740 Ro-

539 3786 731 3825 manos
767 3775 1017 3825 veterum
1054 3775 1366 3839 temporum
1401 3769 1790 3839 admiraretur,
1826 3770 2167 3834 ostenderet,
2204 3785 2368 3840 quam
2406 3771 2540 3841 quia
2572 3785 2631 3826 re
2657 3786 2788 3836 vera

540 3870 792 3926 magnam
842 3870 910 3909 ex
955 3854 1108 3910 illius
1153 3854 1457 3910 comoediis
1502 3854 1653 3925 cepit
1712 3855 2153 3911 delectationem.
2246 3857 2478 3911 Plautus
2526 3855 2668 3911 enim
2716 3855 2788 3910 iis

535 3939 677 4011 ipsis
725 3939 1059 4008 virtutibus,
1104 3955 1244 4009 quas
1291 3939 1348 3993 in
1385 3939 1649 3996 Terentio
1686 3940 1882 3997 Cicero
1926 3940 2330 4008 admirabatur,
2382 3941 2547 3996 valde
2595 3941 2788 4009 caruit,

539 4033 598 4082 et
641 4040 973 4096 quamquam
1023 4027 1144 4080 loco
1190 4040 1359 4094 supra
1393 4026 1561 4080 allato
1600 4026 1677 4092 (d.
1714 4026 1808 4081 off.
1852 4030 1894 4094 1,
1940 4030 2056 4092 104)
2093 4025 2379 4081 urbanitas
2416 4026 2468 4080 ei
2505 4025 2791 4095 tribuitur,

539 4118 725 4166 tamen
765 4111 897 4181 ‚iure
949 4111 1211 4167 contendi
1263 4121 1456 4181 potest
1506 4110 1651 4166 hanc
1705 4110 1958 4181 quidem,
2011 4126 2175 4181 quam
2213 4111 2408 4166 Cicero
2461 4111 2790 4182 intellegere

537 4195 769 4260 solebat,
805 4196 858 4252 ei
893 4195 1160 4252 defuisse.
1233 4197 1384 4262 Quae
1419 4211 1544 4251 cum
1578 4197 1662 4251 ita
1697 4196 1828 4265 sint,
1865 4196 2142 4252 assentior
2176 4195 2263 4265 iis,
2299 4210 2442 4266 quae
2479 4198 2694 4251 Lorenz
2731 4195 2788 4250 in

540 4281 786 4337 editione
810 4282 1182 4338 Mostellariae
1207 4282 1495 4337 Plautinae
1519 4297 1576 4350 p.
1604 4285 1669 4336 45
1695 4281 1980 4350 prooemii,
2004 4281 2132 4336 adn.
2153 4286 2217 4335 42
2242 4280 2312 4337 de
2336 4280 2439 4337 hac
2463 4295 2522 4337 re
2546 4281 2788 4337 disserit.
