3166 4871
1042 220 1129 276 De
1164 221 1372 275 nomin.
1405 220 1467 274 in
1501 238 1667 285 -αιος,
1739 224 1772 287 s
1810 224 1896 274 ¹18.
2507 224 2630 287 237

371 399 634 459 verbum
681 399 884 478 fuerit,
927 404 989 460 et
1032 400 1330 476 quomodo
1372 399 1645 459 diversae
1678 400 1931 459 nominis
1963 399 2426 475 significationes
2458 405 2630 460 natae

369 502 529 577 sint,
589 504 812 578 optime
872 520 982 562 nos
1042 509 1465 579 perspecturus
1511 520 1643 562 esse
1688 506 1835 579 puto
1848 548 1864 581 ,
1921 503 1970 562 si
2018 503 2377 562 vocabulum
2440 520 2631 579 paene

371 605 648 664 eiusdem
678 605 940 665 notionis
985 589 1354 682 ἀλάστωρ
1401 605 1969 681 comparaverimus,
2014 623 2133 682 quo
2169 623 2349 682 saepe
2382 611 2633 665 utuntur

372 708 752 784 grammatici
812 707 888 767 ad
948 708 1468 786 interpretandum
1528 706 1969 786 παλαμναῖος.
2069 709 2261 767 Etiam
2320 693 2630 786 ἀλάστωρ

373 810 826 871 interfectorem
859 810 1121 888 denotat,
1152 812 1392 887 piaculo
1423 811 1737 888 pollutum,
1780 810 1995 870 deinde
2028 811 2267 871 omnino
2297 811 2631 886 scelestum,

373 911 869 990 abominandum,
914 914 1187 989 invisum,
1231 913 1529 972 inimicum
1577 912 1670 987 (ut
1713 913 1893 991 δορὴ.
1924 913 2015 972 Αἰ.
2048 909 2171 969 372
2216 897 2289 983 ὃς
2328 906 2472 990 χερὶ
2507 905 2630 988 μὲν

367 1011 644 1093 μεθῆκα
708 1005 869 1085 τούς
935 999 1327 1093 ἀλάστορας.
1433 1017 1604 1076 Dem.
1668 1033 1777 1091 pro
1844 1033 1963 1075 cor.
2010 1012 2159 1091 296,
2224 1015 2299 1074 de
2368 1014 2631 1091 Philippi

367 1117 682 1193 partibus:
727 1103 1088 1195 ἄνθρωποι
1132 1112 1358 1196 μιαροὶ
1404 1112 1518 1175 καὶ
1560 1107 1848 1187 κόλακες
1895 1112 2007 1175 καὶ
2036 1102 2412 1195 ἀλάστορες.
2488 1118 2630 1177 Eur.

367 1218 452 1278 fr.
501 1216 621 1275 517
657 1222 726 1278 D.
787 1203 963 1289 Ίσως
1022 1204 1337 1297 ἀλάστορ’
1396 1205 1527 1279 οὐκ
1591 1209 1915 1300 ἐτόλμησε
1977 1219 2303 1293 κτανεῖν),
2367 1219 2628 1296 denique

368 1322 556 1381 deum
601 1340 829 1398 poenas
873 1324 1236 1400 exigentem,
1294 1322 1710 1400 ulciscentem,
1767 1330 2161 1401 pungentem,
2214 1322 2629 1399 perniciosum.

369 1423 473 1484 Cf.
527 1425 720 1483 Vales.
779 1423 855 1484 ad
904 1425 1198 1501 Harpocr.
1250 1443 1298 1485 s.
1341 1445 1424 1504 ια,
1483 1426 1694 1485 Blomf.
1740 1426 1924 1501 gloss.
1969 1426 2133 1485 Pers.
2178 1421 2328 1503 360,
2389 1424 2630 1483 Ellendt

367 1528 495 1585 lex.
526 1527 705 1603 Soph.
754 1543 800 1586 s.
830 1546 884 1586 v.
972 1526 1148 1599 Quod
1195 1528 1557 1588 vocabulum
1604 1534 1767 1588 recte
1811 1529 2178 1588 recentiores
2223 1527 2297 1586 ab
2339 1510 2627 1601 ἀλάομαι

363 1633 684 1705 repetunt,
745 1628 853 1688 sed
919 1629 1210 1689 falluntur
1272 1632 1373 1707 qui
1438 1633 1683 1708 proprie
1750 1629 1926 1690 deum
1993 1632 2081 1690 sic
2145 1636 2424 1689 vocatum
2493 1646 2624 1689 esse

363 1736 607 1808 putant,
651 1734 717 1790 ut
758 1730 933 1791 Tafel
975 1732 1033 1790 in
1080 1732 1258 1791 Thes.
1307 1750 1352 1791 e.
1383 1752 1454 1808 ιη,
1501 1732 1692 1811 Keck,
1736 1731 1919 1809 praef.
1952 1732 2027 1792 ad
2064 1732 2276 1792 Aescln.
2322 1732 2431 1805 Ag.
2464 1749 2520 1807 p.
2543 1725 2623 1785 20

363 1832 569 1909 („Dcr
613 1818 927 1912 ἀλάστωρ
973 1833 1117 1893 aber
1163 1836 1236 1894 ist
1282 1835 1342 1894 in
1403 1834 1721 1912 doppelter
1776 1834 2123 1910 bedeutung
2183 1833 2319 1909 ,der
2363 1825 2625 1909 treiber‘,

361 1936 483 1994 der
530 1953 741 2013 wegen
801 1937 1188 2012 begangcner
1249 1936 1594 1997 blutschuld
1651 1936 1927 2014 zugleich
1989 1936 2106 1996 den
2167 1936 2302 1995 sinn
2349 1936 2625 1995 verwirrt

363 2036 496 2097 und
543 2036 660 2097 den
708 2038 947 2098 mordet·
990 2039 1207 2099 rastlos
1252 2039 1330 2098 im
1376 2039 1549 2100 elend
1598 2032 2014 2117 umherjagt“),
2060 2039 2300 2100 Curtius
2332 2033 2449 2096 Et.4
2483 2033 2624 2113 5-17,

361 2158 555 2217 quum
612 2141 696 2200 sic
752 2159 870 2201 non
929 2141 1265 2218 explicetur
1321 2138 1424 2219 ‘qui
1489 2142 1616 2201 fieri
1648 2143 1928 2219 ,potuerit
1974 2145 2039 2201 ut
2084 2124 2399 2218 ἀλάστωρ
2445 2138 2619 2198 etiam

359 2248 691 2303 vocaretur
735 2243 911 2303 homo
956 2244 1291 2321 piacularia.
1379 2246 1564 2305 Recte
1620 2243 1858 2321 quidem
1914 2246 2095 2321 negat
2139 2241 2410 2302 Keckius
2465 2225 2619 2298 ἀλά-

362 2359 582 2422 στορα
645 2363 908 2423 unqusm
969 2345 1206 2423 passive
1271 2345 1614 2425 significare
1687 2364 1864 2423 posse
1929 2345 2090 2425 „deu
2158 2342 2619 2405 fluchbeladnen

363 2441 594 2507 mann“
653 2449 894 2532 passiva
948 2450 1244 2509 enim-vis
1288 2449 1489 2510 suffixi
1534 2466 1659 2528 τορ
1707 2469 1825 2510 non
1872 2454 1981 2510 est.
2068 2449 2186 2509 Sed
2231 2447 2367 2524 quis
2412 2446 2621 2507 credat

367 2551 636 2627 Aiacem,
666 2563 854 2628 quum
886 2551 1047 2612 dicat
1077 2550 1152 2612 de
1185 2552 1361 2611 Ulixe
1393 2535 1466 2621 ὃς
1493 2546 1638 2629 χερὶ
1666 2545 1789 2629 μὲν
1816 2548 2084 2631 μεθῆκα
2112 2539 2237 2609 τὸν
2266 2533 2621 2625 ἀλάστορα,

359 2653 704 2730 significare
761 2654 1025 2713 voluisse
1084 2653 1242 2730 „den
1299 2653 1550 2732 treiber,
1611 2652 1728 2714 den
1785 2645 2103 2731 peiniger“
2162 2671 2360 2729 neque
2419 2651 2618 2728 potius

358 2756 719 2847 „scelestum
766 2756 1027 2833 mihique
1070 2747 1403 2816 invisum“?
1478 2756 1792 2833 Multoque
1823 2757 1999 2816 etiam
2032 2754 2441 2815 incredibilius
2473 2753 2618 2812 hoc:

239 2833 254 2842 ’
357 2859 597 2935 „Wenn
659 2859 872 2917 Aesch.
919 2859 1089 2918 Eum.
1135 2855 1257 2915 235
1321 2857 1564 2918 Orestes
1622 2877 1731 2918 zur
1789 2858 2026 2919 Athene
2086 2858 2231 2918 fleht
2288 2851 2485 2934 δέχου
2545 2847 2613 2911 δὲ

359 2956 758 3038 πρευμενῶς
813 2944 1172 3038 ἀλάστορα,
1219 2979 1284 3021 so
1331 2961 1513 3021 meint
1558 2980 1624 3019 er
1671 2960 1855 3020 dsmit
1886 2960 2049 3019 nicht
2081 2959 2459 3019 unmittelbar
2488 2957 2613 3016 sich

359 3062 578 3139 selbst,
637 3062 898 3123 sondern
953 3063 1075 3122 (len
1130 3063 1253 3122 sich
1300 3081 1376 3123 an
1423 3063 1590 3123 scine
1636 3063 1841 3122 schlen
1891 3060 2215 3122 heftenden
2263 3061 2617 3138 rachcgcist,

359 3164 472 3223 der
513 3163 792 3241 zugleich
838 3165 945 3225 mit
984 3164 1107 3224 ihm
1156 3183 1263 3225 vor
1306 3164 1415 3225 der
1459 3166 1654 3243 gottiu
1701 3157 2065 3225 erscheint“!
2148 3164 2263 3238 Qui
2307 3165 2391 3222 sic
2437 3165 2614 3222 inter·
2648 3183 2663 3192 ·

358 3271 637 3344 pretatur
680 3266 919 3343 quidvis
963 3267 1128 3327 volet
1171 3268 1448 3344 scriptori
1498 3275 1816 3344 supponet.
1890 3269 2019 3342 Ego
2065 3267 2421 3344 scriptorum
2467 3265 2614 3324 locis

356 3369 479 3428 vim
514 3368 718 3430 facere
748 3370 978 3449 nolens,
1009 3388 1216 3430 omnes
1247 3371 1524 3430 vocabuli
1559 3355 1874 3447 ἀλάστωρ
1900 3369 2365 3447 significationes
2391 3369 2614 3446 optime

358 3471 652 3549 explicari
718 3477 891 3550 puto,
967 3472 1014 3531 si
1090 3472 1262 3532 etiam
1337 3472 1516 3533 huius
1588 3473 1751 3533 verbi
1823 3477 2040 3533 sortem
2110 3470 2359 3532 eandem
2428 3470 2612 3530 fuisse

359 3578 725 3652 statuamus,
797 3592 974 3651 quam
1050 3576 1216 3635 vocis
1286 3564 1791 3653 προςτρόπαιος
1857 3575 2043 3635 fuisse
2109 3592 2288 3651 supra
2355 3572 2611 3634 vidimus

359 3695 420 3753 p.
443 3671 588 3754 228,
633 3681 693 3736 et
722 3696 878 3753 quae
908 3678 1085 3737 etiam
1117 3678 1369 3738 aliarum
1401 3696 1518 3737 non
1552 3678 1846 3738 nullarum
1878 3677 2008 3752 fuit,
2054 3680 2122 3737 ut
2149 3675 2389 3754 proprie
2435 3676 2609 3735 homo

358 3778 448 3837 sic
493 3784 746 3840 vocatus
789 3780 884 3856 sit,
928 3778 1148 3839 deinde
1194 3780 1400 3840 eodem
1435 3780 1671 3840 nomine
1700 3783 1873 3839 ctiam
1908 3780 2161 3839 hominis
2192 3780 2362 3856 quasi
2396 3779 2609 3854 genius

357 3882 725 3958 appellatus.
831 3883 1044 3959 Itaque
1110 3866 1421 3959 ἀλάστωρ
1487 3888 1651 3942 rccte
1716 3882 1856 3942 mihi
1924 3882 2213 3959 explicari
2272 3881 2513 3941 v‘idctur
2574 3899 2609 3939 a

357 3983 544 4043 schol.
606 3985 751 4044 Eur.
796 3985 942 4044 Hec.
987 3981 1142 4044 675:
1210 3969 1341 4043 ἀπὸ
1406 3981 1529 4043 τοῦ
1589 3970 1733 4042 ἀλῶ
1794 3974 1872 4042 τὸ
1933 3983 2324 4062 πλανῶμαι·
2389 3971 2426 4042 ὁ
2484 3972 2606 4061 γὰρ

356 4076 698 4161 φονεύσας
741 4078 893 4145 τινὰ
939 4075 1109 4146 κατὰ
1153 4077 1275 4166 τὴν
1330 4077 1628 4146 παλαιὰν
1686 4076 2057 4166 συνήθειαν
2114 4076 2421 4164 ἐξ.’ρχετο
2483 4081 2607 4150 τοῦ

357 4177 581 4248 τόπου
624 4173 864 4262 αὑτοῦ,
908 4183 1018 4248 καὶ
1064 4185 1460 4267 περιπατῶν
1503 4180 1677 4248 κατὰ
1720 4179 1973 4258 τόπους
2019 4183 2355 4248 ἐπλανᾶτο
2403 4179 2607 4246 ἔνθεν
