3166 4871
561 265 683 327 318

568 440 973 499 Buechelcrns
1019 440 1180 499 locos
1225 459 1273 497 c.
1305 443 1386 500 29
1432 438 1557 514 (30,
1592 444 1696 499 13:
1757 444 1814 497 et
1857 440 2129 512 colleoae
2173 456 2229 511 q.
2274 468 2361 478 -
2404 454 2516 513 eqo
2559 434 2803 509 autem),

567 547 646 603 96
694 540 862 618 (116,
895 530 962 603 6':
1008 545 1067 600 et
1111 542 1211 600 me
1255 557 1310 615 q.
1358 570 1438 580 —
1485 557 1598 615 eqo
1644 537 1898 615 autem),
1964 544 2081 601 106
2129 538 2295 613 (121,
2331 545 2398 599 τι
2445 546 2503 598 ee
2548 540 2699 598 haec
2744 556 2801 612 q.

559 674 644 685 —
705 649 971 704 celerum
1027 640 1291 714 mulier).
1391 643 1508 702 alio
1580 642 1758 701 modo
1817 643 2114 720 oppositio
2174 642 2435 701 indicata
2494 648 2585 701 est
2641 661 2690 701 c.
2724 644 2801 702 69

565 746 689 823 (82,
726 751 833 807 14:
878 751 935 805 et
979 746 1131 805 hacc
1175 762 1228 819 q.
1275 743 1613 805 tolerabilia
1658 752 1856 817 erant,
1900 748 1955 804 si
1997 748 2138 812 non)
2200 750 2260 805 et
2303 747 2383 805 99
2430 744 2599 822 (120,
2628 748 2698 805 8:
2746 748 2807 802 et

566 850 889 922 Eumolpus
933 866 986 922 q.
1032 877 1114 887 —
1158 846 1310 922 eqo).
1412 865 1616 907 omnes
1678 849 1735 906 hi
1796 848 1910 907 loci
1969 848 2052 907 ita
2111 848 2437 923 comparati
2501 852 2672 917 sunt,
2740 851 2806 905 ut

566 951 957 1028 vocabulum,
1019 950 1175 1027 quod
1241 951 1395 1009 inter
1451 954 1510 1008 et
1570 956 1631 1009 et
1689 950 1926 1023 quidem
1985 949 2303 1025 inseritur,
2363 950 2804 1009 accuratissime

561 1050 928 1130 respondeat
994 1053 1107 1130 illi,
1181 1050 1341 1129 quod
1410 1052 1704 1129 particula
1770 1056 1967 1110 aulem
2033 1057 2092 1112 et
2154 1051 2284 1110 aliis
2315 1052 2398 1112 'ei
2466 1052 2807 1128 opponitur.

562 1175 798 1233 semper
862 1156 1175 1232 utriusque
1232 1156 1399 1214 verbi
1459 1155 1613 1214 idem
1677 1172 1853 1215 casus
1909 1155 2139 1230 positus
2198 1160 2303 1213 cst.
2406 1155 2546 1213 hnic
2608 1153 2804 1213 obser-

563 1259 785 1317 vationi
844 1264 965 1316 tres
1026 1258 1140 1317 loci
1202 1258 1440 1318 obstare
1504 1258 1801 1317 videntur.
1910 1257 2162 1333 primum
2224 1276 2275 1316 c.
2321 1259 2439 1318 115
2500 1254 2804 1331 (147,17)

562 1362 842 1437 legimus:
909 1367 967 1419 et
1025 1359 1275 1420 Licham
1336 1362 1570 1433 quidem
1630 1377 1817 1433 roqus
1881 1361 2140 1419 inimicis
2207 1361 2471 1419 collatus
2532 1357 2806 1418 manibus

563 1460 867 1521 adolebat.
950 1462 1279 1535 Eumolpus
1321 1468 1517 1521 aulem
1548 1462 1688 1520 dum
1721 1464 2090 1536 epiqramma
2116 1466 2350 1521 mortuo
2375 1462 2561 1536 facit,
2606 1462 2809 1520 oeulos

564 1567 648 1625 ad
689 1567 1082 1623 arcessendos
1124 1580 1334 1623 sensus
1379 1566 1622 1639 lonye'us
1665 1565 1863 1637 mittit,
1907 1571 2032 1623 tum
2078 1565 2293 1623 lacuna
2336 1566 2626 1641 sequitur.
2697 1561 2804 1622 sed

564 1667 677 1727 iam
755 1666 1161 1727 Buechelerus
1231 1668 1751 1726 inconcinnitatem
1828 1668 2004 1725 huius
2076 1667 2408 1726 sententiae
2480 1666 2806 1725 rectissime

565 1770 751 1831 sensit
805 1774 865 1829 et
907 1769 1071 1841 aliis,
1132 1774 1310 1847 puto,
1370 1770 1443 1828 de
1492 1771 1687 1828 causis
1732 1770 2103 1828 enuntiatum
2152 1770 2212 1828 in
2262 1768 2501 1828 dubium
2551 1767 2811 1843 vocavit,

566 1875 880 1950 suspicans
918 1876 1061 1949 post
1096 1874 1258 1946 facit
1304 1871 1601 1932 excidisse
1646 1877 1720 1930 el.
1794 1877 1854 1930 et
1897 1876 2060 1930 recte
2104 1871 2162 1929 id
2197 1871 2600 1931 Buechelerus
2648 1870 2808 1930 vide-

565 1980 663 2035 tur
722 1975 1119 2051 perspexisse.
1218 1974 1491 2033 facillime
1551 1979 1747 2032 autem
1807 1974 2206 2050 intellegitur,
2279 1974 2579 2050 quomodo
2640 1990 2810 2032 error

567 2085 734 2138 ortus
795 2079 888 2136 sit.
978 2077 1254 2136 librarius
1314 2078 1466 2136 cnim
1530 2077 1855 2135 clausulam
1903 2076 2236 2135 sententiae
2283 2076 2628 2151 completam
2677 2093 2811 2134 csse

566 2186 751 2257 ratus,
798 2185 863 2239 ut
906 2180 1198 2239 sermonis
1244 2183 1587 2239 contextum
1635 2179 2072 2255 quodammodo
2117 2179 2491 2256 restitueret,
2538 2183 2596 2237 el
2640 2178 2814 2237 eiecit

568 2288 628 2341 ct
674 2284 1031 2356 Eumolpum
1076 2283 1130 2340 in
1182 2283 1510 2356 Eumolpus
1557 2283 1824 2341 mutavit.
1911 2282 2166 2358 ideoque
2227 2300 2341 2359 ego
2387 2299 2630 2359 quoque
2676 2298 2808 2339 cum

567 2386 936 2446 Buechelero
1012 2390 1070 2443 el
1137 2382 1435 2445 excidisse
1502 2389 1562 2444 et
1626 2376 1980 2445 sententiam
2050 2401 2178 2444 esse
2244 2383 2581 2444 lacunosam
2649 2385 2814 2460 puto.

568 2506 755 2564 quare
814 2486 892 2545 de
953 2488 1065 2546 hoc
1124 2488 1256 2547 loco
1303 2488 1573 2563 quaestio
1619 2486 1679 2546 in
1727 2487 1919 2546 medio
1966 2486 2361 2562 relinquenda
2404 2489 2512 2545 est.
2553 2516 2639 2526 —
2683 2490 2810 2545 tum

568 2609 616 2648 c.
664 2593 744 2650 97
795 2586 961 2661 (117,
999 2585 1100 2659 19)
1145 2589 1426 2665 legimus:
1472 2590 1714 2647 interim
1760 2590 2069 2662 Ascyltos,
2115 2594 2182 2645 ul
2217 2588 2569 2661 pererravit
2612 2602 2815 2647 omncs

569 2709 703 2751 cum
746 2692 979 2750 viatore
1022 2692 1236 2764 cellas,
1280 2691 1441 2749 venit
1485 2691 1570 2748 acl
1611 2707 1816 2748 meam.
1907 2697 1968 2748 et
2014 2690 2154 2748 lzoc
2199 2690 2438 2762 quidem
2474 2691 2812 2763 pleniorem

567 2810 734 2869 spem
778 2794 1090 2867 concepit,
1138 2809 1253 2866 quo
1302 2793 1653 2866 diliyentlus
1697 2794 2123 2868 oppessulatas
2170 2793 2388 2851 invenit
2424 2792 2618 2865 sores.
2696 2809 2816 2866 pu-

569 2896 762 2956 ble'cus
836 2912 972 2955 vero
1033 2912 1246 2956 servus
1304 2939 1358 2954 ..
1429 2895 1681 2953 laxavit.
1793 2896 1852 2954 iu
1935 2895 2104 2955 codd.
2190 2895 2430 2954 videtur
2496 2895 2610 2954 laeoc
2677 2893 2817 2970 legi,

570 3018 704 3058 cum
764 2997 822 3057 in
886 2997 1268 3058 adnotatione
1322 2998 1527 3057 critica
1586 2998 1752 3057 nulla
1796 2997 2202 3074 discrepantia
2246 2997 2529 3056 adnotata
2573 2997 2665 3056 sit.
2751 2996 2812 3055 in

571 3101 831 3161 editione
876 3105 1069 3160 autem
1118 3101 1562 3160 Burmanniana
1607 3100 1706 3159 lu'c
1751 3118 1861 3176 pro
1907 3100 2021 3158 hoc
2067 3100 2351 3177 scriptum
2402 3104 2509 3176 est,
2552 3100 2816 3175 itemque

573 3223 684 3263 uec
746 3223 783 3262 a
848 3204 1190 3262 Burmanno
1257 3221 1369 3261 nec
1434 3202 1507 3261 ab
1574 3202 1695 3262 alio
1762 3201 2089 3279 quidquam
2156 3201 2422 3261 additum
2491 3204 2599 3261 est.
2704 3200 2814 3260 sed

571 3304 799 3364 etiamsi
842 3304 899 3362 in
949 3304 1118 3363 codd.
1164 3304 1280 3363 hoc
1322 3304 1606 3380 scriptum
1656 3308 1764 3380 est,
1807 3307 2006 3363 tamen
2053 3307 2365 3362 accuratae
2405 3301 2816 3381 responsionis

573 3424 756 3465 causa
815 3406 917 3465 lu'c
976 3406 1294 3483 legendum
1359 3424 1490 3466 esse
1550 3407 1906 3465 censuerim.
1951 3420 2036 3445 ‘—
2080 3405 2340 3482 denique
2385 3424 2436 3464 c.
2465 3409 2546 3466 47
2594 3407 2717 3481 (55,
2747 3401 2816 3477 8)

574 3509 701 3567 cod.
747 3508 952 3568 habet:
1012 3514 1070 3567 et
1129 3509 1364 3583 quidem
1422 3524 1632 3568 cocum
1681 3509 1994 3583 polentiae
2040 3507 2404 3566 admonitum
2448 3508 2512 3566 in
2556 3507 2818 3566 culinam

572 3610 874 3670 obsonium
921 3611 1129 3687 demit,
1204 3611 1569 3670 Trimalchio
1616 3615 1814 3670 aulem
1857 3610 1986 3668 miti
2028 3610 2115 3668 ad
2154 3611 2478 3690 nos-vultu
2519 3608 2820 3685 responait.

572 3714 826 3791 primum
874 3717 1037 3773 recte
1082 3713 1491 3772 Buechelerus
1535 3713 1722 3772 verba
1768 3712 2163 3789 transposuit:
2209 3719 2266 3770 el
2310 3727 2516 3771 cocum
2560 3712 2820 3785 quidem,

574 3815 677 3875 scd
722 3820 911 3875 restat
955 3820 1149 3874 tamen
1198 3816 1637 3875 inconcinnitas
1684 3819 1743 3874 et
1786 3819 2098 3892 praetcrea
2142 3814 2396 3891 ineptia,
2450 3833 2587 3874 nam
2634 3831 2819 3872 cocus

574 3919 920 3995 obsonium,
982 3936 1097 3976 non
1161 3917 1471 3976 obsonium
1516 3935 1724 3977 cocum
1771 3918 1828 3975 in
1878 3917 2130 3976 culinam
2178 3916 2358 3975 ducit.
2445 3920 2608 3975 recte
2654 3916 2820 3974 hunc

574 4022 767 4080 locum
828 4020 939 4077 iam
987 4021 1367 4078 Burmannus
1422 4019 1636 4093 partim
1699 4018 2044 4078 coniectura
2086 4017 2457 4077 Tilebomeui
2503 4035 2648 4077 usus
2692 4035 2822 4076 mu-

575 4123 724 4180 tavit
766 4123 879 4181 ita:
925 4138 1108 4181 cocus
1142 4121 1459 4195 polentiae
1502 4120 1862 4180 admonitus.
1949 4120 2033 4180 ita
2087 4137 2288 4180 omnes
2335 4120 2394 4178 hi
2437 4119 2549 4179 loci
2597 4119 2821 4195 optime

576 4224 734 4282 inter
778 4242 841 4285 se
888 4226 1249 4302 congruunt.
1296 4253 1376 4261 —-
1421 4223 1495 4282 ab
1528 4222 1641 4281 hac
1683 4221 1935 4280 formula
1966 4228 2022 4280 el
2069 4266 2082 4277 .
2117 4267 2123 4280 .
2170 4221 2409 4295 quidem
2438 4220 2823 4296 segreganda
