3166 4871
2527 314 2647 377 357

401 493 559 553 orbis
586 494 818 562 librum,
851 491 1203 550 divisionem
1240 490 1400 550 orbis
1429 493 1489 551 in
1514 492 1847 551 cod.Palat-.
1872 494 2049 566 1357,
2081 490 2648 550 dimensurationem

399 596 861 674 provinciarum,
918 612 1109 671 nuper
1152 594 1489 670 publicatos
1533 613 1569 653 a
1615 592 1972 654 Schwedero
2017 593 2052 652 l.
2101 594 2156 673 l.‚
2201 592 2397 653 Orosii
2441 592 2648 653 choro·

404 697 716 777 graphiam
761 697 978 757 editam
1024 716 1061 756 a
1106 697 1593 774 Zangemeistero
1645 696 1704 755 in
1755 696 1977 756 Comm.
2017 697 2362 757 Mommsen.
2407 715 2462 773 p.
2512 700 2650 756 715.

407 802 524 876 Qui
583 817 790 861 omnes
850 798 1109 860 redeunt
1167 797 1244 858 ad
1292 817 1475 858 unum
1520 817 1888 859 communem
1935 803 2255 868 auctorem,
2303 803 2368 858 ut
2412 804 2652 876 praeter

404 903 610 964 orbem
654 907 950 963 terrarum
994 901 1058 961 in
1104 902 1339 978 porticu
1372 900 1766 977 spectandum
1799 900 1971 960 etiam
2003 900 2216 960 librum
2250 902 2648 979 perscriptum

404 1005 587 1065 fuisse
656 1004 829 1065 facile
895 1003 1144 1079 intelligi
1210 1003 1418 1078 possit.
1537 1004 1754 1080 Neque
1827 1002 1887 1062 id
1964 1004 2277 1080 quisquam
2346 1003 2649 1074 infitietur,

404 1107 581 1168 huius
623 1107 757 1167 libri
798 1110 1101 1166 auctorem
1150 1106 1379 1165 nullum
1426 1104 1605 1164 alium
1651 1122 1786 1166 esse
1831 1110 2068 1183 praeter
2113 1105 2473 1183 Agrippam,
2537 1106 2649 1165 sub

405 1212 577 1271 cuius
622 1210 859 1270 nomine
905 1208 1240 1286 fragmenta
1287 1208 1392 1268 illa
1439 1227 1474 1267 a
1519 1207 1712 1269 Plinio
1760 1208 2098 1269 laudantur.
2186 1208 2253 1268 Id
2307 1210 2495 1269 solum
2545 1209 2648 1269 du·

402 1314 577 1374 bitari
622 1317 854 1392 potest,
915 1331 1054 1372 num
1104 1313 1546 1390 commentarii,
1608 1332 1684 1372 ex
1740 1311 1961 1389 quibus
2015 1311 2354 1389 fragmenta
2399 1312 2654 1389 repetita

404 1416 689 1475 videntur
734 1433 885 1491 esse,
930 1415 1005 1474 ab
1052 1413 1326 1491 Agrippa
1371 1432 1446 1474 an
1491 1414 1565 1474 ab
1610 1414 1888 1491 Augusto
1935 1413 2077 1474 editi
2120 1416 2257 1475 sint.
2273 1412 2317 1487 ¹)

574 1516 692 1577 Sed
755 1517 852 1576 hic
891 1517 1200 1594 Agrippae
1263 1516 1361 1576 vel
1405 1516 1680 1593 Augusti,
1723 1516 1873 1576 liber
1930 1536 2050 1576 non
2115 1516 2268 1578 idem
2316 1516 2429 1577 fuit
2472 1521 2653 1594 atque

405 1620 534 1697 ille,
597 1639 772 1697 quem
821 1619 1052 1679 Plinius
1097 1617 1156 1692 (ἓ
1198 1616 1306 1691 46)
1372 1619 1431 1679 in
1492 1620 1664 1680 Italia
1722 1619 2121 1679 describenda
2180 1638 2244 1680 se
2305 1624 2650 1680 secuturum

407 1742 537 1784 esse
592 1721 918 1823 praefatur.
938 1718 985 1794 2)
1087 1722 1205 1796 Qui
1267 1723 1801 1798 complectebatur,
1861 1728 1928 1782 ut
1990 1722 2322 1798 fragmenta
2376 1743 2412 1782 a
2455 1723 2650 1783 Plinio

407 1830 663 1897 servata,
710 1844 902 1902 nuper
945 1844 982 1885 a
1028 1824 1328 1903 Philippio
1377 1830 1437 1884 et
1467 1825 1667 1885 Riesio
1710 1824 1906 1885 denuo
1948 1826 2194 1885 collecta
2239 1816 2654 1886 demonstrant

404 1930 646 1989 nomina
691 1933 751 1988 et
796 1946 1103 1988 mensuras
1149 1927 1355 1986 mundi
1408 1927 1523 1987 hoc
1576 1932 1847 2005 tempore
1905 1928 2028 1987 noti
2047 1925 2128 2002 3);
2200 1928 2332 2005 ille,
2392 1928 2468 1988 de
2531 1947 2650 2006 quo

407 2031 567 2109 apud
616 2029 871 2090 Plinium
919 2027 1051 2103 (46)
1096 2048 1293 2089 sermo
1339 2034 1449 2106 est,
1494 2035 1560 2090 ut
1606 2031 1716 2089 iam
1763 2048 1947 2107 supra
1987 2036 2505 2090 commemoratum
2539 2034 2653 2108 est,

407 2135 616 2194 ltaliae
679 2133 1125 2209 discriptionem
1187 2132 1249 2192 in
1314 2132 1590 2192 undecim
1655 2134 1959 2210 regiones,
2004 2135 2444 2209 provinciarum
2492 2138 2651 2194 certe

407 2237 466 2296 in
513 2239 867 2312 conventus,
910 2233 1130 2313 oppida
1174 2236 1463 2312 vicosque
1509 2236 1567 2295 in
1619 2236 1825 2295 literas
1870 2235 2169 2312 digestos,
2232 2237 2514 2297 colonias.
2567 2266 2652 2277 —

406 2339 589 2399 Liber
634 2339 938 2416 Agrippae
983 2338 1080 2398 vel
1124 2337 1415 2415 Augusti,
1472 2341 1540 2398 ut
1581 2336 1979 2399 Schwcderus
1997 2337 2047 2412 ⁴)
2094 2339 2525 2400 demonstravit
2568 2341 2652 2399 in-

407 2443 747 2520 cipiebatur
792 2441 904 2501 hac
950 2440 1154 2502 eadem
1203 2460 1370 2518 voce,
1414 2459 1568 2518 quae
1616 2441 1965 2502 divisionem
2006 2443 2239 2520 incipit:
2286 2445 2651 2512 „Terrarum

408 2546 570 2607 orbis
616 2545 811 2605 tribus
858 2543 1149 2605 dividitur
1193 2544 1530 2604 nominibus
1574 2546 1822 2622 Europa
1867 2545 2012 2604 Asia
2057 2545 2261 2605 Africa
2305 2546 2400 2606 vel
2443 2546 2652 2623 Libya,

407 2648 569 2726 quod
602 2648 780 2708 divus
800 2648 1111 2725 Augustus
1143 2649 1370 2725 primus
1394 2648 1656 2708 omnium
1680 2667 1790 2725 per
1813 2648 2310 2727 chorographiam
2333 2648 2655 2726 ostendit“,

406 2753 480 2813 ob
542 2750 707 2829 qnod
755 2752 1155 2812 testimonium
1205 2750 1382 2812 hodie
1435 2750 1948 2829 „chorographia“
2001 2753 2356 2830 appellatur.
2460 2753 2651 2827 Quam

408 2854 902 2932 chorographiam
953 2872 1145 2930 aeque
1191 2873 1262 2913 ac
1308 2853 1659 2914 divisionem
1694 2859 1754 2914 et
1784 2854 2348 2914 dImensurationem
2383 2856 2653 2931 periplus

408 2958 654 3017 sormam
717 2955 996 3015 habuisse
1059 2974 1233 3015 nemo
1296 2955 1558 3032 negabit.
1616 2986 1704 2995 —
1770 2955 1992 3016 Contra
2050 2956 2498 3016 concedendum
2560 2961 2654 3016 est

407 3058 665 3135 Augusti
712 3057 928 3118 librum
976 3056 1240 3118 eiusdem
1289 3056 1516 3117 formae
1564 3075 1682 3117 non
1731 3057 1916 3117 fnisse
1947 3057 2226 3133 potuisse,
2272 3057 2411 3117 dum
2444 3059 2652 3118 Italiae

407 3161 851 3238 discriptionem
898 3162 957 3220 in
1005 3161 1307 3236 regiones,
1349 3161 1798 3235 provinciarum
1845 3160 1906 3220 in
1952 3165 2285 3220 conventus
2330 3160 2654 3220 exhiberet.

407 3266 560 3324 Nam
607 3265 667 3323 in
712 3263 880 3323 Italia
926 3262 1097 3323 aliter
1142 3262 1324 3322 ordiri
1374 3281 1494 3322 non
1540 3264 1765 3340 potuit,
1825 3282 2002 3339 quam
2059 3282 2095 3321 a
2157 3263 2348 3340 prima
2406 3264 2653 3339 regione

408 3371 468 3427 et
512 3368 696 3426 Roma
741 3367 891 3443 ipsa,
935 3365 1093 3441 quod
1143 3368 1204 3423 et
1249 3382 1447 3424 rerum
1496 3368 1711 3424 natura
1756 3369 1815 3425 et
1859 3364 2036 3424 Plinii
2082 3364 2273 3441 ipsius
2315 3350 2651 3424 testimonio

406 3469 675 3546 docetur,
720 3469 820 3545 qui
862 3486 927 3528 se
973 3467 1260 3545 ordinem,
1305 3468 1406 3544 qui
1457 3468 1698 3527 litorum
1746 3470 1941 3527 tractu
1982 3467 2104 3545 fiat,
2147 3470 2487 3526 secuturum
2521 3485 2653 3527 esse

583 3703 625 3765 ¹)
658 3698 727 3753 cf.
764 3696 1104 3752 Mlillenhoff.
1140 3696 1216 3751 in.
1252 3696 1437 3751 Herm.
1472 3697 1685 3766 ephem.
1721 3697 1819 3751 IX.
1857 3699 1938 3752 25.

577 3786 623 3850 ²)
656 3783 742 3838 De
777 3784 1040 3838 Baeticae
1076 3799 1173 3838 ora
1209 3783 1427 3837 Plinius
1466 3788 1512 3837 3.
1550 3788 1581 3837 S
1620 3783 1702 3837 sic
1738 3783 1898 3838 dicit:
1949 3784 2138 3846 „Oram
2185 3799 2302 3838 eam
2342 3784 2398 3837 in
2434 3783 2655 3837 univer-

405 3886 524 3926 sum
561 3869 792 3939 originis
828 3870 1138 3924 Poenorum
1175 3868 1522 3923 existimavit
1556 3869 1627 3923 M.
1665 3869 1973 3939 Agrippa.“
2047 3870 2200 3935 Quae
2235 3886 2344 3923 vox
2370 3869 2489 3923 sola
2512 3869 2655 3923 alius

403 3955 715 4025 argumenti
763 3969 926 4023 quam
975 3960 1192 4009 ceterae
1240 3970 1273 4007 a
1320 3952 1499 4009 Plinio
1552 3953 1846 4023 Agrippae
1893 3954 2151 4019 tributae,
2199 3959 2379 4007 tamen
2418 3953 2655 4023 cogitari

405 4046 593 4110 potest
625 4040 684 4094 in
709 4038 1003 4109 Agrippae
1031 4039 1174 4094 libro
1212 4053 1395 4109 neque
1431 4054 1534 4093 nos
1560 4054 1768 4108 ponere
1794 4039 1946 4107 cogit
1983 4054 2102 4093 eam
2137 4039 2194 4092 in
2229 4038 2339 4093 alio
2362 4037 2653 4109 Agrippae

404 4127 548 4182 libro
585 4126 847 4196 scriptam
886 4124 1080 4181 fuisse.

576 4213 624 4277 3)
657 4208 727 4266 cf.
765 4209 982 4265 Bitschl
1021 4208 1226 4279 Opusc.
1263 4209 1364 4265 111.
1403 4215 1494 4265 271
1538 4233 1609 4259 =
1645 4225 1783 4265 mus.
1823 4210 2001 4265 Rhen.
2045 4213 2189 4277 1842,
2224 4224 2279 4281 p.
2317 4213 2432 4265 508.

576 4299 624 4362 ⁴)
662 4296 697 4350 l.
734 4296 770 4351 l.
806 4295 850 4365 Ι,
888 4299 969 4350 42.
1028 4295 1101 4366 ΙΙ,
1139 4302 1219 4351 40.
