3166 4871
521 255 639 316 142

515 429 754 507 quidem
809 428 885 489 ad
944 447 996 487 v.
1043 433 1079 489 2
1140 429 1288 488 haec
1347 426 1689 486 adnotavit:
1756 416 2091 504 Πίνδαρός
2152 438 2311 506 φησι
2372 414 2544 504 πρὸς
2600 418 2757 498 βίαν

514 525 840 609 κρατῆσαι
899 525 1178 599 Πυθοῦς
1258 518 1382 587 τὸν
1464 511 1882 587 Ἀπόλλωνα·
1975 516 2079 586 διὸ
2150 522 2263 586 καὶ
2334 521 2757 606 ταρταρώσαι

515 617 726 690 αὐτὸν
768 616 980 709 ἐζήτει
1027 618 1068 709 ἢ
1115 625 1237 708 Γῆ.
1317 631 1434 689 Iam
1482 629 1765 707 expedita
1810 635 1902 689 est
1946 648 2060 690 res.
2134 631 2287 690 Nam
2334 632 2385 690 si
2428 648 2570 690 vere
2609 628 2757 687 haec

514 736 841 796 scholiasta
871 732 1199 810 contendit,
1239 733 1604 809 Aeschylum
1636 731 1882 792 Pindari
1913 732 2248 809 corrigendi
2282 732 2481 792 studio
2513 731 2756 790 ductum

516 839 666 897 hacc
710 837 1053 897 accuratius
1100 842 1392 895 tractasse
1424 839 1694 911 apparet,
1725 838 1786 894 et
1815 853 2100 910 praesens
2131 835 2267 894 hist.
2297 841 2527 896 tantum
2571 832 2759 908 abest,

516 947 582 999 ut
625 940 701 1000 ab
748 939 861 999 hoc
906 937 1105 997 studio
1153 923 1412 998 alienum
1456 936 1550 1014 sit,
1596 942 1663 996 ut
1693 937 1852 996 ultro
1884 955 1959 997 ex
1989 956 2060 997 eo
2093 936 2434 1008 redundare
2466 936 2759 996 videatur.

513 1044 727 1120 Itaque
758 1042 903 1119 ipsis
934 1041 1050 1101 illis
1081 1039 1497 1118 praesentibus
1527 1038 1978 1116 confirmantus,
2001 1058 2158 1117 quae
2183 1040 2251 1100 G.
2279 1034 2756 1103 llermannns⁴⁴)

515 1150 576 1206 et
620 1144 906 1205 audacius
950 1142 1017 1205 Ο.
1068 1143 1388 1203 Muellerus
1407 1139 1483 1213 ⁴⁵)
1530 1140 1608 1200 de
1653 1141 1766 1201 hoe
1814 1143 1945 1202 loco
1991 1147 2349 1203 statuerunt.

685 1247 952 1307 Tandem
1011 1246 1072 1305 in
1133 1246 1401 1305 oratione
1460 1262 1570 1320 pro
1619 1243 1833 1306 Oreste
1895 1246 1954 1304 in
2015 1262 2245 1305 summo
2308 1263 2510 1305 rernm
2555 1243 2759 1303 discri-

515 1350 671 1409 mine
731 1349 935 1409 habita
993 1347 1207 1424 Apollo
1264 1347 1467 1407 caedis
1527 1349 2051 1425 Agamemnoneae
2122 1349 2460 1406 memoriam
2522 1347 2758 1423 repetit,

516 1460 583 1512 nt
626 1469 854 1510 omnem
916 1468 1120 1510 eornm
1184 1451 1286 1527 qui
1339 1450 1397 1509 in
1458 1448 1741 1509 iudicium
1804 1450 1998 1509 vocati
2054 1458 2198 1509 snut
2240 1451 2385 1509 iram
2435 1450 2657 1509 excitet
2699 1456 2762 1508 et

516 1554 946 1631 Clytemestrae
1020 1551 1218 1612 odium
1296 1551 1366 1611 iis
1439 1552 1640 1610 iniciat
1730 1570 1909 1628 qnam
2005 1552 2585 1611 vehementissimum
2658 1549 2760 1618 (cf.

516 1676 569 1716 v.
615 1659 737 1717 638
763 1652 896 1732 sq.).
984 1654 1089 1716 Cui
1136 1652 1388 1713 consilio
1434 1655 1658 1731 optime
1706 1653 2030 1729 respondet
2072 1672 2361 1731 praesens
2394 1654 2759 1714 historicum.

1126 1742 1294 1815 κάπὶ
1337 1749 1609 1833 τέρματι

1024 1857 1239 1937 φᾶρος
1282 1848 1802 1939 παρεσκήνωσεν
1845 1859 1909 1932 (2)
1952 1843 2026 1917 ἐν
2070 1844 2130 1918 ‹5'
2153 1844 2467 1937 ἀτέρμονι

516 1985 571 2026 v.
617 1969 759 2027 635.
1014 1952 1251 2022 κόπτει
1296 1945 1614 2041 ,πεδήσαᾶ
1658 1948 1874 2040 ἄνδρα
1919 1952 2213 2041 δαιδάλῳ
2255 1955 2514 2040 πέπλῳ.

689 2068 1139 2145 Clytemestram
1188 2067 1346 2126 insta
1391 2071 1580 2126 morte
1627 2066 1868 2125 sceleris
1914 2067 2201 2125 commissi
2253 2083 2477 2142 poenas
2522 2064 2759 2125 dedisse

515 2191 586 2232 eo
650 2171 878 2230 facilins
937 2169 1165 2229 iudices
1224 2169 1332 2228 sibi
1398 2167 1883 2246 persuadebunt,
1940 2185 2060 2243 quo
2122 2168 2374 2229 alacrior
2426 2177 2486 2227 et
2543 2167 2760 2227 clarior

515 2273 702 2350 ipsius
751 2271 1036 2333 facinoris
1082 2271 1279 2331 animo
1324 2273 1679 2330 observatur
1723 2269 1936 2348 imago.

685 2374 809 2434 Iam
858 2372 1113 2451 cognitis
1156 2372 1405 2449 singulis
1451 2372 1596 2432 locis
1640 2371 1804 2442 fines,
1848 2372 2064 2449 quibus
2110 2373 2447 2449 praesentis
2492 2371 2756 2431 historici

517 2496 660 2537 usus
706 2476 1086 2536 contineatur
1129 2475 1493 2534 constituere
1537 2476 1694 2533 licet.

684 2579 776 2638 Ac
835 2578 1090 2655 primum
1152 2575 1391 2653 quidem
1449 2576 1508 2635 in
1565 2576 1850 2636 trimetris
1912 2577 2267 2654 plerumque
2330 2578 2460 2638 eius
2522 2579 2760 2655 generis

515 2681 856 2759 praesentia
915 2697 1238 2740 occurrere
1296 2683 1763 2739 consentaneum
1824 2688 1930 2739 est.
2032 2680 2350 2740 Rarissime
2410 2683 2470 2742 in
2535 2682 2759 2741 melicis

516 2784 893 2855 carminibus,
939 2782 1163 2860 qnippe
1208 2800 1364 2860 qnae
1412 2780 1699 2842 narrandi
1748 2781 1940 2842 locum
1987 2780 2132 2843 dare
2180 2802 2296 2843 non
2352 2785 2614 2859 soleant,
2675 2786 2759 2845 in·

515 2887 871 2957 veniuntur,
929 2892 996 2946 nt
1059 2887 1115 2945 in
1177 2885 1403 2962 parodo
1448 2886 1768 2946 Persarum
1827 2889 1888 2945 et
1947 2886 2005 2945 in
2064 2886 2298 2946 cantico
2344 2887 2445 2947 illo
2490 2886 2652 2965 qnod
2698 2887 2757 2946 in

515 2990 863 3067 Supplicum
911 2989 1118 3049 fabula
1163 2993 1345 3049 extat.

685 3094 898 3170 Neque
961 3092 1155 3151 minus
1212 3098 1677 3152 consentaneum
1739 3096 1865 3166 est,
1924 3091 1973 3151 si
2019 3092 2462 3152 enuntiatorum
2507 3091 2757 3152 sormam

515 3197 897 3272 respicimus,
974 3196 1153 3270 longe
1212 3194 1471 3272 plurima
1546 3193 1887 3269 praesentia
1963 3194 2247 3255 historica
2322 3196 2380 3254 in
2449 3195 2761 3254 sententiis

514 3298 947 3374 principalibus
992 3297 1279 3375 inveniri,
1323 3316 1477 3375 quae
1521 3296 1836 3374 particulis
1880 3297 2262 3373 paratacticis
2308 3314 2415 3368 τε,
2460 3290 2607 3368 καὶ,
2668 3288 2759 3365 dis,

514 3400 980 3478 coniunguntur.
1077 3399 1291 3459 Rarius
1351 3397 1713 3459 secundaria
1771 3398 2068 3459 sententia
2129 3418 2164 3458 a
2226 3399 2533 3475 temporali
2581 3401 2757 3476 parti-

815 3533 924 3541 Η

686 3615 756 3679 ⁴⁴)
790 3610 876 3667 Cf.
913 3612 1210 3668 Hermann.
1246 3613 1404 3667 Eum.
1443 3629 1494 3666 v.
1520 3614 1566 3666 5.

687 3701 755 3763 ⁴⁵)
790 3697 891 3753 Od.
939 3698 1124 3752 Muell.
1161 3699 1317 3752 Eum.
1365 3714 1418 3767 p.
1462 3702 1573 3752 183.
1666 3698 1762 3761 „In
1812 3697 1936 3752 dem
1975 3697 2489 3766 Eruffuungsgebet
2523 3698 2622 3753 der
2657 3697 2761 3768 Py·

515 3783 661 3838 thias
700 3781 941 3852 versolgt
978 3783 1228 3852 zngleich
1256 3781 1576 3853 Aeschylus
1613 3782 1704 3835 die
1732 3782 2194 3837 unverkennbare
2221 3783 2476 3851 Absicht,
2511 3798 2613 3838 ans
2649 3783 2760 3838 den

514 3870 698 3938 Sagen
744 3884 855 3924 von
903 3867 1003 3922 der
1049 3867 1365 3935 (irlindung
1414 3866 1515 3921 des
1565 3866 1899 3936 Pythischen
1949 3866 2183 3922 Orakels
2230 3867 2343 3922 {ind
2389 3867 2595 3923 dessen
2644 3884 2759 3923 ver-

515 3954 854 4011 schiedenen
899 3952 1186 4008 Besilzern
1233 3953 1377 4007 allen
1428 3952 1602 4007 Streit
1646 3954 1759 4006 uml
1814 3952 1996 4007 Hader
2032 3969 2100 4006 zu
2139 3949 2461 4019 emron-nen,
2500 3952 2757 4008 wala-end

515 4041 723 4095 Pindar
759 4080 772 4093 .
809 4080 823 4093 .
860 4079 872 4092 .
910 4078 924 4092 .
960 4038 1067 4093 den
1123 4038 1329 4106 Kampf
1371 4037 1470 4091 der
1523 4036 1667 4091 Erde
1714 4038 1815 4090 init
1861 4037 1985 4092 dem
2036 4035 2281 4106 Apollon
2334 4054 2398 4090 so
2448 4038 2626 4106 heftig
2668 4054 2760 4106 ge·

514 4123 782 4180 seliildert
816 4126 983 4191 hatte,
1018 4123 1152 4177 dass
1189 4124 1279 4177 die
1307 4123 1452 4177 Erde
1477 4122 1570 4174 ibn
1613 4122 1666 4174 in
1697 4122 1803 4176 den
1831 4123 2094 4177 'rm-turos
2131 4138 2197 4175 zu
2237 4130 2456 4175 anissen
2498 4122 2762 4177 ver-sucht

517 4209 694 4265 haben
731 4210 922 4265 sollte··
960 4219 1064 4265 etc.
