3166 4871
392 230 457 271 VI

394 381 478 446 ad
523 399 718 464 quam
762 379 1035 465 primam
1083 379 1338 445 advena
1384 399 1463 445 ex
1511 378 1743 444 alienis
1786 377 1913 442 oris
1956 377 2212 443 delatus
2256 398 2413 462 sum,
2470 397 2639 461 quae

391 490 490 549 est
533 482 744 548 suffixi
788 506 852 548 ιο
899 503 1043 549 cum
1089 482 1299 548 vocali
1358 480 1790 566 praecedente
1848 480 1915 545 in
1973 480 2485 547 terminationem
2547 481 2639 545 di-

392 584 1114 671 phthongoparalectam
1146 584 1482 667 contracti,
1526 584 1565 648 i.
1596 599 1650 650 e.
1679 583 2134 649 vocabulorum
2165 584 2229 648 in
2260 606 2358 648 ειο
2389 605 2497 649 oco
2527 606 2635 649 υιο

390 694 456 754 et
514 688 698 754 simil.
761 687 1202 754 desinentium.
1306 686 1435 753 Sed
1494 705 1576 753 ne
1639 686 1806 751 hanc
1867 686 2124 769 quidem
2188 686 2632 769 quaestionem

390 810 560 857 nunc
611 790 917 876 perficere
971 791 1128 854 mihi
1184 789 1379 855 licuit.
1466 790 1636 856 Nam
1698 793 1882 855 tanta
1936 793 2035 855 est
2078 788 2302 854 harum
2350 788 2636 873 ipsarum

390 914 618 960 vocum
642 894 982 959 multitudo
1007 898 1199 975 atque
1223 894 1523 976 varietaS,
1546 897 1730 958 tanta
1754 892 2197 975 quaestionum
2222 891 2636 976 diversarum,

391 997 448 1063 si
491 997 634 1081 quis
677 996 933 1081 penitus
977 996 1195 1061 omnia
1237 996 1601 1080 perspicere
1637 995 1909 1081 studeat,
1958 994 2147 1079 copia
2177 1000 2242 1061 et
2270 993 2635 1079 difficultas,

393 1105 462 1165 ut
507 1104 680 1165 certa
725 1098 1042 1165 scribendi
1088 1098 1472 1165 necessitate
1516 1098 1738 1163 oblata
1781 1099 1848 1162 in
1903 1117 2029 1162 uno
2084 1094 2306 1162 horum
2364 1096 2635 1163 vocabu-

389 1204 595 1268 lorum
638 1221 873 1285 genere
918 1220 1019 1268 me
1064 1201 1389 1267 continere
1435 1220 1712 1283 cogerer.
1785 1201 2012 1282 Itaque
2058 1199 2124 1263 id
2171 1199 2325 1264 mihi
2373 1198 2634 1283 sumpsi,

391 1306 559 1389 quod
638 1305 1179 1389 simplicissimum
1258 1303 1596 1370 videbatur
1671 1308 1735 1369 et
1810 1303 2090 1368 maxime
2157 1302 2290 1367 suis
2351 1302 2634 1368 numeris

390 1409 750 1475 absolutum
796 1408 1114 1490 certisque
1161 1406 1389 1473 finibus
1434 1426 1475 1470 a
1519 1406 1751 1472 ceteris
1783 1411 2206 1489 segregatum,
2251 1404 2422 1488 quod
2451 1424 2634 1470 voca-

391 1511 546 1575 bula
605 1510 671 1574 in
731 1494 876 1587 άιος
937 1534 1047 1574 aaa
1108 1533 1260 1575 mov
1324 1509 1686 1575 desinentia
1747 1508 2041 1573 continet.
2127 1508 2226 1574 De
2286 1506 2405 1572 hoc
2464 1507 2630 1574 euim

391 1613 846 1678 vocabulorum
906 1633 1141 1696 genere
1202 1613 1462 1678 minime
1523 1611 1864 1677 dissentire
1921 1610 2220 1676 videntur
2262 1610 2386 1675 viri
2447 1611 2635 1691 docti,

392 1716 503 1798 qui
547 1735 767 1780 omnes
814 1722 1120 1797 quantum
1168 1715 1298 1780 scio
1346 1715 1764 1797 consentiunt,
1811 1712 2274 1799 diphthongum
2315 1737 2382 1779 αι
2411 1720 2633 1778 natam

392 1837 535 1882 esse
596 1836 675 1883 ex
735 1817 947 1881 suffixi
1008 1840 1070 1882 ιο
1131 1817 1264 1882 iota
1322 1837 1463 1882 cum
1512 1841 1551 1881 α
1598 1815 1817 1900 stirpis
1871 1816 1974 1881 vel
2034 1814 2210 1879 finali
2257 1815 2362 1881 vel
2418 1835 2635 1881 conso-

388 1927 651 1985 nantem
692 1919 947 1984 finalem
977 1927 1025 1985 f
1048 1919 1152 1983 vel
1182 1938 1220 1985 o
1249 1919 1676 2003 praecedente
1705 1919 1771 1982 in
1804 1939 1993 1983 unum
2037 1938 2259 1983 sonum
2292 1924 2635 1984 contracto.

392 2022 522 2087 Sed
570 2042 694 2104 quo
740 2022 980 2087 diutius
1024 2022 1091 2085 in
1135 2023 1234 2087 his
1280 2022 1610 2087 vocabulis
1676 2021 2122 2106 perquirendis
2166 2020 2497 2104 versabar,
2557 2040 2633 2086 eo

391 2125 579 2207 plura
623 2124 819 2189 dubia
853 2145 996 2190 esse
1028 2125 1480 2210 intelligebam,
1525 2145 1603 2191 eo
1633 2126 1847 2209 plures
1878 2124 2157 2207 undique
2187 2124 2635 2191 redundabant

388 2226 817 2292 difficultates.
906 2228 1084 2304 Quas
1128 2227 1249 2293 etsi
1296 2228 1459 2295 solvi
1505 2248 1628 2291 non
1680 2247 1900 2292 omnes
1942 2246 2132 2311 posse
2179 2226 2634 2310 intelligebam,

390 2349 587 2411 quum
646 2337 863 2394 tamen
923 2329 1392 2413 aggrediendas
1452 2329 1783 2413 ducerem,
1845 2329 2083 2394 factum
2143 2336 2242 2394 est
2302 2337 2371 2394 ut
2433 2330 2631 2393 multo

391 2451 583 2513 quam
615 2451 1028 2517 speraveram
1062 2432 1435 2517 ampliorem
1467 2430 1697 2497 librum
1723 2454 1891 2499 nunc
1919 2431 2158 2517 publici
2189 2432 2425 2500 faciam
2445 2430 2634 2515 juris,

562 2536 644 2600 Et
690 2538 990 2617 quoniam
1037 2536 1242 2600 onmis
1289 2536 1581 2618 quaestio
1627 2538 2055 2619 grammatica
2100 2535 2334 2619 duplex
2382 2541 2509 2618 est,
2566 2542 2634 2600 ut

390 2639 665 2722 primum
712 2645 1058 2720 quaeratur
1113 2639 1267 2721 quid
1326 2639 1430 2721 sit,
1490 2638 1726 2705 deinde
1788 2639 2102 2722 quomodo
2148 2658 2229 2704 ea
2274 2657 2443 2722 quae
2487 2645 2633 2702 sunt

391 2741 730 2805 videantur
774 2748 930 2806 nata
972 2759 1114 2806 esse
1147 2747 1210 2805 et
1240 2741 1641 2826 explicanda,
1689 2761 1807 2825 ego
1839 2761 2089 2824 quoque
2121 2741 2186 2805 in
2218 2741 2385 2806 duas
2414 2747 2635 2826 partes

390 2843 904 2926 disquisitionem
949 2863 1155 2908 meam
1201 2843 1412 2908 divisi.
1502 2844 1721 2909 Priore
1766 2850 1950 2928 parte
1997 2843 2076 2909 de
2108 2844 2381 2910 diversis
2426 2843 2634 2909 termi-

389 2945 670 3009 nationis
716 2969 860 3021 αιος
904 2945 1124 3010 formis
1169 2946 1404 3028 agitur,
1465 2952 1533 3010 nt
1593 2945 1781 3032 huius
1839 2946 2310 3012 terminationis
2369 2966 2630 3031 regnum

391 3048 710 3113 accuratis
755 3047 982 3113 finibus
1027 3067 1068 3111 a
1113 3048 1405 3130 cognatis
1451 3047 1803 3131 dividatur,
1848 3055 1914 3114 et
1959 3069 2277 3132 quaenam
2325 3049 2634 3114 vocabula

390 3151 458 3215 in
517 3151 957 3234 quaestionem
1022 3150 1256 3217 cadant
1326 3158 1672 3236 appareat;
1751 3153 2107 3237 posteriore
2167 3153 2494 3236 quaeritur
2555 3153 2634 3219 de

390 3254 858 3324 terminationis
930 3276 1076 3331 αιος
1148 3260 1409 3336 natura,
1468 3257 1849 3338 generaque
1922 3256 2318 3321 formationis
2384 3256 2634 3320 ratione

391 3355 647 3420 diversa
714 3355 1202 3438 distinguuntur.
1309 3356 1522 3440 Atque
1583 3378 1778 3440 quum
1852 3358 1979 3422 duo
2054 3357 2329 3422 maxime
2392 3376 2631 3439 genera

393 3459 536 3540 sint,
580 3478 775 3523 unum
821 3479 1058 3542 eorum,
1103 3478 1273 3541 quae
1316 3459 1686 3524 suffixum
1730 3481 1802 3523 ιο
1850 3478 1988 3523 curn
2035 3483 2078 3522 α
2125 3458 2340 3542 stirpis
2385 3463 2631 3522 contra-

391 3560 601 3626 xerint
666 3561 731 3625 in
797 3584 906 3626 αιο
975 3559 1105 3647 (cui
1166 3562 1386 3646 generi
1454 3581 1534 3626 ea
1602 3580 1854 3644 quoque
1927 3561 2415 3626 adnumeranda
2489 3581 2631 3627 esse

391 3663 730 3748 apparebit
776 3684 941 3747 quae
986 3684 1026 3727 a
1072 3664 1374 3749 stirpibus
1417 3664 1485 3729 in
1530 3688 1566 3730 o
1617 3664 1807 3729 ducta
1853 3663 2026 3750 sunt)
2081 3665 2349 3730 alterum
2395 3684 2633 3749 eorum,

391 3786 560 3849 quae
612 3767 914 3851 plenam
960 3769 1579 3833 terminationem
1628 3791 1752 3832 αιο
1801 3767 2170 3833 addiderint
2215 3768 2396 3852 stirpi
2440 3766 2631 3834 alicui

391 3869 529 3933 sive
572 3869 859 3952 integrae
905 3870 1041 3936 sive
1087 3871 1454 3935 mutilatae:
1509 3870 1628 3935 hoc
1673 3871 1928 3953 quidem
1975 3891 2177 3953 genus
2214 3872 2630 3955 perexiguum

390 3978 506 4055 est,
550 3992 742 4053 quum
774 3972 840 4037 id
869 3973 1079 4057 ipsum
1110 3972 1545 4039 terminationi
1582 3996 1691 4038 αιο
1738 3974 2062 4058 proprium
2108 3973 2208 4056 sit,
2255 3981 2323 4038 ut
2367 3975 2630 4057 originis

344 4092 643 4158 ‚semper
684 4074 817 4140 fere
862 4077 1117 4142 conscia
1162 4095 1374 4160 paene
1417 4097 1746 4158 nunquam
1806 4078 1904 4142 sui
1952 4075 2123 4159 juris
2169 4083 2238 4141 ut
2282 4077 2376 4141 ita
2419 4077 2626 4140 dicam

391 4194 458 4240 se
515 4195 656 4242 esse
712 4184 907 4264 putet.
994 4180 1163 4244 Nam
1224 4199 1594 4262 quanquam
1653 4180 1974 4265 permulta
2033 4179 2348 4247 vocabula
2407 4178 2473 4243 in
2519 4199 2625 4243 αιο
