3166 4871
1025 287 1109 341 De
1142 287 1348 341 nomin.
1382 288 1442 341 in
1476 305 1643 353 -αιος,
1711 287 1744 356 ξ
1779 292 1859 341 50.
2449 294 2559 353 141

327 467 546 526 maiore
592 468 770 528 modo
814 469 1042 528 minore
1086 485 1218 527 cum
1281 470 1656 545 contemptu,
1713 470 2062 544 usurpatur,
2119 466 2225 525 sed
2270 449 2569 526 interdum

325 569 398 630 ab
459 570 590 646 ipso
653 559 821 650 γυνή
879 571 980 629 vix
1034 569 1241 630 differt
1300 569 1763 649 significatione,
1822 570 1989 629 velut
2042 571 2103 629 in
2157 571 2244 629 tit.
2288 571 2390 628 att.
2434 569 2565 629 CIA

325 667 444 727 324
479 672 516 731 b
564 673 609 750 1,
656 669 691 729 7
754 673 828 733 de
886 672 1079 750 figura
1138 672 1409 732 muliebri
1469 672 1653 750 lapidi
1712 674 1924 747 incisa,
1986 671 2326 733 Lobeckius
2382 672 2567 748 paral.

327 792 380 849 p.
412 769 555 853 305,
588 772 625 832 7
670 779 854 853 negat
898 776 1331 835 deminutivum
1376 792 1524 854 esse,
1570 794 1827 852 quorum
1871 776 2101 836 nullum
2134 776 2287 834 hanc
2316 774 2567 834 formam

324 876 568 955 habeat,
628 878 735 936 sed
794 890 926 938 esse
983 879 1181 956 potius
1236 883 1512 938 neutrum
1569 876 1853 955 adjectivi
1897 897 1935 937 a
1979 877 2348 962 deminutiva
2391 878 2569 953 signi-

323 978 598 1043 ficatione
640 997 932 1058 persaepe
977 980 1319 1040 discretum.
1394 981 1471 1040 Et
1511 998 1656 1039 vero
1701 981 1761 1039 in
1811 996 1962 1038 αιον
2006 979 2341 1040 desinentia
2385 979 2567 1038 demi—

323 1082 531 1140 nutiva
591 1082 707 1141 alia
763 1082 1039 1159 equidem
1103 1100 1222 1142 non
1282 1082 1422 1142 novi
1483 1086 1730 1160 praeter
1772 1071 2170 1161 κὲφάλαιον,
2232 1081 2395 1158 quod
2439 1083 2568 1157 ipse

326 1181 667 1244 Lobeckius
709 1203 767 1261 p.
798 1180 921 1242 308
982 1185 1408 1244 deminutivum
1471 1202 1603 1246 esse
1647 1187 1746 1245 ait.
1790 1184 2152 1262 Significatio
2211 1188 2407 1244 autem
2463 1184 2570 1243 illa

324 1290 412 1345 est
455 1286 773 1347 multorum
835 1285 1332 1347 deminutivorum
1389 1289 1660 1366 propria,
1721 1292 1787 1348 ut
1844 1304 1941 1347 res
1986 1289 2133 1348 levis
2188 1276 2369 1363 atque
2425 1287 2565 1346 vilis

325 1389 496 1465 pretii
565 1406 695 1449 esse
763 1388 1012 1449 dicatur.
1121 1387 1430 1463 (Schwabe
1493 1391 1566 1449 de
1634 1388 1847 1450 demin.
1913 1409 1971 1467 p.
2022 1388 2096 1447 17
2128 1394 2259 1467 sq.).
2360 1391 2567 1466 Ipsum

323 1508 560 1568 γυναικ
605 1490 1036 1552 deminutivum
1096 1510 1251 1572 csse,
1314 1497 1375 1552 et
1432 1511 1463 1552 e
1521 1508 1789 1571 γυνα-κι
1834 1498 2060 1571 natum,
2104 1492 2280 1552 docet
2323 1493 2570 1551 Curtius

181 1630 188 1636 -
245 1646 252 1651 .
325 1592 442 1652 Et.³
489 1588 631 1653 584.
717 1595 929 1670 Neque
976 1596 1078 1655 ille
1125 1595 1466 1671 Phocylidis
1512 1598 1704 1674 locus,
1769 1596 1940 1655 euius
1994 1613 2177 1655 ¹causa
2220 1592 2570 1654 Lobeckius

323 1696 470 1756 haec
529 1695 805 1773 adnotat,
861 1698 988 1758 eius
1034 1699 1366 1758 sententiae
1426 1698 1715 1758 auxilium
1757 1697 1902 1775 fert,
1962 1687 2243 1775 γύναιον
2288 1714 2419 1756 esse
2463 1695 2563 1755 ad-

319 1797 621 1875 jectivum.
710 1796 842 1872 Quo
901 1799 1032 1858 loeo
1093 1800 1242 1859 haec
1296 1803 1437 1859 sunt
1494 1800 1713 1860 tradita
1769 1798 1869 1874 (fr.
1914 1797 1951 1859 3
1995 1797 2186 1877 ng):
2258 1787 2563 1873 Τετόρων

322 1885 455 1959 ἀπὸ
501 1893 717 1959 τῶνδε
765 1893 1047 1979 γένοντο
1080 1899 1264 1976 φῦλα
1294 1897 1729 1980 γυναικείων·
1775 1889 1815 1982 ἧ
1846 1896 1970 1980 μὲν
2000 1890 2204 1971 κυνός
2237 1906 2348 1960 cet.
2378 1902 2562 1975 Berg-

321 2002 485 2062 kius:
540 1999 988 2082 »γυναικείων
1032 2006 1081 2063 si
1128 2005 1456 2084 integrum,
1511 2006 1704 2065 ionice
1747 2025 1856 2083 pro
1902 1994 2281 2083 γυναικείων
2325 2003 2564 2079 dictum,

319 2105 421 2164 sed
483 2108 680 2183 possis
745 2095 1131 2183 γυναικάων
1203 2108 1519 2185 conjicere.
1624 2108 1899 2168 Meineko
1966 2104 2150 2181 φῦλα
2220 2088 2560 2183 γυναικεῖ’.

319 2188 421 2265 ὧν
461 2196 504 2286 ἡ
549 2202 693 2285 μέν,
737 2210 1017 2287 Hartuug
1044 2206 1229 2284 φῦλα
1255 2207 1632 2287 γυναικῶν·
1676 2197 1719 2288 ἡ
1763 2204 1887 2287 μὲν
1926 2199 2103 2290 γάρ“.
2175 2208 2349 2282 Quod
2380 2210 2561 2284 Berg-

321 2309 456 2369 kius
515 2311 684 2388 dicit,
743 2311 893 2370 nihil
947 2317 1062 2387 est,
1125 2330 1256 2370 nam
1321 2313 1468 2371 haec
1528 2314 1777 2389 genitivi
1834 2313 2027 2373 forma
2079 2330 2275 2388 neque
2333 2328 2443 2388 per
2498 2326 2562 2369 se

319 2412 646 2488 probabilis
689 2418 782 2474 est
824 2430 1020 2492 neque
1065 2414 1198 2475 ullis
1235 2415 1522 2493 exemplis
1554 2414 1853 2477 firmatur:
1901 2414 2184 2476 Meinekii
2215 2414 2565 2491 conjectura

316 2518 614 2595 placeret,
674 2517 790 2576 nisi
842 2517 902 2576 in
959 2517 1126 2577 initio
1183 2518 1578 2578 enarrationis
1624 2519 1956 2579 offenderet
1999 2519 2331 2578 relativum.
2418 2516 2561 2575 Mihi

317 2612 726 2696 γυναικείων
771 2637 983 2679 revera
1024 2620 1263 2680 videtur
1309 2621 1611 2696 genitivus
1655 2622 1926 2681 neutrius
1972 2621 2233 2698 generis,
2287 2619 2393 2678 sed
2442 2637 2558 2676 non

313 2741 348 2779 a
393 2740 554 2781 nom.
609 2722 764 2798 sing.
821 2712 903 2780 τὸ
965 2728 1356 2799 γυναικεῖον
1397 2747 1481 2770 =
1527 2713 1695 2803 γυνή
1755 2723 2089 2802 derivatus,
2148 2722 2253 2781 sed
2314 2742 2351 2780 a
2408 2738 2562 2780 nom.

315 2825 469 2901 plur.
515 2813 602 2881 τὰ
648 2830 1009 2903 γυναικεῖα,
1053 2827 1181 2885 sive
1212 2815 1448 2901 φύλων
1479 2827 1759 2886 omissum
1793 2832 1902 2904 est,
1946 2827 2071 2886 sive
2102 2814 2186 2884 τὰ
2218 2831 2561 2903 γυναικεῖα

315 2927 541 2987 nudum
603 2928 860 3003 positum
919 2945 1030 3005 pro
1085 2947 1278 3007 genus
1324 2929 1630 2990 muliebre.
1716 2930 1866 2988 Nam
1916 2928 1993 2989 ad
2038 2929 2413 2988 collectivam
2458 2926 2560 2984 ali-

317 3048 492 3106 quam
566 3034 626 3089 et
692 3030 1032 3106 generalem
1109 3032 1408 3091 notionem
1499 3031 1945 3108 exprimendam
2020 3034 2298 3090 neutrum
2371 3045 2561 3103 genus

315 3132 558 3209 saepius
587 3131 939 3194 adhibetur:
967 3132 1263 3218 hominem
1296 3137 1492 3193 autem
1527 3151 1637 3211 per
1663 3133 2028 3213 adjectivum
2054 3130 2562 3191 consubstantiale

319 3239 533 3295 neutro
579 3249 802 3312 genere
842 3236 1096 3312 positum
1141 3236 1411 3296 denotari
1441 3253 1636 3314 posse,
1680 3240 1741 3295 et
1769 3254 1877 3314 pro
1911 3234 2121 3294 mulier
2149 3233 2266 3292 dici
2300 3231 2568 3308 potuisse*

317 3337 609 3397 muliebre
641 3338 818 3415 plane
842 3356 1015 3414 nego.
1041 3368 1128 3379 —
1157 3324 1638 3416 ἡμιγύναιος
1666 3338 1877 3415 Synes.
1906 3367 1993 3378 —-
2021 3324 2560 3414 κακόγύναιος

321 3440 507 3499 Procl.
535 3470 622 3481 —
651 3430 1200 3518 πολυγύναιος
1234 3440 1373 3501 Ath.
1403 3471 1487 3480 -—
1514 3430 2038 3518 μισογῦναιος
2077 3439 2336 3515 Hesych.
2363 3439 2562 3514 Moer„

315 3531 846 3620 φιλογύναιος
888 3541 1069 3602 Arist.
1092 3543 1267 3603 Diod.
1287 3543 1381 3619 aL,
1426 3560 1579 3619 quae
1613 3544 1878 3604 Moeride
1908 3562 1965 3620 p.
1988 3539 2131 3602 258.
2161 3538 2284 3598 390
2317 3544 2561 3600 auctore

319 3661 434 3703 non
482 3645 636 3704 bene
683 3645 862 3704 attica
908 3653 1095 3705 erant.
1184 3646 1368 3704 Attici
1423 3646 1697 3705 nimirum
1751 3645 2177 3722 praeferebant
2233 3644 2562 3721 composita

317 3747 374 3804 in
421 3761 657 3824 -γυνος
699 3749 768 3805 ut
812 3731 1243 3826 ἀνδρόγυνος,
1290 3752 1350 3807 et
1392 3763 1622 3826 -γυνης
1655 3751 1721 3807 ut
1756 3737 2134 3826 φιλογύνης,
2175 3735 2561 3825 μισογύνης,

317 3848 735 3908 formationem
779 3851 1164 3910 vetustiorem
1209 3850 1523 3927 magisque
1567 3850 1912 3910 normalem.

485 3955 868 4030 γωνιατος
928 3947 1150 4025 λίθος,
1207 3952 1360 4030 lapis
1405 3951 1737 4030 angularis,
1792 3952 1966 4012 Plato
2013 3970 2162 4012 com.
2208 3952 2381 4011 Dion.
2425 3948 2559 4008 Hal.

316 4053 391 4112 al.
433 4054 786 4114 Derivatum
834 4061 922 4113 est
964 4073 1000 4113 a
1041 4048 1272 4132 γωνία.
1316 4085 1403 4096 -
1446 4038 2039 4134 ἄκρογωνιατος
2081 4055 2214 4114 NT.
2638 4123 2643 4128 ³

488 4149 605 4215 50.
699 4151 1082 4231 ὁαφναῑος
1141 4157 1440 4235 Apollinis
1485 4175 1817 4234 cognomen
1862 4158 1922 4216 in
1969 4156 2175 4232 Anth.‚
2221 4174 2316 4231 ap.
2360 4154 2561 4216 Noun.

319 4258 495 4319 Dion.
527 4263 588 4317 et
632 4258 875 4336 Tzetz.;
917 4259 1143 4320 Dianae
1189 4253 1520 4335 δαφναίας
1562 4258 1851 4336 templum
1882 4261 1943 4319 in
1972 4257 2191 4317 finibus
2220 4253 2560 4315 Laconicae
