3166 4871
557 306 595 368 4

555 468 824 536 drohte.“
910 475 1079 549 Quae
1124 474 1442 551 explicatio
1472 472 1613 533 mihi
1663 474 1835 534 etiam
1870 490 1942 531 ea
1989 472 2064 532 de
2111 489 2294 532 causa
2333 490 2454 532 non
2494 472 2802 549 probatur,

557 578 718 656 quod
765 579 920 638 inter
965 595 1143 637 unam
1191 576 1558 653 alteramque
1619 575 1820 663 lunam
1868 574 2103 651 plenam
2154 594 2270 633 non
2319 575 2526 649 viginti
2571 580 2798 651 septem

554 681 682 740 dies
741 683 1064 757 intersunt,
1123 679 1225 739 sed
1289 684 1393 739 aut
1454 677 1865 754 undetriginta
1921 683 2025 737 aut
2086 678 2365 754 triginta,
2424 696 2557 739 cum
2623 678 2798 737 lunae

556 782 965 859 undetriginta
1021 786 1080 841 et
1139 782 1314 841 unius
1389 780 1509 839 diei
1571 780 1876 839 dimidium
1936 779 2011 838 ad
2073 778 2499 855 perficiendum
2562 798 2799 839 cursum

558 903 711 962 opus
755 884 890 945 sint.

726 1003 942 1082 Itaque
973 1009 1041 1064 nt
1070 1004 1457 1082 complectar,
1501 1021 1656 1080 quae
1688 1021 1760 1062 ex
1808 1004 1900 1063 his
1929 1004 2094 1079 sequi
2143 1002 2279 1063 mihi
2313 1003 2622 1063 videntur:
2668 1022 2798 1063 cum

555 1105 980 1184 provideretur
1040 1106 1261 1165 bellum
1310 1124 1418 1184 per
1463 1107 1679 1165 multos
1722 1124 1914 1165 annos
1975 1110 2206 1182 gestum
2254 1107 2352 1183 iri,
2412 1105 2580 1164 facile
2625 1105 2801 1164 homo

557 1209 775 1286 aliquis
818 1209 1270 1286 superstitiosus
1315 1225 1487 1267 sacro
1535 1208 1639 1267 illo
1687 1227 1934 1267 numero
1981 1225 2126 1266 usus
2172 1207 2371 1267 dicere
2407 1210 2614 1295 potuit
2661 1202 2802 1285 τρὶς

432 1350 445 1375 .
557 1304 754 1369 ἐννέα
798 1301 912 1389 ἔτη
956 1309 1102 1369 illud
1151 1309 1313 1385 fore;
1373 1313 1431 1369 et
1475 1328 1620 1369 casu
1665 1309 1903 1387 accidit,
1946 1314 2012 1368 ut
2057 1328 2121 1368 re
2166 1328 2311 1369 vera
2366 1310 2523 1385 inter
2568 1310 2798 1368 initium

557 1413 693 1474 belli
739 1417 799 1472 et
842 1417 1051 1490 captas
1074 1412 1341 1472 Athenas
1386 1412 1598 1488 viginti
1633 1417 1858 1488 septem
1906 1413 2046 1471 anni
2079 1417 2138 1471 et
2169 1399 2401 1490 ἡμέραι
2436 1396 2519 1469 οὗ
2547 1405 2796 1469 πολλαὶ

560 1514 1024 1574 intercederent.

726 1616 840 1677 Sed
889 1616 1099 1675 redeat
1128 1617 1319 1675 oratio
1367 1634 1497 1674 mea
1544 1615 1704 1675 unde
1751 1615 2021 1675 deflexit:
2068 1634 2200 1675 cum
2231 1616 2290 1674 in
2324 1617 2567 1676 oraculo
2601 1620 2802 1675 nostro

564 1718 948 1797 praedicatur
1000 1722 1183 1777 totam
1226 1718 1429 1776 Glauci
1478 1719 1823 1793 progeniem
1871 1736 1903 1777 e
1949 1723 2109 1778 terra
2154 1718 2408 1777 deletum
2445 1719 2561 1795 -iri,
2612 1737 2683 1778 ea
2727 1718 2802 1777 de

561 1839 747 1881 eausa
779 1803 927 1897 'post
970 1820 1272 1879 hominum
1317 1819 1554 1880 illorum
1588 1820 1890 1879 interitum
1939 1821 2077 1879 mihi
2127 1818 2367 1896 quidem
2399 1820 2635 1880 videtur
2665 1838 2801 1879 cou-

558 1923 781 1983 fectum
826 1940 975 1982 esse.

727 2023 975 2084 Accedit
1032 2024 1191 2101 quod
1256 2042 1473 2084 versus
1536 2027 1723 2084 nostri
1783 2025 1996 2084 mirum
2055 2025 2112 2084 in
2175 2023 2413 2084 modum
2471 2043 2607 2084 cum
2654 2025 2803 2084 locis

556 2129 782 2204 aliquot
840 2129 1163 2186 carminum
1226 2126 1472 2186 Hesiodi
1547 2128 1958 2186 consentiunt:
2037 2111 2249 2205 ὅρκον
2313 2128 2425 2186 iam
2505 2126 2803 2185 Hesiodus

558 2229 814 2289 finxerat
856 2232 1128 2287 euntem:
1179 2227 1301 2304 [op.
1340 2224 1486 2300 129]

788 2332 1025 2405 αὐτίκα
1073 2337 1199 2426 γὰρ
1247 2343 1463 2426 τρέχει
1510 2330 1715 2425 ὅρκος
1760 2332 1895 2425 ἅμα
1940 2345 2243 2425 σκολιῇσι
2292 2344 2573 2426 δίκῃσιν,

556 2469 708 2528 idem
769 2468 884 2527 iam
943 2467 1217 2527 versibus
1276 2472 1661 2542 expresserat
1717 2486 1974 2543 poenam
2028 2469 2273 2545 periurii
2335 2488 2453 2528 non
2518 2470 2693 2528 modo
2750 2470 2802 2527 ei

557 2571 657 2647 qui
704 2570 1049 2647 peierasse&
1092 2569 1199 2629 sed
1244 2570 1351 2628 toti
1398 2570 1706 2646 progeniei
1753 2570 2126 2629 solvendam:
2175 2567 2298 2646 [op.
2330 2565 2480 2643 282]

726 2686 853 2746 τοῦ
899 2682 974 2748 δέ
1014 2673 1072 2746 τ’
1119 2672 1540 2766 ἀμαυροτέρη
1582 2677 1775 2767 γενεὴ
1817 2678 2192 2764 μετόπισθε
2239 2683 2601 2754 λέλειπται,

730 2775 973 2869 ἀνδρὸς
1020 2775 1077 2848 6³
1125 2774 1416 2868 εὖόρκου
1462 2779 1657 2868 γενεὴ
1702 2779 2118 2868 μετόπισθεν
2165 2775 2475 2867 ἀμείνων.

566 2910 748 2971 Vides
778 2911 1028 2971 alterum
1074 2909 1287 2971 horum
1320 2927 1600 2970 versuum
1648 2910 1833 2969 verbo
1865 2915 2041 2969 tenus
2085 2910 2147 2970 iu
2194 2911 2502 2971 oraculum
2535 2915 2804 2971 nostrum

559 3014 860 3074 transisse.
973 3012 1055 3073 At
1108 3012 1250 3072 mihi
1294 3011 1535 3088 quidem
1598 3011 1756 3071 haud
1823 3030 2182 3090 quamquam
2238 3014 2362 3072 veri
2410 3015 2600 3074 simile
2674 3031 2803 3073 esse

559 3117 824 3194 videtur,
890 3114 1236 3176 sacerdotes
1301 3115 1630 3190 Delphicos
1691 3115 1761 3173 iis
1821 3115 1924 3190 qui
1995 3116 2303 3176 oraculum
2368 3115 2806 3176 consuluissent

559 3216 876 3279 tradidisse
918 3236 1133 3278 versus
1176 3216 1509 3277 Hesiodeos
1554 3218 1723 3294 quasi
1771 3235 1807 3275 a
1853 3218 2072 3293 Pythia
2116 3218 2555 3293 pronuntiatos.

732 3335 891 3409 Quid
924 3338 1106 3413 igitur
1136 3336 1520 3396 statuamus?
1581 3335 1793 3396 Graeci
1828 3339 2012 3411 atque
2042 3337 2328 3412 imprimis
2351 3337 2808 3397 Lacedaemonii

562 3457 694 3499 cum
741 3438 955 3499 Glauci
1000 3440 1246 3516 stirpem
1294 3439 1646 3498 exstinctam
1695 3455 1829 3499 esse
1874 3436 2188 3518 vidissent,
2231 3439 2556 3517 periurium
2603 3439 2803 3500 faeere

558 3540 722 3600 illum
779 3541 1038 3600 voluisse
1082 3539 1383 3601 recordati
1428 3539 1612 3610 divini
1671 3541 1927 3600 numinis
1973 3541 2091 3599 vim
2152 3558 2224 3601 ac
2283 3543 2647 3602 maiestatem
2709 3561 2804 3601 co·

560 3659 851 3718 gnoscere
879 3642 990 3702 sibi
1019 3641 1414 3720 videbantur3
1459 3648 1581 3701 tum
1615 3643 1676 3701 in
1709 3645 1965 3702 mentem
2011 3644 2096 3702 eis
2127 3644 2290 3703 venit
2313 3645 2596 3705 Hesiodei
2627 3644 2804 3720 illius,

563 3737 1049 3820 ἔπιορκοῦντος
1100 3744 1412 3819 progeniei
1476 3743 1896 3804 intereundum
1958 3762 2105 3805 esse.
2193 3746 2319 3805 Has
2372 3747 2582 3822 populi
2624 3763 2804 3804 voces
2891 3809 2896 3813 ⁴

561 3850 951 3906 contexentes
1007 3844 1376 3922 sacerdotes,
1434 3846 1563 3906 sive
1607 3844 2070 3907 Lacedaemonii
2116 3851 2288 3907 erant
2339 3848 2468 3907 sive
2513 3846 2806 3922 Delphici,

505 3979 510 3985 ·
563 3947 872 4007 oraculum
920 3952 1190 4007 nostrum
1222 3953 1711 4026 composuerunt,
1755 3965 1876 4026 quo
1921 3950 2111 4025 magis
2143 3948 2236 4008 dei
2283 3949 2551 4026 potentia
2578 3948 2802 4025 Apolli-

561 4051 775 4128 nisque
835 4050 1127 4127 sapientia
1197 4041 1678 4111 ostenderentur.
1797 4052 1954 4110 Num
2017 4051 2309 4110 exstiterit
2375 4051 2680 4127 antiquius
2738 4069 2802 4108 re

562 4171 708 4212 vera
738 4152 965 4213 Glauco
997 4152 1237 4231 editum,
1282 4154 1397 4212 huc
1445 4173 1563 4213 non
1611 4154 1898 4230 pertinet:
1942 4154 2101 4230 quod
2152 4154 2321 4213 nobis
2366 4153 2648 4213 traditum
2697 4159 2807 4230 est,

562 4254 622 4313 id
668 4254 961 4316 exstincta
996 4255 1204 4315 Glauci
1250 4257 1433 4333 stirpe
1464 4259 1680 4334 partim
1728 4276 1764 4316 a
1807 4257 2030 4334 populo
2073 4258 2290 4332 partim
2329 4275 2364 4315 a
2392 4257 2804 4317 sacerdotibus
