3166 4871
597 303 714 363 170

591 481 652 536 et
696 476 990 537 intellexit
1032 474 1412 547 Dindorfius‚
1475 478 1578 553 qui
1634 476 1851 535 collato
1896 476 2080 535 Arist.
2125 479 2281 552 poet.
2328 480 2384 551 5,
2414 480 2477 536 5:
2538 471 2717 552 ,πῶν
2760 468 2829 533 δὲ

591 565 941 659 Ἀθήνησιν
999 567 1259 660 Κράτης
1336 574 1614 658 πρῶτος
1672 558 1886 658 ἧρξεν,
1962 563 2290 655 ἀφέμενος
2350 574 2466 657 τῆς
2528 571 2834 656 ἰαμβικῆς

591 673 802 754 ἰδέας,
863 670 1176 740 καθόλου
1232 671 1478 760 λόγους
1519 668 1560 761 ἢ
1618 665 1883 759 μύθους
1926 673 2186 739 ποιεῑν“
2230 679 2324 754 (cf.
2371 682 2473 740 Ar.
2515 680 2696 740 schol.
2741 679 2835 740 ed.

592 784 855 845 Dubner.
941 784 1124 845 Proll.
1182 802 1238 861 p.
1292 782 1427 857 XV)
1498 783 1647 844 haee
1721 783 1839 860 legi
1893 783 2099 862 jubet:
2176 780 2256 842 Φ.
2317 767 2448 843 Ἀθ.
2509 778 2669 864 νικᾷ
2722 774 2834 841 ἐπὶ

597 876 977 966 θεοδώρου,
1027 871 1387 966 γενόμενος
1416 871 1477 946 δ’
1498 873 1882 964 ὑπόπικρος
1921 873 2217 964 ἐζήλωκε
2247 874 2565 965 Κράτητα
2592 901 2652 944 κ.
2683 901 2741 943 τ.
2775 881 2833 943 λ.

592 987 1068 1062 (Westermannt
1116 978 1474 1068 βιογράφοι
1518 1008 1578 1067 p.
1626 987 1789 1061 162).

762 1125 910 1186 Inde
971 1127 1045 1187 ab
1109 1126 1221 1187 hac
1278 1126 1635 1204 quaestione
1693 1125 1771 1185 ad
1816 1125 2185 1186 subtiliorem
2232 1124 2675 1204 progredimur,
2720 1142 2840 1201 qua

593 1229 668 1289 de
726 1228 1014 1289 histrione
1074 1228 1329 1305 quodam
1391 1227 1694 1304 agendum
1741 1228 1868 1300 erit,
1915 1246 2091 1305 quem
2138 1226 2439 1306 Bergkius
2483 1226 2545 1301 (1.
2590 1228 2624 1287 1.
2673 1223 2842 1305 358),

598 1329 934 1393 Meinekius
988 1329 1146 1404 (hist.
1206 1349 1354 1391 com.
1403 1327 1529 1408 91),
1591 1330 1829 1391 Teuffel
1888 1328 2004 1401 (ed.
2062 1330 2249 1391 nubes
2302 1332 2406 1392 Ar.
2451 1331 2546 1391 ad.
2589 1349 2646 1391 v.
2692 1332 2840 1401 540)

595 1434 906 1511 Hermippi
951 1432 1184 1494 fabulas
1229 1434 1423 1511 egisse
1463 1434 1789 1512 opinantur
1828 1432 2006 1493 fidem
2038 1433 2328 1494 habentes
2366 1433 2545 1494 schol.
2577 1431 2842 1493 Brunck.

595 1535 672 1595 ad
715 1536 816 1596 Ar.
861 1536 1003 1597 nub.
1049 1538 1206 1614 5423
1250 1537 1515 1613 pertinet
1553 1536 1671 1595 hoc
1715 1536 2000 1596 scholium
2046 1536 2122 1595 ad
2157 1554 2290 1597 eum
2322 1538 2424 1596 Ar.
2458 1536 2598 1597 nub.
2627 1536 2842 1613 locum,

596 1638 696 1699 ubi
742 1637 1015 1700 Comicus
1058 1639 1119 1699 iu
1165 1639 1393 1700 cantico
1439 1658 1535 1700 vv.
1570 1641 1895 1701 537—42:

681 1763 809 1855 „039
855 1768 925 1835 δὲ
970 1765 1263 1855 σώφρων
1310 1768 1448 1836 ἐστὶ
1494 1764 1687 1851 φύσει
1736 1760 2068 1853 σκέψασθ’
2104 1761 2291 1854 ’ἥτις
2334 1770 2573 1856 πρῶτα
2614 1768 2736 1854 μὲν

681 1862 922 1958 »οὐδὲν
964 1864 1134 1960 ἦλθε
1180 1870 1529 1958 ῥαψαμένη
1574 1867 1895 1938 σκύτινον
1941 1872 2369 1957 καθειμένον,

681 1970 1015 2061 »ἐρυθρὸν
1061 1974 1129 2058 ἐξ
1174 1969 1410 2060 ἄκρου,
1453 1970 1655 2059 παχὺ,
1698 1986 1843 2053 τοῖς
1886 1975 2179 2052 παιδίοις
2225 1966 2310 2040 ἵν’
2339 1960 2379 2059 ᾗ
2423 1974 2669 2058 γέλως·

682 2067 864 2162 „066²
894 2073 1154 2162 ἔσκωψε
1199 2070 1359 2155 τοὺς
1401 2074 1808 2163 φαλακροὺς,
1853 2068 2010 2144 οὐδὲ
2054 2068 2326 2162 κόρδαχ’
2357 2073 2684 2157 εἵλκυσεν,

683 2171 876 2266 „mide
920 2172 1299 2267 πρεσβύτης
1343 2173 1380 2247 ὁ
1428 2180 1645 2266 λέγων
1687 2173 1867 2267 τᾶπη
1911 2182 1995 2263 τῇ
2038 2181 2365 2268 βακτηρίᾳ

682 2278 952 2369 „nimet-
997 2279 1121 2348 τὸν
1163 2272 1470 2369 παρόντ’,
1516 2275 1868 2367 ἀφανίζων
1910 2275 2179 2370 πονηρὰ
2222 2277 2639 2367 σκώμματα.“

597 2426 1033 2506 spectatoribus
1086 2426 1359 2505 exponit,
1422 2425 1640 2503 quibus
1693 2426 2010 2488 virtutibus
2071 2425 2320 2504 insignis
2378 2429 2607 2504 quanta
2666 2426 2843 2487 lande

599 2530 782 2608 digna
833 2529 1014 2589 fuerit
1071 2530 1315 2590 nubium
1374 2528 1610 2607 fabula,
1669 2547 1826 2606 qnae
1884 2548 2066 2607 quum
2130 2531 2387 2608 primum
2433 2529 2493 2590 in
2539 2535 2841 2591 certamen

599 2631 911 2693 commissa
954 2635 1144 2710 esset,
1207 2631 1282 2691 ab
1326 2631 1798 2692 Atheniensibus
1844 2631 2095 2709 explosa
2137 2632 2229 2693 sit.
2314 2634 2705 2710 Perspicuum
2751 2636 2845 2694 est

602 2733 1083 2811 scholiornmqne
1146 2733 1483 2795 testimonio
1566 2732 1983 2805 confirmatur,
2069 2735 2273 2795 iisdem
2340 2736 2540 2796 verbis
2604 2739 2841 2813 poetam

598 2836 859 2898 illudere
918 2838 1069 2897 alios
1135 2837 1394 2898 comicos
1471 2843 1681 2915 poetas
1739 2837 2057 2915 ipsumque
2121 2838 2194 2898 iis
2252 2839 2411 2899 vitiis
2468 2839 2718 2899 liberum
2779 2855 2844 2900 se

602 2940 981 3018 praedicare,
1024 2940 1243 3018 quibus
1288 2940 1376 3000 illi
1420 2941 1708 3002 laborent.
1797 2942 1890 3000 Ita
1932 2941 2132 3002 verbis
2173 2924 2355 3019 „ov'd'
2380 2931 2643 3021 ἔσκωψε
2687 2925 2847 3012 τοὺς

604 3028 1026 3123 φαλακρούς“
1070 3043 1371 3104 Comicnm
1405 3042 1705 3121 quendam
1748 3044 2156 3122 perstringere
2195 3042 2452 3123 videtur,
2510 3043 2614 3121 qui
2659 3044 2844 3123 ipsius

602 3146 898 3208 calvitiem
944 3145 1211 3206 irriserit.
1311 3145 1498 3206 Rudis
1541 3150 1743 3205 eutem
1788 3145 2209 3224 indigestaque
2252 3146 2616 3208 scholiorum
2660 3147 2846 3208 moles

603 3251 798 3310 exstat
840 3247 936 3308 his
980 3248 1257 3308 versibus
1300 3247 1641 3325 adscripta:
1690 3250 1916 3309 Versus
1947 3252 2088 3320 538,
2122 3251 2201 3310 39
2245 3250 2305 3309 in
2351 3249 2539 3310 schol.
2580 3248 2844 3310 Brunck.

604 3351 1012 3427 explicantur:
1070 3346 1322 3428 ,,Τοῦτο
1371 3343 1528 3429 φησὶ
1576 3336 1689 3409 διὰ
1727 3339 1851 3410 τὸν
1874 3335 2248 3430 Ἕρμιππον
2288 3346 2399 3411 καὶ
2442 3336 2567 3412 τὸν
2607 3345 2845 3431 Σιμέρ-

601 3469 793 3532 μωνα
821 3442 946 3512 τόν
984 3437 1237 3511 τούτου
1282 3438 1711 3532 ὑποκριτήν“,
1757 3454 1917 3515 unde
1961 3448 2365 3533 „Simermon“
2407 3455 2617 3516 histrio
2645 3456 2844 3516 adhuc

603 3555 932 3634 Hermippo
986 3555 1285 3631 tribuitur.
1386 3554 1562 3630 Quod
1624 3556 1889 3618 scholion
1936 3558 2315 3619 Helbertsma
2360 3557 2487 3632 (1.1.
2516 3578 2572 3636 p.
2602 3562 2701 3631 45,
2732 3556 2841 3632 46)

604 3662 766 3720 recte
825 3658 1163 3736 suspicatur
1221 3676 1430 3719 errore
1488 3658 1629 3719 huic
1682 3660 1814 3721 loco
1857 3661 2225 3738 adscriptum
2278 3665 2339 3721 et
2380 3662 2580 3738 potins
2624 3661 2700 3722 ad
2745 3680 2842 3722 vv,

605 3765 748 3839 541,
786 3764 866 3823 42
913 3761 1248 3839 pertinere;
1291 3760 1352 3821 in
1399 3761 1640 3822 scholiis
1685 3762 1837 3823 enim
1887 3764 1977 3824 his
2023 3756 2293 3825 versibus
2337 3763 2656 3842 adscriptis
2696 3766 2842 3825 Rev.

605 3868 667 3925 et
725 3864 876 3924 Ven.
949 3863 1160 3924 scholl.
1225 3865 1493 3942 exceptis
1558 3863 1764 3925 eadem
1824 3870 2041 3944 poetae
2106 3871 2167 3927 et
2231 3866 2536 3927 histrionis
2600 3868 2843 3927 nomina

605 3969 843 4028 exstant
885 3984 1039 4043 quae
1083 3965 1144 4026 in
1201 3966 1390 4028 schol.
1450 3966 1722 4028 Brunck·
1796 3952 1993 4046 ,,ουδε
2051 3956 2514 4053 πρεσβύτηςο
2475 3962 2843 4048 0.·λέγων

604 4054 1048 4142 ωςΕυπολις
1117 4061 1192 4127 ἐν
1254 4075 1398 4140 τοῖς
1456 4065 1987 4151 Προσπαλτίοις,
2060 4058 2104 4151 ἢ
2177 4054 2269 4142 ὡς
2333 4065 2425 4141 εἷς
2486 4046 2696 4131 τοῦτο
2760 4061 2841 4131 τὸ

602 4166 800 4250 μέρος
840 4158 1252 4252 εὐεπίφορον
1296 4160 1461 4231 ὄντα
1505 4163 1634 4231 τὸν
1661 4157 2058 4252 Ἕρμιππον,
2103 4165 2168 4232 οἱ
2212 4166 2283 4231 δὲ
2314 4167 2675 4251 Σισέρμιον
2717 4165 2843 4233 τὸν

605 4258 984 4355 υποκριτήν
1030 4274 1239 4349 (schol.
1271 4275 1509 4350 Aldin.).
1560 4307 1645 4317 —
1702 4261 1857 4336 ουδὲ
1901 4266 2275 4356 πρεσβύτης
2305 4295 2325 4334 .·
2356 4264 2394 4334 ὁ
2438 4271 2844 4358 Σιμνέρμων
