3166 4871
2500 313 2622 375 365

378 485 566 563 Regio
664 487 734 545 V.
784 483 819 555 ἓ
857 489 994 546 111.
1043 484 1365 546 Castellum
1426 484 1840 547 Firmanorum
1909 491 1970 546 et
2039 505 2222 565 super
2277 487 2334 547 id
2397 487 2631 547 colonia

1141 588 1476 643 Asculum
1520 590 1726 649 Piceni
1773 589 2150 650 nobilissima.

1047 691 1122 750 ab
1167 689 1374 750 iisdem
1423 689 1689 764 (Siculis)
1747 692 1982 752 colonia
2023 693 2311 748 Ancona
2354 692 2629 768 adposita

1143 795 1551 868 promunturio
1602 795 1859 855 Cunero.

786 894 821 964 ἓ
857 898 994 954 110.
1036 894 1297 950 Hadria
1341 896 1577 955 colonia
1624 915 1660 955 a
1707 897 1852 955 mari
1900 898 1976 955 Vl
2025 916 2080 973 p.

379 997 566 1072 Regio
638 998 731 1055 Vl.
788 997 822 1066 ξ
860 1001 996 1057 113.
1043 997 1312 1056 coloniae
1366 998 1636 1053 Fanum
1689 998 2039 1055 Fortunae
2085 999 2448 1055 Pisaurum
2493 1019 2624 1060 cum

1146 1119 1317 1159 amne
1363 1108 1422 1158 et
1469 1103 1629 1160 intus
1673 1101 2090 1170 Hispellum,
2140 1103 2390 1158 Tuder.

382 1201 567 1276 Regio
612 1202 735 1260 V11.
789 1201 824 1270 ξ)
900 1205 995 1261 50.
1043 1202 1279 1261 colonia
1336 1203 1528 1258 Luca
1595 1223 1632 1263 a
1702 1207 1845 1265 mari
1911 1205 2199 1264 recedens
2263 1207 2627 1283 propiorque

1134 1295 1343 1360 'Pisae
1390 1350 1403 1363 .
1433 1350 1448 1364 .
1494 1315 1660 1365 ortae
1709 1326 1743 1364 a
1775 1307 2073 1383 Pelopidis
2116 1309 2242 1367 sive
2273 1329 2310 1368 a
2339 1309 2626 1369 Teutanis

1145 1409 1380 1466 Graeca
1423 1414 1617 1483 gente.

788 1509 823 1577 ξ
898 1512 997 1568 51.
1048 1527 1084 1567 a
1102 1510 1328 1586 populo
1352 1511 1619 1569 Romano
1636 1510 1896 1570 deducta
1908 1511 2297 1592 Graviscae,
2312 1512 2629 1568 Castrum

1142 1624 1399 1665 novum
1441 1611 1655 1679 Pyrgi
1681 1611 1744 1684 ¹).

790 1712 826 1782 ξ
900 1717 998 1773 51.
1052 1715 1222 1773 lutus
1252 1713 1518 1773 coloniae
1560 1714 1843 1770 Falisca
1881 1715 2065 1792 Argis
2110 1721 2260 1788 orta,
2307 1722 2373 1777 ut
2415 1723 2628 1778 auctor

1147 1820 1239 1874 est
1270 1815 1434 1886 Cato,
1481 1836 1638 1892 quae
1686 1817 2185 1892 cognominantur
2216 1818 2627 1890 Etruscorum,

1141 1917 1374 1971 Lucus
1427 1917 1765 1973 Feroniae
1832 1918 2214 1975 Rusellana
2281 1920 2628 1976 seniensis

1146 2019 1439 2074 sutrina.

384 2118 632 2196 Regio²l
653 2120 1013 2188 V111.§115.
1046 2120 1432 2176 Ariminum
1477 2123 1718 2182 colonia
1762 2167 2004 2184 ......
2024 2168 2050 2186 ,.
2080 2168 2095 2184 .
2140 2126 2301 2184 intus
2357 2126 2630 2186 coloniae

1143 2224 1474 2291 Bononia,
1518 2226 1758 2284 Felsina
1790 2226 2135 2303 vocitatum,
2182 2246 2315 2286 eum
2346 2229 2629 2305 princeps

1145 2327 1421 2384 Etruriae
1467 2333 1644 2402 esset,
1684 2327 2052 2382 Brixillum
2082 2328 2354 2384 Mutina
2383 2331 2631 2386 Parma

1145 2428 1523 2485 Placentia.

385 2532 571 2607 Regio
642 2531 737 2590 IX.
794 2532 828 2601 ξ
902 2534 998 2592 40.
1045 2531 1351 2595 Dertona
1401 2535 1656 2592 colonia.

386 2636 572 2711 Regio
678 2635 746 2693 X.
800 2637 834 2703 ἓ
872 2639 1007 2696 126.
1054 2635 1288 2694 colonia
1332 2635 1718 2691 Concordia
1763 2681 1779 2696 .
1809 2681 1868 2697 ..

1048 2737 1442 2804 Aquilejam
1487 2738 1778 2799 coloniam
1825 2737 2296 2817 (praefluentes).

792 2837 827 2909 ἓ
866 2844 1001 2900 127.
1046 2840 1279 2899 colonia
1324 2841 1671 2907 Tergeste.
2331 2830 2339 2838 ’

790 2941 825 3009 §
862 2946 998 3001 129.
1043 2942 1276 3001 colonia
1304 2943 1497 3009 Pola,
1549 2962 1708 3019 quae
1740 2962 1901 3002 nunc
1929 2943 2162 2999 Pietas
2190 2943 2393 3010 Iulia,
2439 2962 2631 3020 quou-

1149 3043 1287 3103 dam
1333 3064 1367 3101 a
1413 3045 1650 3105 Colchis
1696 3044 1954 3105 condita.
2305 3040 2310 3045 ⁵

790 3145 826 3215 ξ
861 3148 1111 3207 13o.1n
1188 3146 1627 3207 mediterraneo
1707 3149 1970 3223 regionis
2061 3147 2325 3207 decimae
2398 3149 2637 3208 colonia

1149 3247 1484 3303 Cremona
1566 3249 1804 3304 Brixia
1898 3250 2371 3310 Cenomanorum
2467 3269 2633 3327 agro,

1154 3350 1514 3409 Venetorum
1561 3358 1756 3410 autem
1802 3353 2067 3407 Ateste.

386 3453 572 3529 Regio
604 3453 702 3511 xl.
787 3452 821 3521 ἓ
864 3457 995 3512 123.
1041 3454 1313 3512 coloniae
1360 3453 1435 3512 ab
1475 3454 1714 3529 Alpium
1761 3454 2060 3535 radicibus
2103 3456 2418 3522 Augusta
2463 3455 2634 3510 'I'au-

1146 3554 1482 3625 tinorum,
1537 3555 1677 3615 inde
1724 3557 2074 3632 navigabilis
2120 3556 2321 3631 Pado,
2384 3558 2637 3634 antiqua

1148 3658 1434 3732 Ligurum
1482 3659 1687 3733 stirpe,
1733 3659 1867 3718 dein
1901 3657 2278 3718 Salassorum
2318 3660 2636 3727 Augusta

1146 3759 1500 3815 Praetoria
1544 3761 1712 3819 iuxta
1754 3763 2020 3836 geminas
2065 3761 2307 3839 Alpium
2358 3760 2537 3821 fores.

561 4010 600 4071 ¹)
636 4007 879 4062 Monitus
925 4024 958 4062 a
1004 4008 1340 4063 Mommseno
1385 4025 1497 4062 non
1544 4016 1609 4062 ut
1656 4007 2018 4063 Detlefsenus
2055 4016 2187 4077 post
2233 4008 2495 4077 deducta,
2532 4009 2635 4064 sed

386 4102 517 4164 post
553 4096 698 4149 (losa
733 4094 1109 4148 volcientium
1146 4095 1500 4163 interpungo.
1593 4096 1602 4103 '

557 4200 601 4266 ²)
636 4196 929 4252 Detlefscn
976 4197 1010 4251 l.
1056 4197 1090 4250 l.
1138 4213 1192 4265 p.
1242 4202 1306 4250 32
1359 4196 1701 4251 existimavit
1744 4214 1812 4251 ex
1861 4193 2116 4265 Augusti
2165 4196 2310 4250 libro
2368 4197 2631 4265 demptas

386 4284 631 4337 colonias
668 4290 857 4337 sextae
895 4283 1161 4352 septimae
1197 4288 1431 4336 octavae
1466 4281 1728 4350 regionis.

2122 4384 2228 4441 25*
