3166 4871
560 274 642 332 70
1561 263 1822 320 ΖιοΙιοι

559 444 911 505 feindlicher
953 445 1182 521 geister
1227 442 1349 504 und
1394 443 1626 521 venter,
1668 442 1974 502 versucbt.
2059 442 2168 502 Als
2213 442 2627 521 mlttelbegrifl'
2654 441 2806 501 wird
2869 477 2876 481 -

556 546 700 607 aber
768 546 1171 626 venem-end,
1237 545 1503 623 quflend
1568 543 1980 606 anzuuehmen
2050 545 2200 605 sein.
2307 545 2433 605 Das
2501 542 2810 622 empfiehlt

562 650 930 710 namentlich
976 648 1084 709 der
1128 648 1433 726 tragische
1476 647 1783 724 gebraucb
1828 665 1949 707 von
1996 635 2181 717 δάιος
2222 647 2418 726 miser,
2459 666 2510 707 z.
2540 646 2594 707 b.
2623 646 2806 725 Soph.

557 752 653 830 Aj.
685 747 798 808 771
853 730 911 809 ὦ
956 743 1111 810 δαΐα
1164 744 1522 830 Τέκμησσα.
1595 749 1743 810 Hier
1788 750 1980 809 heisst
2024 748 2132 809 das
2178 754 2332 810 wort
2374 742 2675 827 gcqultltf‘
2719 778 2803 790 —

554 843 899 932 μενεδήιος
954 854 1029 913 Η.
1084 841 1432 932 μενεδάιος
1486 853 1669 930 Anyt.
1725 853 1932 929 Epigr.
1990 849 2094 930 16,
2155 853 2343 913 multa
2399 871 2556 914 nom.
2599 870 2805 929 propr.

554 957 614 1016 in
662 949 868 1029 δαῖος,
915 950 1101 1026 δαῖος
1144 974 1240 1032 ap.
1284 955 1450 1029 Fick,
1496 954 1552 1014 d.
1582 974 1674 1032 gr.
1717 971 2078 1032 personenn.
2121 975 2180 1033 p.
2225 951 2365 1016 109.
2441 943 2803 1033 ,δαϊόφρων

556 1059 774 1118 Aesch.
820 1046 1198 1138 δηιάλωτος
1242 1059 1385 1119 Eur.
1429 1046 1805 1139 Δηιάνειρα.
1873 1045 2081 1134 δῃιόω
2128 1045 2310 1134 ὁῃόω
2355 1058 2430 1118 Η.
2460 1057 2584 1117 Att.
2628 1051 2804 1138 δηιο-

555 1149 672 1240 τής
715 1163 787 1221 Η.
820 1161 968 1221 Hsd.

734 1262 826 1323 Ad
874 1261 1124 1323 eandem
1170 1262 1430 1325 radicem
1478 1261 1720 1323 videtur
1762 1261 2165 1323 revocandum
2211 1262 2606 1324 vocabulum:

726 1354 1067 1445 πουρδάι
1085 1383 1176 1425 ον
1237 1365 1401 1444 quod
1459 1367 1521 1426 in
1582 1365 1696 1426 hac
1748 1367 2034 1442 Hesychii
2091 1366 2295 1442 glossa
2353 1382 2487 1426 esse
2531 1364 2805 1426 videtur:

555 1463 926 1547 πουρδαιν·
969 1462 1331 1548 μαγείρων.
1417 1457 1754 1538 Λάκωνες.
1860 1469 1939 1528 Μ.
1973 1467 2275 1529 Schmidt:
2335 1456 2761 1547 ηπούρδαιον
2788 1480 2801 1493 ·

553 1578 932 1650 μαγειρεῐον
979 1572 1151 1649 Mus„
1196 1561 1602 1649 πουρδαίὶον
1645 1569 1880 1631 Nauck.
1910 1572 2014 1631 Ar.
2044 1572 2191 1647 Byz.
2219 1589 2276 1648 p.
2299 1566 2438 1647 189,
2454 1566 2512 1629 3.
2549 1569 2805 1630 Abi-ens

554 1674 710 1734 Dial.
740 1675 824 1752 11,
867 1693 926 1751 p.
959 1669 1037 1731 78
1092 1678 1296 1752 spreta
1353 1675 1786 1734 Hemstcrhnsii
1841 1673 2190 1752 conjectura
2243 1672 2322 1734 ad
2377 1674 2590 1735 Thom.
2645 1673 2805 1749 Mag.

556 1795 613 1854 p.
646 1772 767 1832 592
812 1776 1047 1853 prolata
1088 1765 1482 1853 πούρδαλον
1525 1794 1574 1836 8.
1619 1764 2020 1857 πούρδανον
2079 1795 2235 1854 quac
2276 1775 2642 1854 Hesychium
2690 1773 2805 1834 sibi

555 1878 820 1938 vindicat
859 1879 1272 1939 auxiliatorem
1304 1895 1352 1938 s.
1380 1898 1438 1939 v.
1468 1868 1892 1956 πύρδαλον
1915 1892 1928 1905 ·
1960 1862 2383 1956 ὄψοποιεῑον,
2412 1862 2802 1949 ὀπτανεῖον,

551 1986 948 2059 μαγειρεῑον.
1035 1980 1152 2041 Sed
1198 1980 1355 2041 idem
1401 1982 1579 2041 etiam
1610 1975 2184 2061 πυροδαίσιον·
2228 1986 2607 2060 μαγειρεῖον
2651 1978 2800 2053 (πυ-

554 2073 919 2162 ροδάνσιον
985 2084 1154 2163 88ᾶ.,
1217 2078 1675 2165 πυροδανεῑον
1739 2083 1999 2145 Meinek.
2062 2085 2274 2146 Philol.
2315 2085 2488 2162 XIII,
2552 2103 2609 2160 p.
2649 2077 2802 2155 553)

552 2186 821 2261 praebet.
907 2187 1051 2246 Mihi
1095 2184 1247 2265 πῦρ
1305 2179 1527 2246 δαῖεν
1571 2186 1770 2261 (Hom.
1797 2185 1859 2247 E
1884 2183 1948 2260 7)
1993 2205 2126 2247 cum
2171 2186 2568 2265 explicatione
2613 2185 2800 2245 Laco·

554 2282 671 2349 n'ici
714 2289 992 2348 vocabuli
1035 2289 1330 2350 coaluisse
1375 2282 1668 2350 videtur.“
1751 2284 2100 2368 μαγείρων
2144 2289 2508 2351 substantivi
2548 2288 2802 2349 alicuius

553 2391 1009 2469 explicationem
1054 2409 1186 2452 esse
1232 2397 1503 2471 apparet.
1590 2391 1709 2453 Sed
1755 2393 1854 2453 vix
1900 2394 2215 2471 quisquam
2273 2411 2384 2471 pro
2431 2395 2595 2454 certo
2639 2389 2798 2450 affir—

554 2512 718 2554 mare
761 2495 943 2572 ausit,
990 2498 1188 2554 utrum
1233 2488 1571 2574 πουρδαιν
1618 2513 1706 2568 ex,
1737 2484 2133 2574 πούρδαλον
2177 2514 2255 2556 an
2301 2514 2377 2556 ex
2418 2483 2800 2576 πουρδάιον

554 2598 634 2656 sit
685 2600 1052 2672 corruptum.
1140 2598 1233 2656 Ex
1292 2597 1421 2657 rad.
1480 2592 1614 2656 δαί
1663 2600 1769 2657 aut
1822 2596 2022 2658 suffixi
2082 2613 2191 2657 ιον
2250 2617 2366 2677 ope
2423 2597 2642 2658 factum
2707 2599 2802 2656 est

553 2698 937 2774 periecticum
980 2691 1402 2777 xovpdafzov
1425 2745 1445 2774 ‚
1503 2702 1611 2761 aut
1668 2698 1947 2760 suffixum
2002 2698 2081 2759 20
2136 2699 2440 2779 adjectum
2486 2705 2594 2778 est,
2634 2699 2801 2777 quod

554 2801 614 2859 in
661 2788 895 2870 δαλός;
949 2800 1054 2860 sed
1116 2801 1194 2861 ad
1255 2801 1748 2878 significationem
1801 2807 2183 2882 μαγειρεῑον
2239 2801 2611 2864 efficiendam
2649 2801 2800 2870 ,huic

554 2902 809 2963 debebat
852 2902 995 2962 addi
1035 2920 1211 2962 ειον.·
1254 2896 1738 2984 πουρδαλεῑον,
1784 2910 1853 2965 ut
1891 2897 2262 2985 ἐργαλεῖον.
2338 2899 2799 2985 Πουρδαίσιον

553 3005 651 3066 vel
709 2998 1118 3086 πουρδαίῖον
1180 3026 1378 3086 neque
1442 3010 1503 3068 in
1564 3008 1678 3069 bac
1739 3009 1944 3085 glossa
2002 3009 2192 3070 latere
2253 3012 2397 3086 puto
2467 3026 2664 3085 neque
2732 3009 2795 3068 in

551 3098 1047 3185 πυροδάνσιον,
1107 3129 1245 3170 nam
1304 3104 1566 3170 δαίσιον
1626 3129 1747 3171 non
1808 3115 2016 3190 posset
2071 3111 2293 3172 factum
2355 3128 2489 3172 esse
2547 3111 2658 3172 nisi
2717 3129 2798 3170 ex

552 3205 892 3285 daftocov,
945 3213 1141 3273 vocali
1185 3231 1208 3271 ι
1252 3215 1409 3274 inter
1450 3207 1499 3275 f
1535 3218 1597 3274 et
1641 3223 1678 3274 σ
1737 3215 1917 3291 plane
1975 3213 2264 3275 inaudita.
2364 3215 2458 3274 Ex
2517 3207 2796 3272 dafocov

553 3313 651 3372 vel
697 3308 1009 3373 dafeocov
1053 3314 1182 3375 fieri
1226 3300 1481 3377 debebat
1525 3305 1805 3375 δαύσιον
1850 3317 1949 3378 vel
1994 3310 2246 3376 δᾶσιον.
2335 3315 2588 3377 Accedit
2628 3316 2792 3392 quod

549 3413 831 3475 suffixum
877 3425 982 3474 σιο
1028 3416 1105 3475 ad
1151 3417 1443 3477 vocabula
1484 3419 1681 3478 locum
1724 3418 2129 3495 significantia
2184 3416 2471 3496 fingenda
2526 3436 2645 3478 non
2690 3417 2794 3480 ad-

549 3516 789 3577 hibetur
833 3515 995 3594 (Aly‚
1037 3536 1095 3593 p.
1126 3513 1208 3574 29
1239 3516 1372 3596 sq.).
1459 3521 1670 3597 Itaque
1730 3509 2196 3602 πυροδάνσιον
2248 3524 2411 3582 recte
2456 3518 2793 3581 Meinekius

548 3618 789 3679 videtur
830 3620 1164 3680 correxisse
1208 3622 1268 3680 in
1312 3616 1786 3701 πυροδανεϊον.

723 3707 887 3799 [ἤια
940 3740 1071 3783 voc.
1128 3723 1511 3787 Homericum
1571 3725 1931 3804 plerumque
1977 3725 2169 3786 cibum
2229 3725 2554 3803 significat,
2609 3726 2796 3786 semel

551 3825 938 3902 generaliter:
981 3822 1055 3882 N
1070 3820 1187 3884 103
1233 3816 1462 3886 λύκων
1490 3815 1550 3886 τ’
1579 3814 1691 3907 ἤια
1719 3826 2044 3888 πελονται
2088 3826 2355 3904 (praeter
2394 3828 2555 3889 hunc
2591 3827 2792 3888 locum

549 3928 610 3986 in
654 3927 842 3987 Iliade
888 3946 1007 3988 non
1061 3927 1416 4009 reperitur),
1476 3932 1693 3992 ceteris
1751 3931 1900 3991 locis
1960 3930 2036 3990 de
2095 3930 2393 3992 frumento
2453 3930 2613 4007 quod
2675 3930 2793 3991 iter

548 4028 837 4090 facientes
883 4049 1085 4091 secum
1128 4031 1486 4111 portabant,
1541 4029 1583 4105 β
1629 4027 1770 4091 289.
1815 4031 1957 4094 410.
2016 4027 2058 4092 δ
2100 4028 2242 4092 363.
2302 4050 2332 4091 ε
2378 4028 2521 4092 266.
2578 4048 2602 4089 ι
2647 4028 2792 4092 212.

546 4149 593 4209 μ
623 4128 766 4192 329.
851 4131 1047 4194 Semel
1104 4151 1133 4192 ε
1167 4128 1291 4191 368
1337 4132 1413 4193 de
1455 4135 1675 4210 paleis:
1734 4121 1826 4205 ὡς
1871 4119 1931 4194 δ’
1961 4119 2202 4213 ἄνεμος
2246 4124 2406 4215 ζαὴς
2449 4117 2621 4213 ἠΐων
2665 4129 2790 4214 θη-

544 4230 739 4311 μῶνα
770 4225 1020 4310 τινάξει
1044 4228 1496 4314 ’Καρφαλέων
1575 4235 1826 4299 Veteres
1856 4242 1916 4299 et
1945 4257 1979 4298 e
2008 4237 2446 4302 recentioribus
2473 4236 2792 4299 Thierscb.
