3166 4871
502 344 507 363 ,
538 286 663 350 308

540 463 789 522 maxime
835 461 1116 561 obiciunt,
1159 482 1291 524 cum
1324 466 1670 542 tragoediae
1700 482 1855 544 opus
1884 472 2021 545 post
2049 468 2378 528 certamina
2406 466 2779 546 potissimum

537 564 745 643 peragi
810 569 1094 627 statuant.
1155 596 1236 607 --
1289 568 1456 629 Talis
1519 574 1720 630 autem
1789 570 2097 631 doctrinae
2163 570 2328 650 apud
2394 570 2777 630 Aristotelem

537 667 767 727 nullum
813 669 1126 746 vestigium
1172 670 1311 732 alibi
1356 672 1662 733 invenitur
1704 691 1885 750 quam
1941 673 2248 735 notissimo
2294 674 2400 734 illo
2445 673 2591 733 artis
2634 672 2778 750 poli·

536 770 693 830 ticae
737 768 994 851 100054),
1051 791 1172 850 quo
1225 773 1403 834 iidem
1459 775 1821 854 interpretes
1880 776 2131 838 eandem
2185 776 2453 838 invenire
2510 774 2619 836 sibi
2665 775 2775 835 visi

538 877 692 933 sunt.
790 874 958 935 Haec
1024 877 1211 937 verba
1275 880 1474 938 autem
1542 878 1704 939 hunc
1769 880 1829 938 in
1899 879 2137 941 modum
2207 880 2494 957 eprIcari
2558 878 2780 939 debere

537 975 769 1037 minime
815 980 1077 1038 constat:
1123 984 1286 1040 certe
1328 999 1364 1039 a
1408 981 1613 1041 multis
1657 983 1834 1043 aliter
1875 983 2178 1060 explicata
2221 985 2363 1043 sunt
2401 985 2463 1043 et
2489 980 2778 1060 explicari

536 1083 789 1156 possunt
805 1078 900 1155 ⁸⁵).
988 1080 1304 1159 Equidem,
1330 1083 1491 1161 quod
1523 1085 1626 1161 qui
1657 1084 1758 1146 illo
1791 1084 2178 1146 enthusiasmi
2218 1086 2434 1146 affectu
2481 1087 2780 1145 vexantur

533 1183 721 1242 sacris
793 1187 852 1244 et
922 1184 1366 1246 enthusiasu‘eis
1438 1185 1681 1264 Olympi
1753 1189 2115 1249 carminibus
2189 1189 2280 1248 nsi
2353 1191 2652 1266 pacantur
2718 1190 2780 1247 et

533 1285 837 1363 levantur,
900 1305 1018 1348 non
1074 1292 1191 1347 tam
1252 1288 1713 1350 enthusiasticae
1756 1307 1930 1367 quam
1980 1291 2242 1352 musicae
2286 1291 2523 1351 illorum
2568 1290 2777 1349 carmi-

534 1407 675 1450 num
721 1390 927 1449 virtuti
971 1390 1236 1451 tribuere
1278 1391 1489 1452 velim:
1555 1393 1717 1469 quod
1776 1399 1918 1454 sunt
1961 1393 2407 1471 enthusiastica‚
2464 1393 2643 1453 animi
2695 1392 2780 1451 illi

534 1491 869 1552 condicioni
915 1493 1102 1571 magis
1147 1495 1514 1554 conveniunt
1558 1500 1621 1557 et
1650 1495 1859 1556 melius
1889 1496 2335 1574 percipiuntur3
2380 1495 2542 1574 qnod
2575 1513 2776 1557 nnme-

536 1614 635 1655 ros
695 1599 754 1655 et
812 1595 1018 1656 modos
1078 1595 1224 1657 artis
1283 1597 1515 1673 legibus
1574 1595 2022 1675 compositos⁶⁶)
2078 1599 2386 1676 exhibent,
2440 1603 2779 1676 temperant

532 1698 813 1775 impetum
859 1698 1056 1775 animi,
1099 1701 1449 1775 praesertim
1497 1718 1632 1761 cum
1677 1706 1852 1778 grata
1894 1703 2014 1762 sint
2055 1701 2284 1762 auditu.

706 1800 962 1861 Maxime
1006 1820 1151 1863 vero
1214 1802 1447 1863 illorum
1510 1805 1842 1864 sententiae
1901 1804 2143 1866 obstant
2186 1805 2398 1883 capitis
2440 1805 2583 1864 XIII
2629 1802 2777 1864 artis

534 1905 804 1980 poeticae
864 1903 940 1965 de
998 1904 1336 1966 fabularum
1398 1907 1829 1983 compositione
1884 1912 2238 1987 praecepta,
2296 1925 2453 1986 quae
2508 1906 2776 1967 modera-

532 2007 751 2066 tionem
802 2006 1125 2084 quandam‚
1182 2028 1305 2070 non
1364 2026 1652 2071 summam
1710 2011 2075 2087 tragicorum
2137 2012 2455 2071 affectuum
2518 2008 2776 2070 conesta-

531 2110 772 2185 tionem‚
815 2111 1058 2191 exigere
1090 2111 1372 2171 vidimus:
1436 2113 1606 2175 cuius
1651 2114 1739 2173 rei
1782 2114 1944 2173 nulla
1987 2119 2145 2175 esset
2187 2114 2369 2191 ratio,
2419 2115 2468 2174 si
2511 2112 2570 2173 id
2618 2116 2780 2174 esset

533 2212 881 2290 tragoediae
933 2231 1113 2292 opus,
1172 2219 1238 2274 nt
1293 2214 1707 2278 misericordia
1764 2221 1825 2277 et
1884 2222 2077 2277 metus
2130 2219 2388 2295 ipsorum
2443 2218 2529 2294 vi,
2587 2221 2655 2276 ut
2695 2214 2778 2274 ita

536 2315 749 2393 dicam,
793 2316 1089 2377 eicIantur
1130 2318 1228 2377 vel
1274 2320 1712 2380 interimantur.
1759 2349 1843 2361 -
1889 2320 2112 2381 Eadem
2158 2321 2262 2382 illa
2303 2323 2627 2399 praecepta
2671 2336 2780 2381 nos

534 2422 741 2480 vetant
785 2420 1031 2481 alteram
1077 2420 1366 2483 rationem
1413 2427 1653 2483 secutos
1697 2421 1758 2484 iu
1803 2422 1932 2502 ipsa
1977 2423 2415 2485 misericordiae
2461 2428 2777 2500 metusque

533 2523 928 2584 concitatione
960 2524 1253 2585 collocare
1284 2525 1631 2602 tragoediae
1661 2526 2033 2603 voluptatem
2050 2525 2145 2597 ⁵⁸).
2215 2527 2542 2587 Praeterea
2577 2543 2779 2602 neque

532 2625 592 2685 in
651 2624 783 2685 aliis
838 2623 1177 2687 Aristotelis
1236 2627 1478 2704 scriptis
1536 2628 1867 2705 invenitur,
1934 2628 2098 2704 quod
2160 2629 2267 2688 tali
2328 2628 2638 2689 doctrinae
2697 2628 2777 2686 sit

586 2761 641 2770 ο...

822 2761 935 2772 ..α-..-

705 2825 774 2888 Μ)
808 2823 920 2892 pol.
946 2821 1098 2889 VIII,
1126 2828 1173 2877 7.
1203 2826 1385 2892 13422,
1422 2829 1469 2879 4.
1504 2839 1628 2894 sqq.
1663 2817 1698 2879 3
1736 2819 1852 2896 γὰρ
1885 2822 2022 2897 περὶ
2059 2819 2214 2890 ἐνίας
2249 2821 2546 2895 συμβαίνει
2584 2817 2779 2888 πάθος

534 2903 721 2976 ψυχὰς
766 2903 1027 2978 ἰσχυρῶς,
1072 2913 1247 2964 τοῦτο
1284 2903 1348 2966 ἐν
1383 2905 1598 2975 πάσαις
1629 2902 1899 2982 υπάρχει
1949 2916 2033 2985 τῷ
2068 2909 2128 2968 δὲ
2175 2911 2347 2981 ὴττον
2380 2905 2645 2981 διαφέρει
2679 2908 2779 2966 καὶ

532 2998 614 3068 τῷ
648 2997 887 3061 μᾶλλον,
925 2984 1049 3050 οἷον
1085 2987 1249 3059 ἔλεος
1284 2993 1383 3052 καὶ
1420 2991 1621 3067 φόβος,
1658 2990 1742 3052 ἔτι
1779 2990 1827 3050 ‹5‘
1864 2991 2309 3065 ἐνθουσιασμός.
2368 2994 2468 3052 καὶ
2506 2992 2618 3068 γὰρ
2663 2989 2776 3051 υπὸ

536 3075 641 3134 ταί·
647 3099 745 3149 της
782 3084 880 3150 τῆς
902 3098 1183 3151 κινησεως
1217 3078 1623 3152 κατακώχιμοί
1652 3078 1805 3148 τινές
1841 3079 2008 3138 εἰσιν·
2050 3077 2117 3140 ἐκ
2151 3080 2212 3140 δὲ
2249 3088 2364 3137 τῶν
2389 3078 2561 3154 ἱερῶν
2583 3084 2780 3149 μελῶν

532 3159 768 3237 ὁρῶμεν
802 3162 1056 3232 τούτους,
1094 3157 1238 3222 ὅταν
1270 3162 1600 3238 χρήσωνται
1637 3173 1758 3235 τοῖς
1794 3162 2194 3244 ἐξοργιάζουσι
2221 3163 2322 3239 τὴν
2347 3162 2534 3238 ψυχὴν
2555 3161 2777 3235 μέλεσι,

530 3247 1000 3319 καθισταμένους
1047 3244 1247 3323 ὥσπερ
1297 3247 1563 3324 ἰατρείας
1611 3249 1888 3323 τυχόντας
1934 3252 2034 3309 καὶ
2079 3249 2449 3324 καθάρσεως.
2501 3244 2675 3307 ταῦτὸ
2713 3249 2778 3308 δὲ

534 3342 705 3391 τοῦτο
754 3330 1074 3407 ἀναγκαῖον
1117 3333 1362 3408 πάσχειν
1409 3338 1509 3394 καὶ
1554 3334 1691 3405 τοὺς
1736 3333 2053 3409 ἐλεήμονας
2098 3336 2198 3394 καὶ
2244 3334 2381 3404 τοὺς
2425 3335 2779 3410 φοβητικοὺς

530 3419 631 3476 καὶ
690 3416 823 3487 τοὺς
874 3413 1024 3488 ὅλως
1074 3414 1250 3490 (ὅλως
1300 3419 1437 3489 τοὺς
1490 3424 1735 3479 correxit
1785 3423 2059 3496 Spengel)
2104 3420 2488 3493 παθητικούς,
2544 3418 2676 3489 τοὺς
2730 3415 2778 3478 δ’

531 3501 739 3574 ἄλλους
772 3501 914 3565 καθ’
949 3500 1094 3563 ὅσον
1130 3502 1428 3582 ἐπιβάλλει
1466 3514 1583 3564 τῶν
1620 3505 1901 3566 τοιούτων
1939 3505 2195 3584 ἑκάστῳ,
2245 3507 2346 3565 καὶ
2392 3513 2529 3565 πᾶσι
2582 3504 2774 3580 γίγνε-

531 3591 678 3648 σθαί
709 3611 834 3648 τινα
870 3590 1165 3665 κάθαρσιν
1200 3591 1300 3650 καὶ
1336 3593 1728 3664 κουφίζεσθαι
1765 3587 1904 3663 μεθ’
1941 3587 2159 3665 ἡδονῆς.

705 3683 772 3746 ⁶⁸)
807 3678 1095 3735 Susemihl.
1134 3680 1167 3734 1.
1205 3680 1241 3735 l.
1277 3684 1359 3735 48.
1397 3685 1478 3735 50.
1516 3685 1599 3735 51.
1636 3686 1718 3736 53.
1755 3712 1820 3720 -
1857 3680 1924 3734 Η.
1961 3681 2174 3750 willer,
2210 3680 2404 3736 Jahrb.
2442 3679 2532 3748 CI,
2568 3684 2681 3733 410.

708 3767 776 3834 ⁸⁶)
810 3764 1136 3835 Ueberweg,
1171 3766 1208 3819 1.
1246 3765 1280 3821 l.
1318 3770 1399 3821 59.
1474 3767 1611 3830 „Die
1656 3766 1716 3821 in
1752 3766 1852 3821 der
1885 3763 2204 3837 Anregung
2238 3767 2354 3820 und
2399 3765 2520 3819 dem
2559 3761 2781 3818 Ablauf

530 3852 632 3911 des
669 3849 909 3905 Gerhls
946 3849 1200 3920 liegende
1226 3853 1366 3908 Lust
1402 3851 1627 3908 besteht
1652 3852 1740 3907 bei
1756 3851 1950 3924 jedem
1976 3850 2412 3918 GefflhisInhalt,
2435 3864 2564 3918 mag
2587 3848 2775 3904 dieser

529 3951 601 3989 an
649 3936 767 3991 sich
822 3933 1187 3993 erfreulicher
1236 3937 1372 3994 oder
1423 3936 1801 3994 betriibender
1855 3933 1969 3991 Art
2022 3937 2186 3992 sein.“
2237 3965 2302 3975 ·—
2346 3935 2466 3990 Hoc
2516 3949 2630 3989 non
2685 3939 2775 3988 est

532 4018 955 4077 Aristoteieutn.
1010 4021 1080 4076 cf.
1128 4021 1421 4078 Susemihl.
1471 4024 1504 4078 l.
1541 4023 1575 4076 l.
1613 4027 1695 4076 47.
1734 4026 1815 4076 5¹.
1861 4051 1929 4062 —-
1976 4021 2106 4092 Ipse
2160 4020 2409 4091 Doering
2459 4018 2773 4089 confltetur,

530 4107 563 4161 l.
589 4107 623 4160 l.
656 4112 778 4162 139:
818 4109 926 4170 „Es
963 4106 1111 4164 kann
1146 4109 1423 4178 auffallen,
1459 4109 1592 4163 dass
1629 4106 1972 4163 Aristoteles
2008 4108 2096 4163 bei
2133 4093 2328 4163 seinbn
2364 4104 2625 4174 hliufigen
2655 4105 2773 4160 und

530 4191 916 4260 eingehenden
954 4194 1367 4262 Ernrterungen
1402 4195 1541 4249 iiber
1574 4192 1667 4248 die
1704 4192 1940 4248 Affekte
1975 4193 2092 4247 und
2126 4192 2267 4247 tiber
2301 4192 2403 4246 das
2428 4190 2636 4245 Wesen
2673 4189 2775 4245 der

528 4279 672 4332 Lust
697 4275 855 4333 nicht
877 4276 1016 4335 auch
1041 4293 1237 4334 ausser
1258 4277 1734 4348 Zusammenhang
1759 4279 1858 4333 mit
1879 4278 1982 4333 der
2006 4278 2194 4332 Kunst
2218 4275 2422 4332 duauf
2439 4273 2769 4348 gekommen
