3166 4871
2519 304 2639 365 185

402 475 646 534 tandum
696 477 771 536 sit
817 496 932 536 non
983 477 1057 535 de
1091 478 1356 553 partibus
1388 496 1423 536 a
1457 478 1802 536 Nicostrato
1837 477 1892 535 in
1943 476 2177 537 theatro
2224 479 2375 536 actis
2420 479 2520 536 sed
2567 477 2641 536 de

403 577 736 638 fabularum
794 580 1066 639 versibus
1135 579 1490 656 quibusdam
1549 579 1826 656 gratiosis
1872 580 1994 637 sive
2043 579 2429 656 popularibus
2473 584 2643 639 extra

391 699 640 738 scenam
689 680 763 740 ad
811 682 1009 740 tibiam
1058 681 1434 758 declamatis3
1483 682 1628 741 nihil
1675 681 1858 758 igitur
1904 681 1999 740 hic
2043 681 2210 741 locus
2256 683 2458 741 valere
2501 682 2637 741 mihi

402 781 638 841 videtur
679 782 756 842 ad
790 785 1195 859 quaestionem
1231 783 1412 861 illam,
1457 802 1715 860 quanam
1751 801 2031 842 versuum
2062 784 2641 859 pronuntiandorum

401 884 630 944 ratione
677 890 913 944 actores
959 889 1161 961 graeci
1209 888 1266 945 in
1314 887 1534 946 sabulis
1578 886 1832 963 agendis
1881 886 1969 944 usi
2015 886 2146 944 sint.

571 986 909 1048 Procedere
938 989 1077 1047 mihi
1112 988 1288 1048 liceat
1333 987 1410 1048 ad
1448 987 1631 1048 Polos
1678 994 1737 1047 et
1774 986 2152 1048 Theodorum
2196 988 2637 1065 tragoediarum

400 1093 632 1148 actores
691 1089 849 1149 haud
913 1090 1107 1150 minus
1171 1090 1395 1168 claros;
1458 1109 1664 1150 omnes
1726 1094 1969 1166 praeter
2025 1108 2205 1149 unum
2252 1087 2637 1151 Schaeferum

399 1190 473 1249 dc
537 1209 656 1252 uno
719 1192 867 1252 Polo
931 1193 1245 1270 disputant
1303 1193 1635 1270 eodemque
1684 1193 2105 1252 Demosthenis
2148 1193 2418 1269 aequali3
2478 1199 2639 1252 recte

399 1297 599 1353 monet
657 1294 1012 1356 Schaeserns
1073 1295 1135 1368 (1.
1178 1293 1260 1370 1.),
1321 1295 1530 1355 Polum
1581 1295 1682 1372 qui
1732 1293 2102 1372 significatur
2147 1295 2223 1355 ab
2276 1295 2534 1354 Arriano
2577 1296 2635 1355 in

396 1392 918 1475 ,προτρεπτικαὶ
976 1379 1263 1475 ὁμιλίαιιι
1316 1397 1436 1475 (ap.
1491 1398 1651 1459 Stob.
1704 1398 1828 1457 flor.
1885 1398 1969 1456 111
2024 1415 2080 1473 p.
2129 1401 2248 1458 211
2298 1396 2390 1458 ed.
2440 1396 2639 1470 Mein.)

395 1499 574 1558 alium
640 1518 769 1559 esse
831 1518 902 1559 ac
960 1501 1172 1560 Polum
1232 1520 1267 1558 a
1326 1500 1648 1560 Plutarcho
1711 1502 1765 1559 in
1833 1502 1998 1560 Dem.
2052 1500 2176 1559 vita
2232 1517 2282 1560 c.
2343 1502 2423 1561 28
2479 1486 2638 1561 com-

398 1607 808 1664 memoratum:
854 1604 1039 1662 Polus
1082 1602 1157 1661 ab
1203 1603 1456 1662 Arriano
1500 1607 1861 1662 memoratus
1893 1601 2156 1662 Socratis
2188 1602 2399 1662 diebus
2429 1601 2639 1680 Oedipi

395 1705 634 1780 tyranni
680 1709 741 1764 et
785 1704 1028 1764 Colonei
1078 1708 1278 1781 partes
1323 1704 1469 1764 scite
1517 1704 1643 1781 egit
1687 1703 1860 1778 (Oed.
1908 1703 2032 1764 Col.
2076 1723 2126 1762 a.
2171 1700 2419 1780 402l1):
2476 1704 2637 1765 Stob.

399 1808 432 1865 1.
479 1808 514 1866 l.
568 1805 846 1867 Socrates
904 1808 1197 1866 Archelao
1254 1807 1352 1883 qui
1414 1807 1694 1866 invitavit
1740 1825 1872 1866 enm
1920 1805 2285 1882 divitemque
2331 1825 2463 1865 eum
2510 1807 2640 1867 red-

395 1909 652 1969 diturum
717 1928 781 1970 se
845 1928 977 1970 esse
1038 1909 1307 1985 promisit
1369 1911 1516 1969 haec
1582 1909 1931 1984 respondet:
1986 1943 2067 1951 -—
2123 1892 2283 1986 ῃοὐχ
2326 1889 2487 1989 ὁρᾷς
2531 1896 2638 1968 ὅτι

395 1995 524 2069 οὐκ
578 1998 1053 2088 εὐφωνότεροι·
1110 1996 1268 2069 οὐδὲ
1311 1998 1505 2089 ἣδιον
1550 1997 1589 2068 ὁ
1638 2007 1874 2080 Πῶλος
1917 1999 2041 2069 τὸν
2083 1999 2421 2087 τύραννον
2471 2004 2640 2070 Οἰδί-

394 2107 575 2172 ποδα
633 2101 1036 2192 ὑπεκρίνετο
1097 2100 1135 2192 ἢ
1190 2102 1314 2170 τὸν
1375 2105 1485 2170 ἐπὶ
1532 2110 1833 2191 Κολωνῷ
1882 2096 2132 2192 ἀλήτην
2176 2106 2290 2171 καὶ
2332 2103 2637 2192 πτωχόνς

395 2204 538 2274 εἶτα
586 2210 829 2293 χείρων
888 2201 1140 2274 Πώλου
1186 2198 1223 2273 ὃ
1270 2221 1575 2292 γενναῖος
1624 2200 1795 2293 ἀνὴρ
1841 2220 2171 2290 φανεῖται,
2235 2202 2328 2286 ὡς
2369 2205 2456 2295 μὴ
2498 2212 2640 2275 πᾶν

393 2304 473 2377 τὸ
532 2311 891 2396 περιτεθὲν
953 2311 1028 2377 ἐκ
1098 2315 1224 2377 τοῦ
1289 2312 1639 2396 δαιμονίου
1697 2307 2075 2396 πρόσωπον
2134 2305 2638 2396 ὑποκρίνασθαι

396 2416 644 2497 καλῶς
705 2405 864 2481 οὐδέ
905 2439 975 2500 γε
1018 2410 1144 2481 τὸν
1188 2406 1491 2480 Ὀδυσσέα
1534 2410 1915 2500 μιμήσεται,
1977 2406 2163 2492 ὅστις
2205 2415 2321 2480 καὶ
2364 2413 2440 2481 ἐν
2496 2427 2640 2494 τοῖς

396 2514 664 2603 ῥάκεσιν
722 2509 925 2583 οὐδὲν
986 2531 1175 2603 μεῖον
1247 2518 1605 2602 διέπρεπεν
1658 2510 1698 2603 ἢ
1763 2516 1839 2582 ἐν
1890 2520 1971 2600 τῇ
2037 2507 2205 2600 οὐλῇ
2270 2519 2511 2601 χλαίνῃ
2562 2521 2643 2602 τῇ

395 2621 773 2709 πορφυρᾷ’;
827 2628 1012 2689 Polus
1057 2646 1093 2686 a
1138 2628 1460 2711 Plutarcho
1506 2627 1848 2687 nominatus
1895 2626 2222 2705 discipulus
2250 2627 2451 2713 ‘fuisse
2499 2627 2641 2687 dici-

395 2734 494 2790 tur
555 2731 823 2791 Archiae
880 2732 1160 2797 Thurini,
1239 2729 1665 2791 Demosthenis
1724 2731 2025 2807 aequalis,
2103 2729 2204 2806 qui
2274 2730 2641 2807 aliquamdiu

397 2833 703 2893 histrionis
749 2852 995 2893 munere
1041 2833 1283 2893 functus
1329 2838 1418 2893 est
1465 2833 1647 2907 (Plut.
1694 2833 1730 2892 l.
1764 2834 1798 2892 1.
1849 2829 2150 2909 „Toetov
2193 2831 2525 2905 (Archiam)
2573 2826 2642 2892 δὲ

403 2924 698 3013 θούριον
745 2921 910 2994 ὄντα
953 2933 1053 3013 τῷ
1097 2930 1269 3014 γένει
1324 2925 1526 3013 λόγος
1571 2926 1699 3012 ἔχει
1741 2929 2122 3013 τραγῳδίας
2151 2919 2643 3013 ὖποκρίνεσθαί

395 3053 562 3094 ποτε
609 3030 724 3094 καὶ
765 3026 889 3095 τὸν
935 3024 1309 3116 Αἰγινήτην
1353 3034 1601 3096 Πῶλον
1642 3023 1768 3096 τὸν
1816 3023 2281 3114 ὑπερβαλόντα
2322 3033 2403 3113 τῇ
2444 3030 2643 3113 τέχνῃ

396 3122 658 3208 πάντας
703 3131 966 3198 ἐκείνου
1013 3133 1361 3218 γεγονέναι
1405 3125 1719 3218 μαθητὴν
1772 3130 2199 3217 ἱστοροῦσιν).
2275 3139 2529 3198 Archias
2576 3140 2639 3198 in

399 3258 603 3301 eorum
648 3260 896 3303 numero
937 3242 1061 3320 fuit,
1105 3241 1206 3320 qui
1240 3242 1542 3319 Antipatri
1576 3240 1937 3312 Macedonis,
1987 3241 2082 3300 ubi
2133 3260 2185 3301 a,
2218 3245 2339 3303 322
2372 3241 2642 3302 Athenas

399 3343 661 3423 obsedit,
718 3347 922 3423 partes
977 3345 1164 3405 secuti
1224 3344 1369 3404 viris
1425 3344 1677 3403 Athenis
1733 3343 2003 3422 profugis
2058 3344 2403 3404 institerunt
2456 3347 2515 3404 et
2565 3344 2639 3404 ad

399 3447 782 3523 Antipatrum
837 3465 941 3507 eos
997 3447 1382 3507 reduxerunt.
1489 3446 1743 3507 Uberius
1798 3452 2041 3506 enarrat
2092 3447 2454 3507 Plutarchus
2507 3447 2545 3506 l.
2588 3447 2641 3520 1.‚

401 3549 701 3625 quomodo
764 3551 1219 3609 Demosthenes·
1272 3549 1447 3610 domo
1509 3548 1802 3626 profugus
1862 3549 2119 3609 Archiae
2182 3550 2519 3627 Insequenti
2579 3550 2637 3608 in

398 3652 650 3712 insulam
715 3653 1048 3713 Calauriam
1113 3652 1360 3713 cesserit
1421 3657 1481 3712 et
1537 3653 1598 3711 in
1658 3653 1928 3729 Neptuni
1991 3650 2131 3711 fano
2177 3670 2374 3712 coram
2421 3652 2643 3712 Archia

398 3774 632 3815 veneno
680 3760 926 3816 mortem
973 3756 1082 3815 sibi
1129 3755 1488 3816 consciverit
1542 3754 1643 3827 (cf.
1689 3754 1883 3816 Strab.
1933 3756 2085 3831 374,
2145 3756 2321 3814 Paus.
2367 3755 2413 3832 Ι,
2456 3757 2514 3825 8,
2560 3751 2641 3826 3).

400 3858 774 3936 Quamquam
830 3860 1014 3919 multo
1060 3858 1394 3918 fabularum
1442 3861 1738 3935 apparatu
1787 3862 2094 3916 exstructa
2138 3860 2197 3917 et
2240 3844 2356 3916 fide
2398 3856 2643 3933 indigna

399 3966 540 4021 sunt
592 3981 747 4039 quae
803 3981 837 4020 a
890 3961 1215 4022 Plutarcho
1273 3961 1347 4021 de
1408 3960 1825 4022 Demosthenis
1870 3961 2098 4020 somnio
2144 3964 2204 4019 et
2249 3959 2323 4019 de
2369 3976 2641 4020 sermone

400 4063 555 4124 inter
610 4064 1066 4125 Demosthenem
1131 4068 1188 4124 ot
1247 4063 1529 4124 Archiam
1592 4064 1860 4123 instituto
1920 4063 2281 4140 referuntur,
2338 4066 2533 4122 tamen
2580 4063 2640 4121 in

402 4165 582 4226 dubio
643 4187 758 4228 uon
826 4168 1197 4245 relinquunt,
1256 4168 1534 4226 Archiam
1591 4165 1955 4242 aliquamdiu
2013 4165 2359 4243 tragoedias
2423 4165 2643 4241 egisse:

401 4259 646 4344 ,,ἐδόκει
693 4301 777 4311 --
823 4254 1401 4348 ἀνταγωνίζεσθαι
1444 4266 1543 4347 τῷ
1594 4252 1807 4349 Ἀρχίᾳ
1852 4263 2237 4347 τραγῳδίαν
2283 4254 2641 4344 ὑποκρινό-
