3166 4871
2522 303 2638 365 261

411 479 513 556 qui
573 483 713 539 suut
775 479 848 539 ad
911 478 1030 539 Att.
1081 484 1137 557 6,
1179 484 1325 557 3,1‚
1382 482 1533 541 haec
1590 481 1863 540 adnotat:
1929 479 2306 554 „Archilochi
2373 477 2650 538 videntur

410 600 635 656 versus,
681 601 801 662 quo
832 586 1010 661 poeta
1040 584 1282 660 saepius
1321 585 1508 644 utitur
1538 581 1803 644 Cicero.“
1870 582 1952 643 At
1977 600 2212 661 vereor,
2240 599 2315 642 ne
2347 580 2651 654 audacius,

410 703 588 763 quam
636 686 855 763 verius,
898 685 1013 746 hoc
1057 685 1289 747 dixerit.
1396 687 1520 748 Eae
1578 688 1731 746 enim
1795 704 2063 765 caussae,
2121 702 2273 763 quas
2331 685 2388 744 in
2450 682 2647 744 indice

410 787 569 848 lectt.
600 788 904 865 Marburg.
935 806 1075 849 sem.
1115 788 1233 850 hib.
1267 785 1542 866 1845l46
1574 808 1754 868 pagg.
1787 792 1824 851 9
1855 794 1917 850 et
1950 792 2029 851 10
2071 788 2149 848 ad
2182 784 2644 848 confirmandam

409 907 571 949 suam
627 891 978 952 sententiam
1037 891 1294 971 profert,
1349 911 1464 952 non
1524 893 1723 969 magni
1770 896 1912 952 sunt
1956 891 2255 952 momenti.
2343 890 2543 968 Atque
2586 889 2642 949 in

408 992 522 1052 hoc
567 1010 808 1070 quoque
870 994 1068 1054 nescio
1120 1013 1195 1054 an
1243 995 1564 1073 erraverit,
1619 995 1781 1072 quod
1842 992 2103 1055 affirmat
2159 994 2228 1054 L.
2274 991 2642 1053 Dindorfium

408 1098 571 1155 recte
601 1094 824 1156 vidisse
874 1096 930 1155 in
964 1096 1161 1161 verbis
1191 1096 1310 1157 illis
1355 1097 1428 1157 ad
1464 1098 1585 1159 Att.
1619 1101 1674 1175 5,
1710 1102 1805 1175 12,
1839 1102 1901 1158 1:
1954 1096 2135 1169 „Inde
2166 1095 2430 1172 Gyarum
2463 1111 2645 1154 saevo

406 1202 603 1277 vento,
664 1216 781 1258 non
844 1197 1137 1260 adverso:
1181 1244 1196 1259 .
1245 1245 1256 1257 .
1304 1246 1318 1260 .
1355 1200 1482 1278 jam
1530 1202 1685 1261 nosti
1735 1186 2046 1279 ἄφρακτα
2091 1198 2485 1267 Rhodiorum
2531 1241 2547 1257 .
2587 1240 2599 1253 .

407 1300 610 1378 itaque
671 1305 800 1361 erat
859 1302 916 1361 in
979 1301 1177 1362 animo
1239 1301 1383 1362 nihil
1440 1302 1748 1381 festinare,
1807 1321 1918 1363 nec
1980 1302 2130 1362 Delo
2192 1319 2461 1379 movere,
2533 1298 2644 1359 uisi

406 1404 600 1464 omnia
675 1389 1116 1485 ἀκρωτηρίων
1185 1392 1381 1484 οὔρια
1463 1404 1803 1477 vidissem“,
1876 1405 2225 1466 delitescere
2303 1401 2643 1464 Archilochi

404 1503 613 1582 fragm.
648 1508 752 1568 54:
808 1491 995 1585 Ἀμφὶ
1052 1491 1113 1566 ‹5’
1146 1495 1317 1587 ἄκρα
1363 1503 1651 1588 Γυρέϊον
1706 1507 1841 1580 (Th.
1887 1507 2085 1586 Bergk
2135 1507 2293 1568 vult:
2342 1498 2645 1585 Γυρέων)

1138 1598 1352 1690 ἄκρον
1397 1603 1658 1671 ἵσταται
1703 1602 1909 1687 νέφος

405 1708 601 1792 Σῆμα
640 1709 963 1792 χειμῶνος
997 1761 1007 1771 .
1043 1760 1054 1772 .
1092 1762 1102 1772 .

575 1834 726 1893 Nam
775 1838 835 1894 et
865 1833 1169 1896 Ciceronis
1213 1836 1400 1896 verba
1432 1835 1610 1895 modo
1656 1835 1892 1913 prolata
1938 1840 1997 1893 et
2041 1852 2131 1911 ea,
2174 1850 2330 1910 quae
2376 1829 2524 1890 alias
2569 1828 2643 1890 de

403 1935 766 1995 Archilocho
813 1954 945 1996 eum
994 1936 1215 1997 dixisse
1247 1937 1523 2015 vidimus,
1566 1955 1779 2014 parum
1825 1940 1966 2014 apta
2011 1939 2152 1995 sunt
2196 1933 2269 1994 ad
2318 1933 2470 1992 hauc
2511 1949 2637 1991 sen·

403 2037 649 2095 tentiam
698 2036 1183 2098 confirmandam.
1227 2073 1306 2083 -
1353 2037 1523 2113 Quae
1568 2058 1703 2099 cum
1732 2038 1815 2099 ita
1859 2039 1995 2117 sint,
2039 2036 2404 2098 contendere
2447 2033 2642 2095 audeo

402 2138 747 2199 Ciceronem
809 2140 868 2200 in
929 2140 1272 2200 Archilochi
1334 2142 1698 2202 carminibus
1761 2146 1866 2202 aut
1937 2159 2187 2220 parvum
2251 2142 2357 2199 ant
2415 2137 2637 2198 nullum

402 2239 727 2301 collocasse
780 2243 1073 2321 studium,
1133 2247 1254 2304 tam
1313 2245 1586 2304 eximium
1649 2250 1845 2304 autem
1908 2246 1965 2305 in
2025 2249 2333 2321 poctarum
2393 2258 2640 2301 numero

401 2342 595 2403 locum
644 2343 832 2421 magis
878 2364 951 2405 ex
997 2363 1231 2423 eorum,
1276 2364 1429 2424 quos
1486 2347 1657 2424 sequi
1700 2347 1956 2425 solebat,
2015 2346 2399 2421 auctoritate,
2461 2361 2638 2422 quam

400 2465 474 2506 ex
520 2465 630 2507 sua
673 2446 861 2524 ipsius
907 2450 1250 2527 cognitione
1296 2451 1347 2511 ei
1395 2450 1650 2512 dedisse.
1739 2451 2112 2530 Quamquam
2169 2450 2321 2511 enim
2376 2446 2639 2508 concedo

398 2549 737 2611 Archilochi
798 2570 1009 2613 versus
1067 2571 1276 2630 parum
1337 2553 1588 2615 idoneos
1647 2554 1860 2632 fuisse,
1928 2555 2148 2633 quibus
2209 2554 2292 2613 ita
2353 2555 2641 2626 uteretur,

399 2655 465 2712 ut
508 2653 568 2713 in
613 2652 779 2714 libris
822 2654 1195 2733 philosophis
1240 2659 1300 2716 et
1359 2657 1672 2718 rhetoricis
1714 2658 2019 2735 plerisque
2081 2657 2167 2716 uti
2225 2655 2456 2716 solebat
2498 2671 2640 2731 poe-

397 2761 591 2816 tarum
667 2756 835 2836 locis,
918 2757 1115 2818 tamen
1191 2759 1521 2837 aptissime,
1596 2759 1834 2838 opinor,
1904 2760 2064 2819 huuc
2143 2765 2203 2819 et
2275 2757 2435 2817 illum
2509 2756 2641 2833 ejus

385 2858 657 2935 jambum
702 2859 762 2919 iu
827 2860 1097 2938 epistulis
1155 2860 1231 2920 ad
1291 2861 1553 2922 Atticum
1616 2861 1770 2921 datis
1831 2863 1888 2921 in
1949 2879 2089 2921 suos
2135 2860 2406 2920 inimicos
2452 2861 2639 2917 trans·

398 2959 558 3020 ferre
617 2961 838 3038 potuit,
905 2963 953 3022 si
1016 2963 1356 3023 accuratius
1428 2963 1576 3023 haec
1647 2963 1912 3023 carmina
1981 2960 2271 3021 maledica
2337 2959 2642 3020 habuisset

401 3062 655 3137 cognita.

568 3181 683 3243 Sed
720 3183 846 3260 jam
892 3182 968 3243 ad
1002 3182 1346 3260 Pindarum,
1393 3201 1570 3261 quem
1604 3202 1725 3243 una
1770 3201 1903 3243 cum
1946 3182 2307 3243 Archilocho
2353 3201 2389 3240 a
2433 3185 2637 3242 nostro

398 3285 455 3343 in
504 3289 818 3362 poetarum
864 3286 1237 3364 principibus
1281 3288 1579 3347 numerari
1616 3285 1890 3364 vidimus,
1932 3285 2225 3362 procedat
2268 3285 2477 3345 oratio.
2550 3284 2640 3344 Ac

397 3405 473 3448 ne
538 3388 596 3447 in
646 3388 823 3466 hujus
880 3388 1121 3465 quidem
1178 3389 1538 3450 carminibus
1586 3390 1796 3451 Cicero
1854 3388 2181 3449 studiosius
2225 3386 2464 3448 videtur
2509 3405 2638 3446 ver-

395 3493 561 3550 satus
620 3508 771 3550 esse.
879 3493 1096 3567 Neque
1157 3491 1311 3551 enim
1377 3491 1706 3569 quidquam
1771 3491 1846 3551 de
1906 3494 2037 3552 arte
2099 3491 2230 3569 ejus
2288 3490 2523 3568 poetica
2579 3493 2638 3549 et

394 3610 617 3669 genere
662 3592 901 3654 dicendi
960 3593 1221 3673 profert,
1280 3600 1401 3655 tres
1446 3599 1642 3654 autem
1689 3581 1824 3655 illos
1881 3593 2047 3655 locos
2092 3592 2468 3664 Pindaricos,
2531 3594 2633 3670 qui

394 3694 557 3771 apud
589 3713 720 3756 eum
766 3696 1173 3774 inveniuntur,
1219 3714 1357 3756 num
1406 3716 1480 3758 ex
1511 3697 1658 3774 ipsis
1701 3697 1861 3757 illius
1909 3697 2270 3757 carminibus
2300 3695 2634 3773 sumpserit,

394 3816 511 3858 non
544 3798 689 3857 satis
720 3802 971 3859 constat.
1022 3799 1203 3859 Primi
1231 3800 1387 3859 enim
1419 3798 1515 3873 (fr.
1540 3802 1658 3860 197
1685 3797 1913 3876 Bergk)
1945 3799 2048 3878 qui
2080 3798 2156 3859 ad
2186 3799 2309 3860 Att.
2345 3803 2441 3878 13,
2471 3801 2573 3878 38,
2597 3804 2633 3861 2

391 3900 626 3980 legitur,
655 3899 857 3961 ⁴altera
903 3918 1074 3978 pars:

930 4033 938 4041 ’
1000 4026 1296 4117 πότερον
1346 4031 1498 4120 δίκᾳ
1541 4043 1759 4116 τεῖχος
1809 4023 2022 4116 ὕψιον

1145 4126 1186 4219 ἢ
1232 4137 1530 4212 σκολιαῖς
1575 4124 1865 4213 ἀπάταις

389 4277 561 4335 etiam
609 4296 645 4336 a
688 4278 941 4338 Platone
989 4277 1044 4338 d.
1089 4295 1213 4355 rep.
1249 4281 1304 4351 2,
1335 4280 1374 4339 8
1420 4276 1580 4356 (pag.
1613 4282 1736 4341 365
1768 4277 1857 4353 Β.)
1903 4279 1961 4340 in
2009 4278 2264 4340 medium
2308 4277 2632 4360 profertur,
