3166 4871
476 269 602 331 280

476 444 610 504 sola
642 447 963 504 venustate
1010 449 1112 505 aut
1157 446 1437 505 carminis
1483 449 1585 505 aut
1627 445 1742 505 loci
1771 445 2026 523 alicujus
2060 443 2354 521 jitdicium
2395 442 2564 520 ferat,
2608 443 2711 501 sed

478 547 607 606 fere
652 563 890 624 semper
930 548 1080 607 alias
1124 546 1449 608 admiscere
1493 565 1593 608 res
1631 547 1709 607 ad
1755 552 1939 607 artem
1986 547 2279 624 poeticam
2326 563 2536 623 parum
2581 563 2716 622 per·

477 649 758 709 tinentes.
846 648 1163 723 Quomodo
1209 650 1393 727 igitur
1439 650 1567 709 fieri
1609 649 1833 728 poluit,
1897 653 1962 709 ut
2005 649 2162 708 lianc
2223 646 2712 709 consuetudinem

477 768 550 810 ex
595 751 727 829 ipsa
770 751 990 828 ingenii
1039 753 1169 829 ejus
1217 756 1434 812 natura
1479 757 1744 813 exortam
1790 753 1849 812 in
1898 770 1969 812 eo
2014 750 2334 821 desereret,
2380 750 2484 826 qui
2526 749 2716 826 philo·

477 853 704 930 sophus
765 854 919 913 inter
993 861 1204 932 poetas
1274 854 1562 933 appellari
1624 860 1824 933 potest
1892 846 2190 933 ‘cujusque
2261 852 2717 931 philosophandi

479 957 632 1016 ratio
675 975 791 1016 non
841 956 920 1016 ita
952 957 1126 1017 valde
1160 958 1367 1018 aberat
1409 959 1485 1019 ab
1531 977 1620 1034 ea,
1664 977 1839 1035 quam
1875 976 1949 1019 ex
1996 975 2153 1017 nova
2195 956 2537 1016 academiae
2583 954 2720 1015 doc·

478 1058 640 1118 trina
700 1059 828 1135 ipse
888 1060 1060 1136 sequi
1122 1060 1394 1121 solebat?
1490 1061 1812 1121 Praeterea
1867 1065 2065 1120 autem
2116 1057 2373 1138 judicia,
2429 1075 2585 1134 quae
2645 1056 2719 1117 de

481 1160 770 1240 Euripide
799 1161 1049 1240 profert,
1095 1163 1313 1240 optime
1345 1162 1649 1240 quadrant
1693 1164 1748 1222 in
1796 1162 2152 1223 sententiam
2195 1160 2368 1221 modo
2414 1160 2724 1237 prolatam.

482 1264 656 1342 Nam,
714 1270 780 1324 ut
824 1265 1087 1325 omittam
1134 1265 1500 1326 notissimum
1554 1266 1720 1327 illum
1781 1266 1974 1326 locum
2031 1266 2169 1342 plus
2225 1263 2409 1324 semel
2472 1279 2720 1323 comme-

482 1370 776 1426 moratum
807 1365 903 1440 -(d.
949 1386 1034 1427 or.
1065 1374 1122 1445 3,
1153 1365 1278 1444 27),
1326 1368 1424 1428 ubi
1473 1368 1792 1445 Euripides
1840 1387 1955 1427 una
2004 1386 2135 1427 cum
2168 1366 2469 1442 Aeschylo
2517 1373 2577 1424 ct
2619 1364 2722 1424 So·

481 1467 697 1545 phocle
742 1468 802 1527 in
849 1487 1211 1531 summorum
1244 1469 1535 1531 Graeciae
1579 1472 1945 1548 tragicorum
1995 1488 2243 1531 numero
2273 1467 2553 1545 refertur,
2596 1467 2723 1526 nul·

484 1571 607 1630 lum
666 1572 725 1630 in
794 1572 1092 1632 universis
1152 1572 1459 1634 Ciceronis
1513 1573 1797 1650 operibus
1858 1572 2125 1652 reperire
2180 1572 2342 1649 potui
2410 1568 2725 1649 judicium,

485 1672 649 1751 quod
695 1672 772 1734 ad
819 1674 981 1734 solas
1020 1674 1284 1753 poeticas
1330 1676 1461 1753 ejus
1490 1676 1702 1736 laudes
1747 1676 2067 1753 pertineat.
2152 1675 2412 1735 PrImum
2460 1673 2614 1734 enim
2647 1671 2723 1731 ad

484 1776 619 1836 sam.
655 1780 753 1855 13,
787 1780 880 1848 15,
914 1780 951 1838 2
998 1776 1236 1838 Caesari
1283 1777 1516 1839 scribit:
1580 1777 1876 1851 „Confero
1935 1797 2027 1839 me
2073 1777 2150 1837 ad
2195 1793 2343 1837 vera
2403 1777 2726 1854 praecepta

487 1862 882 1959 Εὖρυπὶδου
913 1890 927 1906 ·

847 1976 1053 2041 Μισαῖ
1105 1972 1450 2063 σοφιστὴν,
1495 1969 1679 2055 ὅστις
1723 1966 1846 2061 οὐχ
1892 1969 2078 2061 αὑτῷ
2122 1970 2331 2058 σοφός
2365 1992 2380 2008 ·

493 2102 672 2162 quem
719 2102 953 2145 versum
1003 2103 1186 2146 senex
1233 2086 1562 2148 Praecilius
1609 2086 1853 2165 egregie
1898 2085 2158 2147 landav*
2257 2084 2489 2145 Deinde
2533 2082 2588 2141 d.
2630 2081 2728 2141 fin.

489 2190 545 2257 2,
598 2189 718 2247 105
764 2186 1055 2248 Lucilium
1103 2189 1349 2249 Balcum
1412 2189 1708 2250 dicentem
1768 2188 1941 2250 facit:
2004 2189 2171 2262 „Nec
2200 2184 2386 2246 male“
2437 2215 2521 2225 —-
2565 2183 2726 2262 quod

489 2288 737 2349 verbum
785 2290 914 2350 sine
950 2288 1127 2352 dubio
1177 2310 1294 2352 non
1341 2293 1416 2352 ad
1457 2296 1852 2371 venustatem,
1895 2290 1999 2352 sed
2045 2291 2119 2350 ad
2166 2290 2477 2350 veritatem
2521 2304 2731 2347 versus

490 2391 651 2453 allati
699 2390 1080 2454 referendum
1128 2399 1219 2456 est
1261 2425 1347 2437 ——
1398 2393 1809 2475 „Euripides“,
1854 2398 1977 2455 tum
2021 2394 2451 2455 sententiarum
2498 2408 2729 2451 conexu

490 2495 781 2571 probatur
823 2496 999 2556 Tusc.
1048 2501 1104 2575 3,
1151 2501 1257 2559 29:
1337 2499 1583 2576 „Itaque
1629 2497 1790 2575 apud
1838 2496 2163 2573 Euripiden
2209 2515 2245 2555 a
2292 2495 2527 2555 Theseo
2572 2492 2733 2553 dicta

491 2595 849 2658 laudantur“
886 2617 1004 2659 non
1037 2600 1241 2678 magis,
1281 2618 1459 2678 quam
1490 2600 1695 2679 priora
1736 2601 1840 2659 illa
1868 2599 2072 2670 verba,
2117 2598 2194 2660 ad
2225 2603 2410 2658 artem
2441 2597 2730 2673 poeticam

494 2699 813 2777 pertinere.
926 2701 1075 2762 Post
1140 2701 1345 2762 eodem
1422 2702 1598 2763 modo
1664 2700 2061 2781 judicandum
2121 2704 2212 2761 est
2275 2698 2351 2760 de
2410 2701 2511 2771 iis,
2577 2716 2733 2775 quae

494 2802 674 2862 Tusc.
713 2806 770 2881 4,
817 2805 896 2864 62
942 2806 1004 2863 et
1051 2808 1131 2867 63
1175 2804 1583 2882 inveniuntur,
1628 2810 1688 2865 et
1732 2804 1807 2865 de
1853 2804 1967 2864 hoc
2012 2805 2146 2865 loco
2182 2804 2307 2881 jam
2354 2820 2539 2880 supra
2580 2820 2735 2861 com·

498 2911 822 2966 memorato
880 2904 980 2980 (ad
1031 2907 1166 2967 fam.
1212 2911 1307 2978 16,
1347 2910 1404 2979 8,
1454 2907 1548 2980 2):
1614 2909 1779 2986 „Ego
1826 2911 1987 2968 certe
2028 2906 2297 2984 singulos
2342 2897 2508 2984 ejus“
2538 2902 2735 2978 (Euri-

496 3005 677 3085 pidis)
727 3026 968 3080 „versus
1004 3010 1402 3093 singulaejtxs
1448 2994 1834 3091 (ἄληθείαςῖ)
1892 3006 2103 3083 Orelli)
2148 3008 2487 3071 testimonia
2530 3005 2729 3085 pnt0.“

498 3111 808 3173 Postremo
857 3112 971 3174 hoc
1017 3131 1261 3191 quoque
1293 3111 1497 3185 (Tusc.
1532 3118 1582 3187 1,
1614 3112 1744 3186 65):
1799 3113 1998 3190 „Ergo
2044 3113 2291 3188 animus,
2333 3115 2399 3170 ut
2443 3128 2556 3186 ego
2587 3108 2738 3180 dico,

495 3212 734 3274 divinus
779 3219 889 3293 est,
934 3218 1002 3275 ut
1031 3215 1351 3292 Euripides
1396 3215 1595 3276 dicere
1635 3214 1833 3293 audet,
1878 3215 2065 3275 deus‘⁴
2114 3214 2302 3291 magis
2332 3213 2405 3273 de
2451 3211 2739 3288 doctrina,

496 3333 674 3393 quam
720 3315 797 3376 de
840 3320 969 3377 arte
1015 3318 1314 3395 Euripidis
1373 3316 1597 3378 dictum
1659 3323 1773 3389 est,
1832 3335 2189 3395 quamquam
2238 3315 2420 3375 verbo
2479 3313 2737 3375 audendi

499 3416 872 3493 significatur
916 3419 1154 3495 poetica
1197 3419 1456 3497 quadam
1502 3419 1758 3481 audacia
1789 3421 1948 3480 hunc
1992 3420 2257 3480 locutum
2304 3436 2451 3479 esse.
2538 3417 2739 3494 Atque

498 3538 859 3597 quamquam
906 3521 1069 3583 haud
1115 3524 1327 3600 ignoro
1372 3524 1489 3584 hoc
1517 3520 1982 3602 philosophandi
2013 3520 2274 3582 studium
2321 3524 2381 3582 et
2422 3520 2578 3580 hanc
2607 3537 2740 3580 sen·

498 3621 818 3682 tentiarum
867 3624 1195 3685 ubertatem
1243 3626 1317 3686 ab
1364 3626 1637 3687 omnibus
1683 3643 1810 3697 esse
1856 3622 2259 3702 respicienda,
2320 3623 2424 3699 qui
2482 3640 2738 3699 aequum

502 3743 571 3783 ac
602 3723 856 3785 solidum
890 3725 965 3786 de
995 3727 1283 3805 Euripide
1317 3728 1547 3803 tragico
1587 3728 1878 3805 judicium
1925 3726 2124 3786 facere
2155 3726 2265 3786 sibi
2299 3725 2743 3804 proposuerint,

501 3832 697 3888 tamen
745 3827 861 3889 alia
924 3829 1054 3907 ejus
1098 3831 1194 3891 vel
1240 3831 1385 3891 vitia
1429 3831 1525 3891 vel
1571 3832 1824 3891 virtutes
1872 3833 2125 3907 exstant,
2169 3847 2324 3906 quae
2371 3846 2490 3888 non
2552 3827 2744 3887 minus

503 3931 785 3991 memoria
814 3930 1000 4008 digna
1043 3937 1199 3993 sunt.
1287 3935 1338 3994 E
1383 3933 1603 4012 quibus
1636 3933 1768 4010 hoc,
1813 3933 1973 4010 quod
2019 3950 2201 4010 saepe
2247 3931 2434 4008 magis
2464 3929 2745 4006 oratorie,

505 4051 681 4111 quam
728 4036 960 4112 poetice
1007 4034 1184 4113 dixit,
1236 4038 1369 4097 sine
1413 4037 1595 4098 dubio
1641 4036 1868 4113 majore
1914 4036 2084 4095 etiam
2150 4034 2279 4112 ejus
2338 4032 2536 4092 studio
2582 4032 2744 4092 Cice-

505 4154 707 4197 ronem
741 4138 1157 4217 inflammavit3
1202 4139 1362 4216 quod
1409 4144 1609 4199 autem
1641 4156 1948 4215 nunquam
1981 4136 2095 4197 hac
2140 4136 2214 4196 de
2257 4153 2325 4195 re
2354 4134 2545 4195 verba
2587 4132 2745 4211 fecit,

508 4256 581 4299 ex
614 4259 684 4301 eo
731 4240 982 4304 fortasse
1013 4241 1425 4319 explicandum
1475 4245 1582 4318 est,
1626 4240 1786 4319 quod
1821 4240 1935 4301 hoc
1980 4238 2217 4300 dicendi
2260 4254 2453 4316 genus
2483 4235 2741 4297 omnium
