3166 4871
59 3025 66 3040 -
56 2945 66 2980 -ι

1174 1406 1396 1508 caput
1450 1410 1762 1507 primum.

420 1583 455 1653 ἓ
491 1588 542 1642 1.
610 1584 710 1639 De
755 1584 1135 1653 proverbiis
1182 1588 1253 1640 et
1298 1584 1714 1651 quibusdam
1761 1583 2209 1653 comparandi
2255 1584 2514 1638 formis.

519 1720 803 1780 Homines
847 1721 1114 1797 plebeios
1159 1722 1218 1781 in
1266 1722 1641 1781 sermonibus
1690 1740 1806 1781 non
1856 1723 2045 1779 minus
2092 1721 2364 1779 manibus
2410 1739 2590 1795 quam

350 1840 497 1881 voce
542 1821 685 1898 quid
719 1824 983 1883 sentiant
1013 1825 1346 1900 exprimere
1377 1825 1749 1883 notissimum
1793 1830 1898 1882 est.
1988 1823 2186 1881 omnia
2216 1821 2391 1897 enim,
2435 1841 2593 1899 quae

350 1924 583 2000 dicunt,
653 1925 825 1984 simul
893 1926 1438 1985 vehementioribus
1505 1926 1761 1984 motibus
1829 1926 2219 2001 gestibusque
2289 1925 2597 2001 explicant

350 2030 530 2102 atque
577 2026 891 2086 illustrant.
978 2027 1085 2086 sed
1131 2027 1280 2086 haec
1326 2026 1512 2086 maior
1559 2027 1794 2086 dicendi
1852 2026 2131 2085 alacritas
2176 2028 2352 2086 etiam
2399 2028 2596 2087 verbis

347 2128 493 2205 ipsis
547 2127 949 2211 diversissimo
1007 2129 1182 2188 modo
1243 2129 1556 2189 indicatur.
1645 2130 1952 2207 popularis
2011 2131 2166 2188 enim
2227 2128 2419 2189 oratio
2473 2131 2598 2188 vult

351 2229 586 2289 turbam
630 2236 689 2289 et
732 2232 1110 2290 inconsultas
1155 2248 1343 2290 aures
1390 2233 1611 2306 impetu
1660 2248 1904 2306 rapere,
1953 2232 2344 2291 tractandam
2384 2248 2450 2291 se
2477 2249 2599 2291 nou

347 2334 623 2406 praebet,
668 2334 953 2408 aufertur
998 2332 1159 2405 (Sen.
1205 2353 1298 2412 ep.
1341 2336 1444 2410 40,
1488 2332 1573 2406 4).

524 2437 613 2496 Ac
677 2438 930 2514 primum
998 2438 1236 2516 quidem
1306 2438 1576 2499 homines
1652 2438 1846 2498 minus
1919 2438 2138 2498 eruditi
2210 2438 2272 2498 id
2347 2439 2600 2498 maxime

355 2558 596 2617 operam
645 2539 823 2617 dant,
885 2546 950 2599 ut
995 2542 1309 2618 perspicue
1371 2559 1441 2599 ac
1503 2539 1763 2599 dilucide
1810 2540 2153 2617 loquantur.
2242 2560 2428 2617 quare
2474 2558 2600 2600 sae-

354 2642 595 2718 pissime
656 2643 843 2702 verba
902 2644 1186 2719 exemplis
1240 2643 1546 2703 illustrare
1608 2642 1886 2720 student,
1945 2643 2205 2720 ideoque
2265 2644 2601 2719 proverbiis

355 2751 416 2804 et
458 2745 936 2821 proverbialibus
996 2745 1359 2805 dictionibus
1418 2763 1725 2805 sermones
1771 2745 2072 2823 explicant
2117 2751 2177 2806 et
2223 2751 2456 2806 ornant.
2502 2744 2604 2818 (cs.

355 2846 642 2906 Schefferi
705 2846 937 2906 dissert.
1002 2848 1075 2906 de
1139 2847 1351 2924 fragm.
1412 2849 1676 2923 'Pl-agur.
1738 2848 1799 2906 in
1864 2846 2003 2906 edit.
2067 2845 2293 2906 Burm.²
2337 2849 2392 2906 11
2441 2847 2606 2918 396).

355 2948 557 3023 itaque
605 2947 936 3006 mirandum
984 2966 1101 3006 non
1150 2956 1238 3006 est
1283 2950 1341 3006 in
1388 2949 1459 3007 iis
1504 2948 1636 3007 libri
1677 2948 2022 3007 Petroniani
2056 2948 2341 3025 partibus,
2387 2948 2606 3025 quibus

357 3054 569 3107 auctor
614 3048 922 3108 libertinos
966 3050 1236 3126 aliosque
1298 3049 1566 3109 homines
1614 3050 1870 3109 rusticos
1915 3049 2434 3125 loquentes-facit,
2480 3069 2604 3109 sae-

358 3151 599 3226 pissime
644 3152 902 3210 inveniri
932 3151 1252 3229 proverbia
1285 3152 1738 3228 sententiasque
1771 3169 2136 3211 communes.
2221 3170 2377 3229 quae
2408 3156 2605 3211 tamen

359 3253 456 3313 hic
517 3271 868 3313 enumerare
932 3273 1048 3313 non
1106 3271 1259 3329 opus
1316 3255 1457 3330 erit,
1518 3254 1864 3330 praesertim
1926 3271 2060 3311 cum
2120 3253 2411 3313 studerus
2473 3255 2511 3313 l.
2556 3272 2604 3312 c.

360 3357 543 3415 multa
588 3356 927 3435 collegerit,
987 3375 1329 3433 quanquam
1378 3357 1463 3415 eis
1509 3376 1630 3416 non
1677 3374 1873 3434 pauca
1919 3356 2055 3415 addi
2100 3361 2372 3432 possunt.
2459 3357 2609 3416 haec

359 3465 527 3519 tanta
586 3460 1032 3536 proverbiorum
1099 3461 1274 3536 copia
1329 3460 1501 3518 etiam
1565 3460 1624 3517 in
1686 3458 1817 3518 aliis
1874 3458 2115 3536 scriptis
2162 3460 2489 3530 invenitur,
2544 3458 2606 3518 in

360 3562 580 3638 quibus
641 3561 974 3622 cotidianus
1036 3562 1130 3620 vel
1191 3562 1461 3640 vulgaris
1520 3561 1761 3622 dicendi
1824 3579 1969 3622 usus
2027 3561 2379 3633 adhibetur,
2441 3562 2612 3622 velut

359 3664 519 3741 apud
566 3671 777 3740 poetas
824 3665 1082 3724 comicos
1128 3671 1188 3724 et
1231 3666 1290 3725 in
1338 3664 1627 3724 Varronis
1683 3665 1881 3724 satiris
1927 3665 2261 3741 Menippeis
2307 3662 2407 3739 (cf.
2452 3684 2608 3742 quae

363 3766 769 3826 Buechelerus
834 3767 1074 3843 collegit
1134 3768 1193 3826 iu
1253 3768 1478 3827 minore
1540 3766 1678 3827 edit..
1733 3767 1974 3825 Petron.
2029 3785 2081 3825 a.
2132 3770 2289 3827 1871
2353 3787 2410 3843 p.
2456 3764 2607 3838 239)

362 3874 423 3928 et
475 3869 534 3928 in
590 3869 851 3928 Senecae
910 3869 1459 3946 Apocolocynthosi
1503 3867 1566 3942 (l.
1613 3889 1661 3928 c.
1707 3888 1761 3946 p.
1806 3866 1976 3940 242).
2065 3877 2206 3928 sunt
2263 3870 2416 3928 enim
2477 3889 2609 3946 pro-

363 3972 601 4048 verbia,
656 3976 720 4030 ut
783 3970 1035 4031 Beckius
1094 3969 1182 4044 (iu
1244 3971 1397 4031 libro
1459 3990 1566 4030 suo
1614 3976 1904 4031 accurato
1951 3971 2227 4048 quidem,
2285 3970 2390 4030 sed
2438 3973 2610 4029 nimis

361 4073 648 4133 verboso:
695 4072 825 4132 The
869 4091 982 4149 age
1029 4073 1098 4131 of
1130 4075 1443 4133 Petronius
1472 4073 1733 4132 Arbiter.
1763 4071 2121 4150 Cambridge
2157 4075 2326 4133 1856
2374 4091 2430 4148 p.
2466 4073 2609 4142 131)

363 4180 524 4234 recte
586 4175 754 4250 dieit,
816 4174 910 4233 the
970 4175 1232 4233 vehicles
1291 4175 1370 4247 of
1413 4176 1683 4249 popular
1737 4175 2007 4249 feeling,
2073 4176 2431 4247 experience
2491 4175 2619 4232 (md

363 4277 630 4335 misdom.

2111 4391 2211 4443 20*
