3166 4871
2567 331 2644 394 19

411 512 571 569 teros
619 525 859 585 quoque
891 507 1153 567 Graecos
1198 507 1460 568 doricam
1504 508 1980 568 terminationem
2010 508 2069 568 in
2102 524 2215 568 usu
2248 507 2455 585 fuisse,
2481 504 2648 568 ideo·

413 628 531 688 que
589 611 669 688 is,
729 610 831 688 qui
887 610 1198 670 oraculum
1255 608 1405 670 illud
1450 610 1807 689 composuit,
1866 627 1932 669 re
1976 626 2122 671 vera
2164 594 2497 690 Ἰθωμάτᾳ
2546 603 2650 669 Διὶ

410 713 653 774 videtur
700 711 1022 788 scripsisse.

581 814 774 874 Venio
822 831 981 873 nunc
1027 813 1104 874 ad
1149 832 1278 874 eam
1324 814 1739 892 quaestionem
1768 818 1970 875 utrum
2001 814 2133 875 sola
2160 814 2334 892 epioa
2361 832 2438 874 an
2463 814 2648 874 etiam

413 918 593 977 attica
646 917 943 976 dialectus
998 916 1057 975 in
1112 916 1373 977 oraculis
1418 920 1709 993 usurpata
1753 918 1845 976 sit.
1929 917 2086 978 Nam
2132 916 2294 976 haud
2338 916 2549 995 paucis
2592 917 2651 977 in

412 1020 669 1080 oraculis
712 1017 923 1079 atticas
966 1017 1193 1080 formas
1237 1019 1511 1097 inveniri,
1554 1036 1712 1079 unus
1757 1019 2012 1095 quisque
2054 1019 2160 1097 qui
2203 1036 2277 1079 ea
2318 1018 2535 1096 legerit
2561 1019 2649 1080 fa-

412 1122 631 1181 cillime
682 1120 792 1180 sibi
852 1121 1254 1198 persuadebit.
1338 1122 1433 1182 De
1484 1122 1570 1181 eis
1630 1119 1769 1181 mihi
1830 1122 1917 1181 sic
1961 1120 2200 1182 videtur
2239 1120 2651 1182 iudicandum:

415 1225 474 1283 in
532 1223 790 1283 oraculis
849 1240 1009 1300 quae
1068 1223 1334 1299 genuina
1374 1223 1647 1301 putanda
1689 1226 1830 1283 sunt
1873 1226 1934 1283 et
1977 1242 2016 1283 a
2056 1221 2472 1284 sacerdotibus
2516 1223 2653 1284 Del-

412 1325 604 1405 phicis
649 1325 953 1403 confecta,
1006 1324 1154 1386 nihil
1199 1342 1415 1385 causae
1458 1324 1573 1386 fuit
1617 1344 1725 1385 cur
1770 1326 1856 1385 illi
1901 1326 2114 1386 atticas
2155 1323 2380 1387 formas
2423 1327 2486 1385 in
2530 1326 2651 1404 epi-

413 1446 542 1487 cam
591 1427 907 1488 dialectum
956 1428 1374 1488 immiscerent:
1432 1429 1638 1504 itaque
1682 1446 1756 1488 ex
1801 1428 1894 1488 his
1937 1429 2065 1487 sine
2109 1427 2236 1488 ulla
2280 1427 2652 1489 dubitatione

413 1547 519 1593 eae
563 1529 963 1591 removendae
1009 1534 1168 1591 sunt.
1256 1531 1316 1592 Si
1360 1529 1675 1590 subditicia
1719 1516 2004 1591 videntur
2047 1530 2306 1609 oracula,
2350 1530 2454 1590 sed
2485 1529 2651 1607 apud

410 1630 558 1692 alios
624 1635 807 1708 atque
850 1631 1080 1692 Atticos
1133 1631 1437 1709 confecta,
1502 1632 1912 1709 quaerendum
1973 1636 2066 1692 est
2125 1649 2268 1692 num
2311 1633 2652 1708 antiquiore

411 1736 607 1793 aetate
663 1738 794 1794 orta
859 1734 979 1793 sint
1038 1738 1223 1810 atque
1281 1733 1612 1812 prudenter
1677 1739 1739 1795 et
1793 1735 1870 1794 ad
1932 1752 2200 1795 normam
2255 1734 2649 1811 genniuorum

411 1836 771 1913 composita:
821 1835 993 1895 etiam
1054 1854 1129 1896 ex
1183 1837 1269 1896 eis
1328 1837 1543 1897 atticae
1588 1836 1822 1897 dialecti
1868 1837 2098 1896 formae
2141 1836 2449 1897 eiciendae
2494 1840 2652 1897 sunt.

410 1938 486 1998 Et
529 1956 595 1997 re
638 1956 787 1997 vera
832 1937 1017 1998 multa
1060 1956 1266 1998 eorum
1319 1940 1721 2017 oraculorum,
1765 1940 1826 1999 in
1872 1939 2091 2016 quibus
2134 1938 2317 1999 attica
2361 1937 2652 2000 dialectus

412 2040 740 2116 invenitur,
797 2059 871 2099 ex
930 2042 1131 2117 priore
1188 2040 1379 2101 forma
1435 2042 1607 2119 epica
1664 2044 1949 2118 corrupta
2007 2058 2164 2120 esse,
2222 2040 2385 2101 haud
2439 2040 2649 2118 paucis

412 2142 699 2220 exemplis
745 2142 1183 2219 comprobatur.
1268 2142 1449 2221 Apud
1495 2142 1868 2203 Herodotum
1914 2142 1944 2203 1
1988 2139 2071 2201 66
2117 2142 2233 2203 hoc
2278 2145 2478 2203 exstat
2519 2160 2649 2202 ora·

414 2245 650 2305 culum:

564 2331 909 2427 Άρκαδίην
950 2332 1016 2425 μ’
1060 2342 1295 2419 αἰτεῑς;
1337 2342 1507 2426 μέγα
1547 2333 1614 2425 μ’
1659 2342 1863 2418 αἰτεῖς
1909 2360 1922 2375 ·
1970 2334 2053 2406 οὔ
2097 2364 2204 2407 τοι
2247 2338 2464 2408 δώσω.

580 2445 828 2510 πολλοὶ
873 2443 946 2508 ἐν
976 2434 1274 2528 Ἀρκαδίῃ
1316 2440 1785 2530 βαλανηφάγοι
1830 2437 2066 2531 ἄνδρες
2112 2442 2317 2524 ἔασιν,

581 2545 655 2611 οῗ
692 2537 750 2611 o'
795 2533 1363 2612 ἀποκωλύσουσιν
1411 2566 1424 2579 ·
1470 2543 1606 2632 ἐγώ
1649 2547 1725 2612 δέ
1764 2570 1870 2613 τοι
1915 2539 2064 2612 οὔτι
2107 2547 2417 2632 μεγαίρω.

574 2643 785 2713 ’δώσω
828 2671 935 2713 τοι
986 2649 1226 2735 Τεγέην
1268 2650 1730 2735 ποσσίκροτον
1773 2640 2190 2735 ὀρχήσασθαι

583 2751 696 2815 καὶ
740 2746 952 2815 καλὸν
997 2752 1237 2816 πεδίον
1282 2753 1534 2836 σχοίνῳ
1579 2747 2168 2839 διαμετρήσασθαι.

412 2859 571 2919 Idem
637 2857 812 2919 ctiam
870 2858 1175 2921 Diodorus
1224 2858 1333 2933 [IX
1380 2857 1488 2933 53]
1550 2861 1843 2938 servavit,
1919 2859 2023 2919 sed
2092 2877 2201 2938 pro
2238 2843 2535 2938 Ἀρκαδίῃ
2596 2865 2658 2919 et

422 2954 658 3039 Τεγέην
724 2961 937 3021 atticas
990 2961 1215 3021 formas
1256 2947 1554 3043 Ἀρκαδίᾳ
1617 2965 1678 3022 et
1742 2955 1987 3040 Τεγέαν
2037 2960 2302 3039 scripsit:
2376 2961 2435 3020 id
2491 2962 2651 3038 qnod

416 3063 594 3122 etiam
657 3064 717 3122 in
778 3064 864 3123 eis
921 3064 1220 3143 versibus,
1278 3064 1381 3140 qui
1423 3066 1586 3143 apud
1632 3063 2001 3125 Herodotum
2056 3066 2390 3140 sequuntur
2435 3062 2487 3131 [1
2530 3058 2657 3139 67],

411 3163 696 3225 occurrit.
781 3165 850 3224 In
912 3184 1090 3227 versu
1137 3159 1471 3245 notissimo,
1515 3184 1694 3244 quem
1740 3166 1961 3227 Croeso
2009 3164 2226 3242 Pythia
2268 3163 2648 3240 respondisse

411 3265 610 3327 fertur
661 3258 830 3348 [Her.
875 3268 902 3327 1
948 3259 1057 3350 85]
1364 3337 1369 3344 .

616 3358 705 3448 μὴ
749 3357 998 3441 βούλευ
1041 3360 1478 3430 πολύευκτον
1521 3360 1631 3450 ἰὴν
1676 3355 1806 3429 ἀνὰ
1849 3353 2101 3448 δώματ’
2146 3356 2444 3441 ἀκούειν,

413 3477 473 3532 ct
523 3471 685 3548 apud
717 3472 1042 3533 Diodorum
1092 3471 1202 3546 [IX
1235 3464 1344 3554 47]
1390 3479 1450 3535 et
1492 3472 1551 3534 in
1601 3474 1952 3551 anthologia
1979 3472 2254 3532 Palatina
2299 3469 2383 3545 [11
2411 3491 2469 3550 p.
2501 3465 2651 3542 569]

412 3573 630 3652 legitur
689 3563 968 3648 βούλου,
1026 3574 1331 3636 Diodorus
1391 3577 1566 3636 etiam
1627 3566 1739 3635 ίάν
1799 3593 1909 3654 pro
1954 3562 2061 3654 ίήν
2120 3573 2319 3636 tradit.
2405 3573 2474 3633 In
2538 3572 2653 3632 hoc

417 3676 662 3736 oraculo

615 3768 849 3856 ἔκγονε
895 3769 1224 3858 Μιλήτου,
1267 3774 1589 3858 τρίποδος
1631 3774 1786 3858 πέρι
1833 3778 2092 3853 Φοῖβον
2135 3771 2390 3860 ἐρωτᾷς
2436 3791 2449 3803 ·

519 3872 532 3885 ‘
615 3866 695 3950 ὃς
739 3875 943 3958 σοφίῃ
987 3871 1272 3941 πάντων
1315 3880 1608 3959 πρῶτος,
1649 3871 1904 3941 τούτου
1947 3865 2213 3960 τρίποδ’
2258 3865 2444 3940 αὐδῶ

414 4000 522 4059 pro
571 3977 794 4060 σοφίῃ,
841 4002 996 4060 quae
1041 3983 1217 4046 lectio
1278 3990 1371 4045 est
1421 3985 1729 4063 Aristoph.
1787 3985 1974 4046 schol.
2036 3984 2192 4044 Plut.
2237 3980 2276 4040 9
2338 3988 2399 4043 et
2455 3982 2656 4043 Laert.
2751 4001 2760 4009 ·

414 4084 586 4162 Diog.
620 4086 647 4144 I
700 4084 752 4162 1,
781 4081 881 4145 28.
925 4086 1085 4165 apud
1116 4086 1445 4149 Diodorum
1495 4085 1607 4160 [IX
1638 4084 1705 4161 6]
1737 4086 1973 4148 invenis
2003 4080 2225 4168 σοφίᾳ.
2293 4072 2656 4162 ωΔιονύσῳ
2699 4171 2704 4177 .

412 4183 663 4264 χρῆσθε
729 4181 987 4268 ἰατρῴ“
1046 4190 1323 4267 Pythiam
1384 4189 1850 4253 Atheniensibus
1911 4188 2295 4267 respondisse
2355 4186 2656 4248 Eusebius

418 4295 621 4349 narrat
667 4288 784 4373 [pr.
815 4307 907 4353 ev.
937 4292 990 4351 V
1037 4289 1179 4368 301:
1223 4296 1448 4353 rectam
1492 4293 1743 4354 formam
1775 4286 1986 4374 ἰητρῷ
2017 4288 2657 4352 servavit-,Athenaeus

560 4406 565 4410 .
2287 4401 2353 4459 2,
