<?xml version="1.0" encoding="UTF-8"?>
<!DOCTYPE html PUBLIC "-//W3C//DTD XHTML 1.0 Transitional//EN"
    "http://www.w3.org/TR/xhtml1/DTD/xhtml1-transitional.dtd">
<html xmlns="http://www.w3.org/1999/xhtml" xml:lang="en" lang="en">
 <head>
  <title>
</title>
<meta http-equiv="Content-Type" content="text/html;charset=utf-8" />
  <meta name='ocr-system' content='tesseract 3.04.00' />
  <meta name='ocr-capabilities' content='ocr_page ocr_carea ocr_par ocr_line ocrx_word'/>
</head>
<body>
  <div class='ocr_page' id='page_1' title='image "./dissertationesp00hallgoog_0085.png"; bbox 0 0 3166 4871; ppageno 0'>
   <div class='ocr_carea' id='block_1_1' title="bbox 958 288 2545 360">
    <p class='ocr_par' dir='ltr' id='par_1_1' title="bbox 958 288 2545 360">
     <span class='ocr_line' id='line_1_1' title="bbox 958 288 2545 360; baseline 0.003 -19"><span class='ocrx_word' id='word_1_1' title='bbox 958 288 1043 343; x_wconf 89' lang='lat' dir='ltr'><strong>De</strong></span> <span class='ocrx_word' id='word_1_2' title='bbox 1079 288 1283 344; x_wconf 78' lang='lat' dir='ltr'><strong>nomin.</strong></span> <span class='ocrx_word' id='word_1_3' title='bbox 1317 288 1377 343; x_wconf 86' lang='lat' dir='ltr'><strong>in</strong></span> <span class='ocrx_word' id='word_1_4' title='bbox 1412 304 1576 354; x_wconf 80' lang='grc' dir='ltr'><em>-αιος,</em></span> <span class='ocrx_word' id='word_1_5' title='bbox 1644 289 1680 360; x_wconf 68' lang='grc' dir='ltr'><strong>ξ</strong></span> <span class='ocrx_word' id='word_1_6' title='bbox 1717 294 1793 344; x_wconf 83' lang='grc'><strong>19.</strong></span> <span class='ocrx_word' id='word_1_7' title='bbox 2462 294 2545 356; x_wconf 76' lang='grc'><strong>65</strong></span> 
     </span>
    </p>
   </div>
   <div class='ocr_carea' id='block_1_2' title="bbox 297 464 2550 1470">
    <p class='ocr_par' dir='ltr' id='par_1_2' title="bbox 297 464 2548 751">
     <span class='ocr_line' id='line_1_2' title="bbox 298 464 2545 553; baseline 0.001 -26"><span class='ocrx_word' id='word_1_8' title='bbox 298 468 663 529; x_wconf 79' lang='lat' dir='ltr'><strong>vocabulum</strong></span> <span class='ocrx_word' id='word_1_9' title='bbox 708 468 997 528; x_wconf 75' lang='lat' dir='ltr'><strong>aeolicum</strong></span> <span class='ocrx_word' id='word_1_10' title='bbox 1043 484 1199 545; x_wconf 86' lang='lat' dir='ltr'><strong>esse,</strong></span> <span class='ocrx_word' id='word_1_11' title='bbox 1252 485 1435 546; x_wconf 76' lang='lat' dir='ltr'><strong>snpra</strong></span> <span class='ocrx_word' id='word_1_12' title='bbox 1481 487 1537 544; x_wconf 88' lang='lat' dir='ltr'><strong>p.</strong></span> <span class='ocrx_word' id='word_1_13' title='bbox 1568 464 1650 526; x_wconf 81' lang='lat'><strong>26</strong></span> <span class='ocrx_word' id='word_1_14' title='bbox 1698 469 2256 553; x_wconf 84' lang='lat' dir='ltr'><strong>demonstravimus.</strong></span> <span class='ocrx_word' id='word_1_15' title='bbox 2340 469 2391 528; x_wconf 71' lang='lat' dir='ltr'><em>f</em></span> <span class='ocrx_word' id='word_1_16' title='bbox 2426 488 2545 531; x_wconf 87' lang='lat' dir='ltr'><strong>non</strong></span> 
     </span>
     <span class='ocr_line' id='line_1_3' title="bbox 297 562 2548 667; baseline 0.002 -38"><span class='ocrx_word' id='word_1_17' title='bbox 297 570 358 629; x_wconf 92' lang='lat' dir='ltr'><strong>in</strong></span> <span class='ocrx_word' id='word_1_18' title='bbox 404 588 447 629; x_wconf 86' lang='grc' dir='ltr'><strong><em>υ</em></strong></span> <span class='ocrx_word' id='word_1_19' title='bbox 502 575 793 631; x_wconf 81' lang='lat' dir='ltr'><strong>mutatum</strong></span> <span class='ocrx_word' id='word_1_20' title='bbox 851 577 1099 667; x_wconf 82' lang='lat' dir='ltr'><strong>propter</strong></span> <span class='ocrx_word' id='word_1_21' title='bbox 1159 588 1421 647; x_wconf 88' lang='lat' dir='ltr'><strong>sequens</strong></span> <span class='ocrx_word' id='word_1_22' title='bbox 1466 589 1516 648; x_wconf 91' lang='grc' dir='ltr'><strong>ι,</strong></span> <span class='ocrx_word' id='word_1_23' title='bbox 1574 577 1641 631; x_wconf 84' lang='lat' dir='ltr'><strong>ut</strong></span> <span class='ocrx_word' id='word_1_24' title='bbox 1690 572 1750 630; x_wconf 90' lang='lat' dir='ltr'><strong>in</strong></span> <span class='ocrx_word' id='word_1_25' title='bbox 1797 562 1924 653; x_wconf 81' lang='grc' dir='ltr'><strong>βρᾴ</strong></span> <span class='ocrx_word' id='word_1_26' title='bbox 1984 574 2045 632; x_wconf 84' lang='lat' dir='ltr'><strong>et</strong></span> <span class='ocrx_word' id='word_1_27' title='bbox 2085 564 2414 648; x_wconf 72' lang='grc' dir='ltr'><em>βραΐὸιος,</em></span> <span class='ocrx_word' id='word_1_28' title='bbox 2472 572 2548 633; x_wconf 88' lang='lat' dir='ltr'><strong>de</strong></span> 
     </span>
     <span class='ocr_line' id='line_1_4' title="bbox 304 672 1279 751; baseline 0 -18"><span class='ocrx_word' id='word_1_29' title='bbox 304 673 521 749; x_wconf 80' lang='lat' dir='ltr'><strong>quibus</strong></span> <span class='ocrx_word' id='word_1_30' title='bbox 566 672 770 749; x_wconf 87' lang='lat' dir='ltr'><strong>paullo</strong></span> <span class='ocrx_word' id='word_1_31' title='bbox 816 674 973 733; x_wconf 75' lang='lat' dir='ltr'><strong>inira</strong></span> <span class='ocrx_word' id='word_1_32' title='bbox 1016 691 1279 751; x_wconf 85' lang='lat' dir='ltr'><strong>agemus.</strong></span> 
     </span>
    </p>

    <p class='ocr_par' dir='ltr' id='par_1_3' title="bbox 300 768 2550 1470">
     <span class='ocr_line' id='line_1_5' title="bbox 470 768 2548 854; baseline -0 -18"><span class='ocrx_word' id='word_1_33' title='bbox 470 768 582 836; x_wconf 83' lang='grc'><strong>19.</strong></span> <span class='ocrx_word' id='word_1_34' title='bbox 670 782 903 853; x_wconf 83' lang='grc' dir='ltr'><em>γραῖα</em></span> <span class='ocrx_word' id='word_1_35' title='bbox 962 777 1109 853; x_wconf 87' lang='lat' dir='ltr'><strong>quin</strong></span> <span class='ocrx_word' id='word_1_36' title='bbox 1162 794 1236 836; x_wconf 82' lang='lat' dir='ltr'><strong>ex</strong></span> <span class='ocrx_word' id='word_1_37' title='bbox 1293 776 1503 837; x_wconf 85' lang='lat' dir='ltr'><strong>eodem</strong></span> <span class='ocrx_word' id='word_1_38' title='bbox 1559 775 1730 836; x_wconf 82' lang='lat' dir='ltr'><strong>fonte</strong></span> <span class='ocrx_word' id='word_1_39' title='bbox 1789 776 2030 836; x_wconf 78' lang='lat' dir='ltr'><strong>fluxerit</strong></span> <span class='ocrx_word' id='word_1_40' title='bbox 2088 781 2272 853; x_wconf 83' lang='lat' dir='ltr'><strong>atquo</strong></span> <span class='ocrx_word' id='word_1_41' title='bbox 2333 770 2548 854; x_wconf 77' lang='grc' dir='ltr'><em>γέρων</em></span> 
     </span>
     <span class='ocr_line' id='line_1_6' title="bbox 301 867 2547 959; baseline 0.001 -22"><span class='ocrx_word' id='word_1_42' title='bbox 301 867 587 957; x_wconf 81' lang='grc' dir='ltr'><em>γεραιός,</em></span> <span class='ocrx_word' id='word_1_43' title='bbox 634 875 860 957; x_wconf 80' lang='grc' dir='ltr'><em>γῆρας,</em></span> <span class='ocrx_word' id='word_1_44' title='bbox 906 867 1246 959; x_wconf 76' lang='grc' dir='ltr'><em>γηράσκω,</em></span> <span class='ocrx_word' id='word_1_45' title='bbox 1292 875 1528 956; x_wconf 81' lang='grc' dir='ltr'><em>γραῦς,</em></span> <span class='ocrx_word' id='word_1_46' title='bbox 1574 898 1748 939; x_wconf 85' lang='lat' dir='ltr'><strong>nemo</strong></span> <span class='ocrx_word' id='word_1_47' title='bbox 1794 878 1990 939; x_wconf 80' lang='lat' dir='ltr'><strong>adhuc</strong></span> <span class='ocrx_word' id='word_1_48' title='bbox 2036 879 2349 939; x_wconf 83' lang='lat' dir='ltr'><strong>dubitavit.</strong></span> <span class='ocrx_word' id='word_1_49' title='bbox 2435 881 2547 939; x_wconf 86' lang='lat' dir='ltr'><strong>Ita-</strong></span> 
     </span>
     <span class='ocr_line' id='line_1_7' title="bbox 300 980 2549 1058; baseline 0 -17"><span class='ocrx_word' id='word_1_50' title='bbox 300 999 418 1058; x_wconf 84' lang='lat' dir='ltr'><strong>que</strong></span> <span class='ocrx_word' id='word_1_51' title='bbox 464 980 542 1040; x_wconf 86' lang='lat' dir='ltr'><strong>de</strong></span> <span class='ocrx_word' id='word_1_52' title='bbox 586 981 789 1041; x_wconf 85' lang='lat' dir='ltr'><strong>radice</strong></span> <span class='ocrx_word' id='word_1_53' title='bbox 832 985 1091 1056; x_wconf 85' lang='lat' dir='ltr'><strong>constat,</strong></span> <span class='ocrx_word' id='word_1_54' title='bbox 1150 1000 1309 1058; x_wconf 88' lang='lat' dir='ltr'><strong>quae</strong></span> <span class='ocrx_word' id='word_1_55' title='bbox 1352 981 1616 1041; x_wconf 87' lang='lat' dir='ltr'><strong>omnium</strong></span> <span class='ocrx_word' id='word_1_56' title='bbox 1661 981 1871 1042; x_wconf 87' lang='lat' dir='ltr'><strong>horum</strong></span> <span class='ocrx_word' id='word_1_57' title='bbox 1919 983 2345 1043; x_wconf 83' lang='lat' dir='ltr'><strong>vocabulorum</strong></span> <span class='ocrx_word' id='word_1_58' title='bbox 2393 1001 2549 1042; x_wconf 87' lang='lat' dir='ltr'><strong>com·</strong></span> 
     </span>
     <span class='ocr_line' id='line_1_8' title="bbox 300 1083 2549 1162; baseline 0.001 -19"><span class='ocrx_word' id='word_1_59' title='bbox 300 1086 498 1145; x_wconf 87' lang='lat' dir='ltr'><strong>munis</strong></span> <span class='ocrx_word' id='word_1_60' title='bbox 528 1087 621 1144; x_wconf 80' lang='lat' dir='ltr'><strong>est</strong></span> <span class='ocrx_word' id='word_1_61' title='bbox 647 1100 784 1162; x_wconf 83' lang='grc' dir='ltr'><em>γερ,</em></span> <span class='ocrx_word' id='word_1_62' title='bbox 825 1100 967 1158; x_wconf 73' lang='grc' dir='ltr'><em>ραν,</em></span> <span class='ocrx_word' id='word_1_63' title='bbox 1010 1102 1125 1144; x_wconf 84' lang='lat' dir='ltr'><strong>scr.</strong></span> <span class='ocrx_word' id='word_1_64' title='bbox 1143 1083 1261 1157; x_wconf 67' lang='grc' dir='ltr'><strong>,ίαν</strong></span> <span class='ocrx_word' id='word_1_65' title='bbox 1292 1102 1681 1162; x_wconf 76' lang='lat' dir='ltr'><strong>marcescere,</strong></span> <span class='ocrx_word' id='word_1_66' title='bbox 1726 1083 1888 1144; x_wconf 85' lang='lat' dir='ltr'><strong>unde</strong></span> <span class='ocrx_word' id='word_1_67' title='bbox 1921 1085 2298 1162; x_wconf 76' lang='lat' dir='ltr'>participium</span> <span class='ocrx_word' id='word_1_68' title='bbox 2319 1085 2549 1158; x_wconf 80' lang='lat' dir='ltr'><strong>jarant</strong></span> 
     </span>
     <span class='ocr_line' id='line_1_9' title="bbox 301 1186 2550 1266; baseline 0 -19"><span class='ocrx_word' id='word_1_69' title='bbox 301 1186 462 1263; x_wconf 82' lang='lat' dir='ltr'><strong>quod</strong></span> <span class='ocrx_word' id='word_1_70' title='bbox 513 1187 695 1264; x_wconf 87' lang='lat' dir='ltr'><strong>plane</strong></span> <span class='ocrx_word' id='word_1_71' title='bbox 742 1188 1022 1263; x_wconf 85' lang='lat' dir='ltr'><strong>congruit</strong></span> <span class='ocrx_word' id='word_1_72' title='bbox 1062 1204 1201 1246; x_wconf 84' lang='lat' dir='ltr'><strong>cum</strong></span> <span class='ocrx_word' id='word_1_73' title='bbox 1245 1204 1464 1262; x_wconf 83' lang='lat' dir='ltr'><strong>gracco</strong></span> <span class='ocrx_word' id='word_1_74' title='bbox 1511 1202 1753 1264; x_wconf 73' lang='grc' dir='ltr'><em>γεροντ</em></span> <span class='ocrx_word' id='word_1_75' title='bbox 1799 1190 1859 1246; x_wconf 85' lang='lat' dir='ltr'><strong>et</strong></span> <span class='ocrx_word' id='word_1_76' title='bbox 1901 1205 2036 1247; x_wconf 90' lang='lat' dir='ltr'><strong>eum</strong></span> <span class='ocrx_word' id='word_1_77' title='bbox 2079 1186 2402 1266; x_wconf 83' lang='lat' dir='ltr'><strong>significat,</strong></span> <span class='ocrx_word' id='word_1_78' title='bbox 2449 1189 2550 1264; x_wconf 89' lang='lat' dir='ltr'><strong>qni</strong></span> 
     </span>
     <span class='ocr_line' id='line_1_10' title="bbox 300 1287 2548 1366; baseline 0 -17"><span class='ocrx_word' id='word_1_79' title='bbox 300 1290 636 1365; x_wconf 70' lang='lat' dir='ltr'><strong>marcescit,</strong></span> <span class='ocrx_word' id='word_1_80' title='bbox 678 1291 956 1366; x_wconf 74' lang='lat' dir='ltr'><strong>senescit,</strong></span> <span class='ocrx_word' id='word_1_81' title='bbox 1000 1289 1034 1348; x_wconf 90' lang='lat' dir='ltr'><strong>i.</strong></span> <span class='ocrx_word' id='word_1_82' title='bbox 1065 1307 1115 1348; x_wconf 86' lang='lat' dir='ltr'><strong>e.</strong></span> <span class='ocrx_word' id='word_1_83' title='bbox 1161 1306 1381 1348; x_wconf 89' lang='lat' dir='ltr'><strong>senem.</strong></span> <span class='ocrx_word' id='word_1_84' title='bbox 1468 1287 1588 1348; x_wconf 83' lang='lat' dir='ltr'><strong>Scd</strong></span> <span class='ocrx_word' id='word_1_85' title='bbox 1632 1288 1807 1348; x_wconf 86' lang='lat' dir='ltr'><strong>valde</strong></span> <span class='ocrx_word' id='word_1_86' title='bbox 1853 1288 2175 1366; x_wconf 82' lang='lat' dir='ltr'><strong>ambigitur</strong></span> <span class='ocrx_word' id='word_1_87' title='bbox 2209 1290 2286 1349; x_wconf 88' lang='lat' dir='ltr'><strong>de</strong></span> <span class='ocrx_word' id='word_1_88' title='bbox 2318 1290 2548 1351; x_wconf 87' lang='lat' dir='ltr'><strong>deriva-</strong></span> 
     </span>
     <span class='ocr_line' id='line_1_11' title="bbox 300 1391 2550 1470; baseline 0 -19"><span class='ocrx_word' id='word_1_89' title='bbox 300 1392 484 1453; x_wconf 87' lang='lat' dir='ltr'><strong>tionis</strong></span> <span class='ocrx_word' id='word_1_90' title='bbox 528 1391 761 1461; x_wconf 77' lang='lat' dir='ltr'><strong>ratione</strong></span> <span class='ocrx_word' id='word_1_91' title='bbox 806 1396 866 1451; x_wconf 87' lang='lat' dir='ltr'><strong>et</strong></span> <span class='ocrx_word' id='word_1_92' title='bbox 910 1392 1079 1468; x_wconf 86' lang='lat' dir='ltr'><strong>qnasi</strong></span> <span class='ocrx_word' id='word_1_93' title='bbox 1126 1392 1243 1469; x_wconf 84' lang='lat' dir='ltr'><strong>via,</strong></span> <span class='ocrx_word' id='word_1_94' title='bbox 1287 1409 1468 1467; x_wconf 89' lang='lat' dir='ltr'><strong>quum</strong></span> <span class='ocrx_word' id='word_1_95' title='bbox 1514 1391 1615 1450; x_wconf 84' lang='lat' dir='ltr'><strong>alii</strong></span> <span class='ocrx_word' id='word_1_96' title='bbox 1657 1396 1854 1468; x_wconf 79' lang='grc' dir='ltr'><em>γραῖα</em></span> <span class='ocrx_word' id='word_1_97' title='bbox 1891 1391 2236 1455; x_wconf 86' lang='lat' dir='ltr'><strong>femininum</strong></span> <span class='ocrx_word' id='word_1_98' title='bbox 2268 1392 2550 1470; x_wconf 77' lang='lat' dir='ltr'><strong>adjectivi</strong></span> 
     </span>
    </p>
   </div>
   <div class='ocr_carea' id='block_1_3' title="bbox 301 1483 2666 1573">
    <p class='ocr_par' dir='ltr' id='par_1_4' title="bbox 301 1483 2666 1573">
     <span class='ocr_line' id='line_1_12' title="bbox 301 1483 2666 1573; baseline -0 -19"><span class='ocrx_word' id='word_1_99' title='bbox 301 1483 569 1573; x_wconf 80' lang='grc' dir='ltr'><strong>γεραιός</strong></span> <span class='ocrx_word' id='word_1_100' title='bbox 614 1495 759 1555; x_wconf 87' lang='lat' dir='ltr'><strong>eliso</strong></span> <span class='ocrx_word' id='word_1_101' title='bbox 807 1512 839 1553; x_wconf 81' lang='grc' dir='ltr'><strong>ε</strong></span> <span class='ocrx_word' id='word_1_102' title='bbox 884 1512 1015 1554; x_wconf 87' lang='lat' dir='ltr'><strong>esse</strong></span> <span class='ocrx_word' id='word_1_103' title='bbox 1046 1495 1432 1571; x_wconf 78' lang='lat' dir='ltr'><strong>contendant,</strong></span> <span class='ocrx_word' id='word_1_104' title='bbox 1476 1494 1580 1554; x_wconf 85' lang='lat' dir='ltr'><strong>alii</strong></span> <span class='ocrx_word' id='word_1_105' title='bbox 1609 1512 1647 1554; x_wconf 89' lang='lat' dir='ltr'><strong>a</strong></span> <span class='ocrx_word' id='word_1_106' title='bbox 1677 1490 1885 1572; x_wconf 82' lang='grc' dir='ltr'><em>γραῦς</em></span> <span class='ocrx_word' id='word_1_107' title='bbox 1913 1497 2231 1573; x_wconf 83' lang='lat' dir='ltr'><strong>repetitum</strong></span> <span class='ocrx_word' id='word_1_108' title='bbox 2262 1498 2494 1573; x_wconf 87' lang='lat' dir='ltr'><strong>putent.</strong></span> <span class='ocrx_word' id='word_1_109' title='bbox 2499 1492 2549 1567; x_wconf 79' lang='lat'><strong>*)</strong></span> <span class='ocrx_word' id='word_1_110' title='bbox 2641 1500 2666 1522; x_wconf 82' lang='lat'><strong>·</strong></span> 
     </span>
    </p>
   </div>
   <div class='ocr_carea' id='block_1_4' title="bbox 299 1597 2551 1985">
    <p class='ocr_par' dir='ltr' id='par_1_5' title="bbox 299 1597 2551 1985">
     <span class='ocr_line' id='line_1_13' title="bbox 302 1597 2550 1689; baseline -0 -31"><span class='ocrx_word' id='word_1_111' title='bbox 302 1598 594 1674; x_wconf 83' lang='lat' dir='ltr'><strong>Utrisque</strong></span> <span class='ocrx_word' id='word_1_112' title='bbox 638 1616 795 1674; x_wconf 86' lang='lat' dir='ltr'><strong>qnae</strong></span> <span class='ocrx_word' id='word_1_113' title='bbox 842 1597 1062 1676; x_wconf 90' lang='lat' dir='ltr'><strong>opponi</strong></span> <span class='ocrx_word' id='word_1_114' title='bbox 1106 1597 1342 1673; x_wconf 83' lang='lat' dir='ltr'><strong>possint</strong></span> <span class='ocrx_word' id='word_1_115' title='bbox 1386 1615 1509 1657; x_wconf 89' lang='lat' dir='ltr'><strong>non</strong></span> <span class='ocrx_word' id='word_1_116' title='bbox 1555 1597 1802 1675; x_wconf 82' lang='lat' dir='ltr'><strong>desunt3</strong></span> <span class='ocrx_word' id='word_1_117' title='bbox 1793 1599 2177 1689; x_wconf 88' lang='lat' dir='ltr'><strong>quaeritur,</strong></span> <span class='ocrx_word' id='word_1_118' title='bbox 2220 1601 2355 1657; x_wconf 87' lang='lat' dir='ltr'><strong>utra</strong></span> <span class='ocrx_word' id='word_1_119' title='bbox 2400 1597 2550 1657; x_wconf 89' lang='lat' dir='ltr'><strong>deri-</strong></span> 
     </span>
     <span class='ocr_line' id='line_1_14' title="bbox 300 1682 2548 1777; baseline 0 -18"><span class='ocrx_word' id='word_1_120' title='bbox 300 1701 468 1761; x_wconf 83' lang='lat' dir='ltr'><strong>vatio</strong></span> <span class='ocrx_word' id='word_1_121' title='bbox 530 1699 747 1761; x_wconf 85' lang='lat' dir='ltr'><strong>habeat</strong></span> <span class='ocrx_word' id='word_1_122' title='bbox 805 1700 1001 1759; x_wconf 86' lang='lat' dir='ltr'><strong>minus</strong></span> <span class='ocrx_word' id='word_1_123' title='bbox 1047 1697 1433 1759; x_wconf 86' lang='lat' dir='ltr'><strong>difficultatis.</strong></span> <span class='ocrx_word' id='word_1_124' title='bbox 1531 1701 1733 1777; x_wconf 87' lang='lat' dir='ltr'><strong>Atque</strong></span> <span class='ocrx_word' id='word_1_125' title='bbox 1785 1700 1848 1759; x_wconf 91' lang='lat' dir='ltr'><strong>in</strong></span> <span class='ocrx_word' id='word_1_126' title='bbox 1905 1701 2062 1760; x_wconf 87' lang='lat' dir='ltr'><strong>hano</strong></span> <span class='ocrx_word' id='word_1_127' title='bbox 2122 1682 2360 1777; x_wconf 86' lang='lat' dir='ltr'><strong>quidem</strong></span> <span class='ocrx_word' id='word_1_128' title='bbox 2420 1718 2548 1760; x_wconf 88' lang='lat' dir='ltr'><strong>rem</strong></span> 
     </span>
     <span class='ocr_line' id='line_1_15' title="bbox 299 1791 2551 1882; baseline -0.001 -19"><span class='ocrx_word' id='word_1_129' title='bbox 299 1803 630 1881; x_wconf 76' lang='lat' dir='ltr'><strong>inquirenti</strong></span> <span class='ocrx_word' id='word_1_130' title='bbox 686 1803 883 1863; x_wconf 87' lang='lat' dir='ltr'><strong>minus</strong></span> <span class='ocrx_word' id='word_1_131' title='bbox 925 1801 1233 1879; x_wconf 80' lang='lat' dir='ltr'><strong>probabile</strong></span> <span class='ocrx_word' id='word_1_132' title='bbox 1278 1802 1544 1879; x_wconf 83' lang='lat' dir='ltr'><strong>videtur,</strong></span> <span class='ocrx_word' id='word_1_133' title='bbox 1604 1822 1642 1862; x_wconf 89' lang='lat' dir='ltr'><strong>a</strong></span> <span class='ocrx_word' id='word_1_134' title='bbox 1687 1791 1952 1881; x_wconf 82' lang='grc' dir='ltr'><em>γεραιός</em></span> <span class='ocrx_word' id='word_1_135' title='bbox 1995 1802 2291 1880; x_wconf 85' lang='lat' dir='ltr'><strong>prodiisse</strong></span> <span class='ocrx_word' id='word_1_136' title='bbox 2337 1808 2551 1882; x_wconf 86' lang='grc' dir='ltr'><em>γραῖα,</em></span> 
     </span>
     <span class='ocr_line' id='line_1_16' title="bbox 301 1901 2551 1985; baseline -0 -17"><span class='ocrx_word' id='word_1_137' title='bbox 301 1907 468 1985; x_wconf 86' lang='lat' dir='ltr'><strong>qnod</strong></span> <span class='ocrx_word' id='word_1_138' title='bbox 530 1906 756 1983; x_wconf 78' lang='lat' dir='ltr'><strong>placuit</strong></span> <span class='ocrx_word' id='word_1_139' title='bbox 809 1903 1114 1966; x_wconf 82' lang='lat' dir='ltr'><strong>Lobeckio</strong></span> <span class='ocrx_word' id='word_1_140' title='bbox 1174 1904 1346 1964; x_wconf 86' lang='lat' dir='ltr'><strong>Path.</strong></span> <span class='ocrx_word' id='word_1_141' title='bbox 1390 1904 1479 1964; x_wconf 85' lang='lat' dir='ltr'><strong>El.</strong></span> <span class='ocrx_word' id='word_1_142' title='bbox 1524 1906 1577 1984; x_wconf 92' lang='lat'><strong>1,</strong></span> <span class='ocrx_word' id='word_1_143' title='bbox 1621 1901 1772 1982; x_wconf 79' lang='lat'><strong>239,</strong></span> <span class='ocrx_word' id='word_1_144' title='bbox 1833 1905 2135 1965; x_wconf 86' lang='lat' dir='ltr'><strong>Ellendtio</strong></span> <span class='ocrx_word' id='word_1_145' title='bbox 2180 1906 2327 1966; x_wconf 85' lang='lat' dir='ltr'><strong>Lex.</strong></span> <span class='ocrx_word' id='word_1_146' title='bbox 2370 1907 2551 1984; x_wconf 79' lang='lat' dir='ltr'><strong>Soph.</strong></span> 
     </span>
    </p>
   </div>
   <div class='ocr_carea' id='block_1_5' title="bbox 302 1996 2550 2086">
    <p class='ocr_par' dir='ltr' id='par_1_6' title="bbox 302 1996 2550 2086">
     <span class='ocr_line' id='line_1_17' title="bbox 302 1996 2550 2086; baseline -0.001 -16"><span class='ocrx_word' id='word_1_147' title='bbox 302 2028 350 2071; x_wconf 87' lang='lat' dir='ltr'><strong>s.</strong></span> <span class='ocrx_word' id='word_1_148' title='bbox 383 2028 439 2068; x_wconf 84' lang='lat' dir='ltr'><strong>v.</strong></span> <span class='ocrx_word' id='word_1_149' title='bbox 487 2014 734 2086; x_wconf 80' lang='grc' dir='ltr'><em>γρατος.</em></span> <span class='ocrx_word' id='word_1_150' title='bbox 822 2009 976 2068; x_wconf 81' lang='lat' dir='ltr'><strong>Nam</strong></span> <span class='ocrx_word' id='word_1_151' title='bbox 1032 2008 1287 2085; x_wconf 87' lang='lat' dir='ltr'><strong>primum</strong></span> <span class='ocrx_word' id='word_1_152' title='bbox 1332 2009 1503 2067; x_wconf 88' lang='lat' dir='ltr'><strong>obest</strong></span> <span class='ocrx_word' id='word_1_153' title='bbox 1547 2024 1577 2066; x_wconf 83' lang='grc' dir='ltr'><strong><em>ε</em></strong></span> <span class='ocrx_word' id='word_1_154' title='bbox 1624 2007 1684 2066; x_wconf 92' lang='lat' dir='ltr'><strong>in</strong></span> <span class='ocrx_word' id='word_1_155' title='bbox 1729 1996 1992 2085; x_wconf 73' lang='grc' dir='ltr'><em>γεραιός</em></span> <span class='ocrx_word' id='word_1_156' title='bbox 2037 2010 2383 2069; x_wconf 81' lang='lat' dir='ltr'><strong>constanter</strong></span> <span class='ocrx_word' id='word_1_157' title='bbox 2425 2026 2550 2069; x_wconf 84' lang='lat' dir='ltr'><strong>ser·</strong></span> 
     </span>
    </p>
   </div>
   <div class='ocr_carea' id='block_1_6' title="bbox 302 2110 2646 2188">
    <p class='ocr_par' dir='ltr' id='par_1_7' title="bbox 302 2110 2646 2188">
     <span class='ocr_line' id='line_1_18' title="bbox 302 2110 2646 2188; baseline 0.001 -18"><span class='ocrx_word' id='word_1_158' title='bbox 302 2116 530 2188; x_wconf 78' lang='lat' dir='ltr'><strong>vatum,</strong></span> <span class='ocrx_word' id='word_1_159' title='bbox 574 2112 633 2170; x_wconf 88' lang='lat' dir='ltr'><strong>in</strong></span> <span class='ocrx_word' id='word_1_160' title='bbox 676 2114 874 2188; x_wconf 80' lang='grc' dir='ltr'><em>γραῖα</em></span> <span class='ocrx_word' id='word_1_161' title='bbox 905 2128 1027 2171; x_wconf 93' lang='lat' dir='ltr'><strong>non</strong></span> <span class='ocrx_word' id='word_1_162' title='bbox 1058 2110 1252 2170; x_wconf 86' lang='lat' dir='ltr'><strong>minus</strong></span> <span class='ocrx_word' id='word_1_163' title='bbox 1283 2115 1634 2170; x_wconf 78' lang='lat' dir='ltr'><strong>constanter</strong></span> <span class='ocrx_word' id='word_1_164' title='bbox 1664 2110 1965 2187; x_wconf 88' lang='lat' dir='ltr'><strong>omissum,</strong></span> <span class='ocrx_word' id='word_1_165' title='bbox 2011 2110 2228 2170; x_wconf 87' lang='lat' dir='ltr'><strong>deinde</strong></span> <span class='ocrx_word' id='word_1_166' title='bbox 2273 2115 2553 2175; x_wconf 81' lang='lat' dir='ltr'><strong>accentus</strong></span> <span class='ocrx_word' id='word_1_167' title='bbox 2635 2148 2646 2161; x_wconf 76' lang='lat'><strong>·</strong></span> 
     </span>
    </p>
   </div>
   <div class='ocr_carea' id='block_1_7' title="bbox 298 2212 2556 3625">
    <p class='ocr_par' dir='ltr' id='par_1_8' title="bbox 298 2212 2556 3625">
     <span class='ocr_line' id='line_1_19' title="bbox 303 2212 2550 2293; baseline -0.001 -18"><span class='ocrx_word' id='word_1_168' title='bbox 303 2215 611 2292; x_wconf 75' lang='lat' dir='ltr'><strong>diversus,</strong></span> <span class='ocrx_word' id='word_1_169' title='bbox 673 2214 935 2290; x_wconf 88' lang='lat' dir='ltr'><strong>denique</strong></span> <span class='ocrx_word' id='word_1_170' title='bbox 987 2213 1215 2275; x_wconf 84' lang='lat' dir='ltr'><strong>vocalis</strong></span> <span class='ocrx_word' id='word_1_171' title='bbox 1272 2212 1467 2272; x_wconf 84' lang='lat' dir='ltr'><strong>finalis</strong></span> <span class='ocrx_word' id='word_1_172' title='bbox 1526 2229 1569 2271; x_wconf 88' lang='grc' dir='ltr'><em>α</em></span> <span class='ocrx_word' id='word_1_173' title='bbox 1624 2213 1944 2289; x_wconf 73' lang='lat' dir='ltr'><strong>quantitas·</strong></span> <span class='ocrx_word' id='word_1_174' title='bbox 2032 2214 2184 2272; x_wconf 89' lang='lat' dir='ltr'><strong>Nam</strong></span> <span class='ocrx_word' id='word_1_175' title='bbox 2242 2213 2291 2274; x_wconf 88' lang='lat' dir='ltr'><strong>si</strong></span> <span class='ocrx_word' id='word_1_176' title='bbox 2353 2221 2550 2293; x_wconf 84' lang='grc' dir='ltr'><em>γραῖα</em></span> 
     </span>
     <span class='ocr_line' id='line_1_20' title="bbox 303 2305 2552 2394; baseline 0.001 -18"><span class='ocrx_word' id='word_1_177' title='bbox 303 2316 656 2379; x_wconf 79' lang='lat' dir='ltr'><strong>femininum</strong></span> <span class='ocrx_word' id='word_1_178' title='bbox 713 2320 876 2377; x_wconf 83' lang='lat' dir='ltr'><strong>esset</strong></span> <span class='ocrx_word' id='word_1_179' title='bbox 934 2315 1214 2393; x_wconf 79' lang='lat' dir='ltr'><strong>adjectivi</strong></span> <span class='ocrx_word' id='word_1_180' title='bbox 1274 2305 1564 2394; x_wconf 79' lang='grc' dir='ltr'><em>γεραιός,</em></span> <span class='ocrx_word' id='word_1_181' title='bbox 1625 2315 1888 2377; x_wconf 82' lang='lat' dir='ltr'><strong>debebat</strong></span> <span class='ocrx_word' id='word_1_182' title='bbox 1931 2334 1973 2374; x_wconf 90' lang='grc' dir='ltr'><em>α</em></span> <span class='ocrx_word' id='word_1_183' title='bbox 2019 2317 2263 2394; x_wconf 82' lang='lat' dir='ltr'><strong>longum</strong></span> <span class='ocrx_word' id='word_1_184' title='bbox 2309 2316 2552 2379; x_wconf 84' lang='lat' dir='ltr'><strong>habere.</strong></span> 
     </span>
     <span class='ocr_line' id='line_1_21' title="bbox 303 2412 2555 2498; baseline -0 -16"><span class='ocrx_word' id='word_1_185' title='bbox 303 2421 386 2482; x_wconf 77' lang='lat' dir='ltr'><strong>At</strong></span> <span class='ocrx_word' id='word_1_186' title='bbox 431 2418 775 2497; x_wconf 87' lang='lat' dir='ltr'><strong>ubicunqne</strong></span> <span class='ocrx_word' id='word_1_187' title='bbox 818 2438 974 2480; x_wconf 90' lang='lat' dir='ltr'><strong>nom.</strong></span> <span class='ocrx_word' id='word_1_188' title='bbox 1020 2437 1151 2480; x_wconf 83' lang='lat' dir='ltr'><strong>voc.</strong></span> <span class='ocrx_word' id='word_1_189' title='bbox 1192 2412 1318 2478; x_wconf 76' lang='lat' dir='ltr'><strong>acc.</strong></span> <span class='ocrx_word' id='word_1_190' title='bbox 1366 2435 1511 2480; x_wconf 84' lang='lat' dir='ltr'><strong>casn</strong></span> <span class='ocrx_word' id='word_1_191' title='bbox 1555 2419 1619 2478; x_wconf 89' lang='lat' dir='ltr'><strong>in</strong></span> <span class='ocrx_word' id='word_1_192' title='bbox 1662 2437 1842 2479; x_wconf 86' lang='lat' dir='ltr'><strong>versu</strong></span> <span class='ocrx_word' id='word_1_193' title='bbox 1887 2420 2186 2498; x_wconf 86' lang='lat' dir='ltr'><strong>positione</strong></span> <span class='ocrx_word' id='word_1_194' title='bbox 2230 2440 2348 2480; x_wconf 88' lang='lat' dir='ltr'><strong>non</strong></span> <span class='ocrx_word' id='word_1_195' title='bbox 2393 2419 2555 2482; x_wconf 79' lang='lat' dir='ltr'><strong>sacta</strong></span> 
     </span>
     <span class='ocr_line' id='line_1_22' title="bbox 301 2514 2554 2604; baseline 0 -21"><span class='ocrx_word' id='word_1_196' title='bbox 301 2523 666 2586; x_wconf 80' lang='lat' dir='ltr'><strong>vocabulum</strong></span> <span class='ocrx_word' id='word_1_197' title='bbox 711 2523 948 2600; x_wconf 80' lang='lat' dir='ltr'><strong>legitur,</strong></span> <span class='ocrx_word' id='word_1_198' title='bbox 990 2521 1172 2582; x_wconf 87' lang='lat' dir='ltr'><strong>breve</strong></span> <span class='ocrx_word' id='word_1_199' title='bbox 1216 2519 1395 2581; x_wconf 84' lang='lat' dir='ltr'><strong>habet</strong></span> <span class='ocrx_word' id='word_1_200' title='bbox 1439 2539 1499 2599; x_wconf 89' lang='grc' dir='ltr'><em>α,</em></span> <span class='ocrx_word' id='word_1_201' title='bbox 1546 2525 1611 2582; x_wconf 87' lang='lat' dir='ltr'><strong>ut</strong></span> <span class='ocrx_word' id='word_1_202' title='bbox 1639 2522 1817 2598; x_wconf 82' lang='lat' dir='ltr'><strong>Soph.</strong></span> <span class='ocrx_word' id='word_1_203' title='bbox 1848 2522 1948 2582; x_wconf 83' lang='lat' dir='ltr'><strong>Tr.</strong></span> <span class='ocrx_word' id='word_1_204' title='bbox 1984 2518 2107 2580; x_wconf 85' lang='lat'><strong>870</strong></span> <span class='ocrx_word' id='word_1_205' title='bbox 2136 2529 2343 2600; x_wconf 76' lang='grc' dir='ltr'><em>χωρεῖ</em></span> <span class='ocrx_word' id='word_1_206' title='bbox 2381 2514 2554 2604; x_wconf 83' lang='grc' dir='ltr'><em>πρὸς</em></span> 
     </span>
     <span class='ocr_line' id='line_1_23' title="bbox 300 2604 2554 2705; baseline 0 -21"><span class='ocrx_word' id='word_1_207' title='bbox 300 2613 473 2705; x_wconf 82' lang='grc' dir='ltr'><strong><em>ἡμᾶς</em></strong></span> <span class='ocrx_word' id='word_1_208' title='bbox 518 2631 719 2704; x_wconf 76' lang='grc' dir='ltr'><em>γραῖα</em></span> <span class='ocrx_word' id='word_1_209' title='bbox 765 2612 1180 2703; x_wconf 83' lang='grc' dir='ltr'><em>σημαίνουσά</em></span> <span class='ocrx_word' id='word_1_210' title='bbox 1222 2640 1304 2682; x_wconf 83' lang='grc' dir='ltr'><strong>τι.</strong></span> <span class='ocrx_word' id='word_1_211' title='bbox 1393 2625 1537 2685; x_wconf 82' lang='lat' dir='ltr'><strong>Eur.</strong></span> <span class='ocrx_word' id='word_1_212' title='bbox 1580 2624 1716 2684; x_wconf 88' lang='lat' dir='ltr'><strong>Hel.</strong></span> <span class='ocrx_word' id='word_1_213' title='bbox 1763 2622 1917 2684; x_wconf 80' lang='lat'><strong>441:</strong></span> <span class='ocrx_word' id='word_1_214' title='bbox 1976 2604 2034 2683; x_wconf 76' lang='grc' dir='ltr'><em>ὦ</em></span> <span class='ocrx_word' id='word_1_215' title='bbox 2077 2632 2295 2703; x_wconf 83' lang='grc' dir='ltr'><em>γραῖα,</em></span> <span class='ocrx_word' id='word_1_216' title='bbox 2338 2622 2554 2684; x_wconf 81' lang='grc' dir='ltr'><em>ταῦτα</em></span> 
     </span>
     <span class='ocr_line' id='line_1_24' title="bbox 298 2710 2555 2809; baseline -0 -21"><span class='ocrx_word' id='word_1_217' title='bbox 298 2712 492 2788; x_wconf 77' lang='grc' dir='ltr'><em>ταῦτ’</em></span> <span class='ocrx_word' id='word_1_218' title='bbox 524 2719 653 2807; x_wconf 77' lang='grc' dir='ltr'><strong>ἔπη</strong></span> <span class='ocrx_word' id='word_1_219' title='bbox 683 2722 909 2797; x_wconf 78' lang='grc' dir='ltr'><em>καλῶς</em></span> <span class='ocrx_word' id='word_1_220' title='bbox 948 2720 1178 2803; x_wconf 76' lang='grc' dir='ltr'><strong>λέγεις.</strong></span> <span class='ocrx_word' id='word_1_221' title='bbox 1255 2727 1383 2786; x_wconf 86' lang='grc' dir='ltr'>Ιοιι.</span> <span class='ocrx_word' id='word_1_222' title='bbox 1419 2722 1580 2786; x_wconf 80' lang='lat'><strong>1213</strong></span> <span class='ocrx_word' id='word_1_223' title='bbox 1628 2710 1863 2796; x_wconf 71' lang='grc' dir='ltr'><strong><em>Εὐθὺς</em></strong></span> <span class='ocrx_word' id='word_1_224' title='bbox 1907 2710 1967 2785; x_wconf 69' lang='lat'><strong>&lt;5³</strong></span> <span class='ocrx_word' id='word_1_225' title='bbox 2012 2718 2271 2809; x_wconf 79' lang='grc' dir='ltr'><em>ἐρευνᾷ,</em></span> <span class='ocrx_word' id='word_1_226' title='bbox 2314 2735 2555 2805; x_wconf 85' lang='grc' dir='ltr'><em>γραῖαν</em></span> 
     </span>
     <span class='ocr_line' id='line_1_25' title="bbox 301 2812 2552 2910; baseline -0 -20"><span class='ocrx_word' id='word_1_227' title='bbox 301 2815 571 2910; x_wconf 68' lang='grc' dir='ltr'><em>ὠλένην</em></span> <span class='ocrx_word' id='word_1_228' title='bbox 613 2818 863 2902; x_wconf 79' lang='grc' dir='ltr'><em>λαβών.</em></span> <span class='ocrx_word' id='word_1_229' title='bbox 935 2829 1163 2889; x_wconf 86' lang='lat' dir='ltr'><strong>Phoen.</strong></span> <span class='ocrx_word' id='word_1_230' title='bbox 1200 2823 1360 2886; x_wconf 84' lang='lat'>1318</span> <span class='ocrx_word' id='word_1_231' title='bbox 1404 2818 1537 2906; x_wconf 74' lang='grc' dir='ltr'><strong>ἐγώ</strong></span> <span class='ocrx_word' id='word_1_232' title='bbox 1582 2812 1643 2887; x_wconf 75' lang='lat'><strong>‹5&#39;</strong></span> <span class='ocrx_word' id='word_1_233' title='bbox 1684 2812 1832 2907; x_wconf 81' lang='grc' dir='ltr'><strong>ἥκω</strong></span> <span class='ocrx_word' id='word_1_234' title='bbox 1874 2818 2038 2906; x_wconf 81' lang='grc' dir='ltr'><em>μετὰ</em></span> <span class='ocrx_word' id='word_1_235' title='bbox 2082 2823 2320 2908; x_wconf 77' lang='grc' dir='ltr'><em>Γέρων</em></span> <span class='ocrx_word' id='word_1_236' title='bbox 2364 2815 2552 2890; x_wconf 72' lang='grc' dir='ltr'><em>ἀδελ-</em></span> 
     </span>
     <span class='ocr_line' id='line_1_26' title="bbox 302 2915 2553 3013; baseline -0 -21"><span class='ocrx_word' id='word_1_237' title='bbox 302 2924 445 3013; x_wconf 78' lang='grc' dir='ltr'><strong>φὴν</strong></span> <span class='ocrx_word' id='word_1_238' title='bbox 489 2938 732 3011; x_wconf 82' lang='grc' dir='ltr'><em>γραῖαν</em></span> <span class='ocrx_word' id='word_1_239' title='bbox 772 2915 1144 3010; x_wconf 80' lang='grc' dir='ltr'><em>Ἰοκάστην,</em></span> <span class='ocrx_word' id='word_1_240' title='bbox 1200 2934 1262 2992; x_wconf 90' lang='lat' dir='ltr'><strong>et</strong></span> <span class='ocrx_word' id='word_1_241' title='bbox 1316 2935 1385 2990; x_wconf 88' lang='lat' dir='ltr'><strong>ut</strong></span> <span class='ocrx_word' id='word_1_242' title='bbox 1426 2931 1668 2992; x_wconf 82' lang='lat' dir='ltr'><strong>videtur</strong></span> <span class='ocrx_word' id='word_1_243' title='bbox 1711 2933 1815 2991; x_wconf 86' lang='lat' dir='ltr'><strong>Ar.</strong></span> <span class='ocrx_word' id='word_1_244' title='bbox 1857 2930 2098 2991; x_wconf 83' lang='lat' dir='ltr'><strong>Thesm.</strong></span> <span class='ocrx_word' id='word_1_245' title='bbox 2153 2929 2312 2990; x_wconf 80' lang='lat'>1024</span> <span class='ocrx_word' id='word_1_246' title='bbox 2363 2922 2553 3010; x_wconf 78' lang='grc' dir='ltr'><strong><em>μόλις</em></strong></span> 
     </span>
     <span class='ocr_line' id='line_1_27' title="bbox 302 3019 2552 3114; baseline -0.001 -18"><span class='ocrx_word' id='word_1_247' title='bbox 302 3030 377 3096; x_wconf 75' lang='grc' dir='ltr'><strong>δὲ</strong></span> <span class='ocrx_word' id='word_1_248' title='bbox 426 3040 670 3114; x_wconf 81' lang='grc' dir='ltr'><em>γραῖαν</em></span> <span class='ocrx_word' id='word_1_249' title='bbox 711 3019 1092 3112; x_wconf 76' lang='grc' dir='ltr'><em>ἀποφυγών</em></span> <span class='ocrx_word' id='word_1_250' title='bbox 1136 3035 1195 3093; x_wconf 89' lang='lat' dir='ltr'><strong>in</strong></span> <span class='ocrx_word' id='word_1_251' title='bbox 1240 3034 1579 3110; x_wconf 83' lang='lat' dir='ltr'><strong>tetrapodia</strong></span> <span class='ocrx_word' id='word_1_252' title='bbox 1632 3033 1900 3093; x_wconf 84' lang='lat' dir='ltr'><strong>iambica.</strong></span> <span class='ocrx_word' id='word_1_253' title='bbox 1971 3033 2244 3109; x_wconf 82' lang='lat' dir='ltr'><strong>Longam</strong></span> <span class='ocrx_word' id='word_1_254' title='bbox 2287 3034 2552 3094; x_wconf 86' lang='lat' dir='ltr'><strong>ultimam</strong></span> 
     </span>
     <span class='ocr_line' id='line_1_28' title="bbox 306 3122 2553 3214; baseline -0.001 -16"><span class='ocrx_word' id='word_1_255' title='bbox 306 3157 429 3198; x_wconf 86' lang='lat' dir='ltr'><strong>non</strong></span> <span class='ocrx_word' id='word_1_256' title='bbox 478 3137 661 3198; x_wconf 78' lang='lat' dir='ltr'><strong>habet</strong></span> <span class='ocrx_word' id='word_1_257' title='bbox 704 3136 816 3196; x_wconf 87' lang='lat' dir='ltr'><strong>nisi</strong></span> <span class='ocrx_word' id='word_1_258' title='bbox 860 3141 954 3196; x_wconf 88' lang='lat' dir='ltr'><strong>ter</strong></span> <span class='ocrx_word' id='word_1_259' title='bbox 997 3135 1159 3212; x_wconf 85' lang='lat' dir='ltr'><strong>apud</strong></span> <span class='ocrx_word' id='word_1_260' title='bbox 1205 3136 1617 3214; x_wconf 85' lang='lat' dir='ltr'><strong>Theocritum,</strong></span> <span class='ocrx_word' id='word_1_261' title='bbox 1662 3131 1719 3211; x_wconf 84' lang='lat'><strong>3,</strong></span> <span class='ocrx_word' id='word_1_262' title='bbox 1751 3131 1863 3194; x_wconf 83' lang='lat'><strong>31:</strong></span> <span class='ocrx_word' id='word_1_263' title='bbox 1923 3123 2066 3193; x_wconf 78' lang='grc' dir='ltr'><em>εἷπε</em></span> <span class='ocrx_word' id='word_1_264' title='bbox 2110 3129 2226 3193; x_wconf 80' lang='grc' dir='ltr'><strong>καὶ</strong></span> <span class='ocrx_word' id='word_1_265' title='bbox 2270 3122 2312 3193; x_wconf 78' lang='grc' dir='ltr'><em>ἃ</em></span> <span class='ocrx_word' id='word_1_266' title='bbox 2357 3131 2553 3214; x_wconf 69' lang='grc' dir='ltr'><em>γραῖα</em></span> 
     </span>
     <span class='ocr_line' id='line_1_29' title="bbox 305 3222 2554 3316; baseline -0.002 -15"><span class='ocrx_word' id='word_1_267' title='bbox 305 3239 434 3313; x_wconf 84' lang='lat' dir='ltr'><strong>(ubi</strong></span> <span class='ocrx_word' id='word_1_268' title='bbox 484 3239 665 3300; x_wconf 77' lang='lat' dir='ltr'><strong>lectio</strong></span> <span class='ocrx_word' id='word_1_269' title='bbox 710 3243 803 3299; x_wconf 89' lang='lat' dir='ltr'><strong>est</strong></span> <span class='ocrx_word' id='word_1_270' title='bbox 845 3237 1068 3311; x_wconf 77' lang='lat' dir='ltr'><strong>dubia).</strong></span> <span class='ocrx_word' id='word_1_271' title='bbox 1154 3234 1212 3315; x_wconf 87' lang='grc'><strong>6,</strong></span> <span class='ocrx_word' id='word_1_272' title='bbox 1256 3236 1336 3294; x_wconf 84' lang='grc'><strong>40</strong></span> <span class='ocrx_word' id='word_1_273' title='bbox 1402 3234 1621 3296; x_wconf 83' lang='grc' dir='ltr'><em>Ταῦτα</em></span> <span class='ocrx_word' id='word_1_274' title='bbox 1676 3227 1801 3315; x_wconf 81' lang='grc' dir='ltr'><strong>γὰρ</strong></span> <span class='ocrx_word' id='word_1_275' title='bbox 1847 3222 1888 3294; x_wconf 85' lang='grc' dir='ltr'><strong>ἆ</strong></span> <span class='ocrx_word' id='word_1_276' title='bbox 1931 3231 2130 3316; x_wconf 69' lang='grc' dir='ltr'><em>γραῖα</em></span> <span class='ocrx_word' id='word_1_277' title='bbox 2170 3254 2250 3315; x_wconf 85' lang='grc' dir='ltr'><strong>με</strong></span> <span class='ocrx_word' id='word_1_278' title='bbox 2296 3234 2554 3296; x_wconf 83' lang='grc' dir='ltr'><em>Κοττυ-</em></span> 
     </span>
     <span class='ocr_line' id='line_1_30' title="bbox 303 3324 2554 3420; baseline -0.001 -18"><span class='ocrx_word' id='word_1_279' title='bbox 303 3337 495 3420; x_wconf 75' lang='grc' dir='ltr'><em>ταρὶς</em></span> <span class='ocrx_word' id='word_1_280' title='bbox 537 3334 933 3417; x_wconf 73' lang='grc' dir='ltr'><strong>ἐξεδίδαξεν.</strong></span> <span class='ocrx_word' id='word_1_281' title='bbox 1021 3337 1077 3419; x_wconf 83' lang='lat'><strong>7,</strong></span> <span class='ocrx_word' id='word_1_282' title='bbox 1128 3336 1276 3399; x_wconf 80' lang='lat'>126:</span> <span class='ocrx_word' id='word_1_283' title='bbox 1329 3327 1554 3418; x_wconf 74' lang='grc' dir='ltr'><em>Ἄμμιν</em></span> <span class='ocrx_word' id='word_1_284' title='bbox 1601 3324 1661 3400; x_wconf 76' lang='lat' dir='ltr'><strong>d&#39;</strong></span> <span class='ocrx_word' id='word_1_285' title='bbox 1706 3327 1944 3420; x_wconf 78' lang='grc' dir='ltr'><strong><em>ἁσυχία</em></strong></span> <span class='ocrx_word' id='word_1_286' title='bbox 1987 3357 2060 3399; x_wconf 84' lang='grc' dir='ltr'><strong>τε</strong></span> <span class='ocrx_word' id='word_1_287' title='bbox 2102 3334 2315 3419; x_wconf 79' lang='grc' dir='ltr'><em>μέλοι,</em></span> <span class='ocrx_word' id='word_1_288' title='bbox 2358 3335 2554 3420; x_wconf 72' lang='grc' dir='ltr'><em>γραῖα</em></span> 
     </span>
     <span class='ocr_line' id='line_1_31' title="bbox 303 3428 2556 3524; baseline 0 -20"><span class='ocrx_word' id='word_1_289' title='bbox 303 3461 375 3504; x_wconf 80' lang='grc' dir='ltr'><strong>τε</strong></span> <span class='ocrx_word' id='word_1_290' title='bbox 435 3439 717 3524; x_wconf 71' lang='grc' dir='ltr'><em>παρείη,</em></span> <span class='ocrx_word' id='word_1_291' title='bbox 779 3428 949 3514; x_wconf 61' lang='lat' dir='ltr'><strong>‘Idus</strong></span> <span class='ocrx_word' id='word_1_292' title='bbox 993 3488 1007 3501; x_wconf 94' lang='lat'><strong>.</strong></span> <span class='ocrx_word' id='word_1_293' title='bbox 1056 3488 1069 3502; x_wconf 92' lang='lat'><strong>.</strong></span> <span class='ocrx_word' id='word_1_294' title='bbox 1118 3488 1132 3502; x_wconf 91' lang='lat'><strong>.</strong></span> <span class='ocrx_word' id='word_1_295' title='bbox 1181 3433 1430 3522; x_wconf 79' lang='grc' dir='ltr'><strong>ἐρύκοι.</strong></span> <span class='ocrx_word' id='word_1_296' title='bbox 1520 3445 1736 3521; x_wconf 85' lang='lat' dir='ltr'><strong>Itaque</strong></span> <span class='ocrx_word' id='word_1_297' title='bbox 1795 3442 1958 3520; x_wconf 87' lang='lat' dir='ltr'><strong>qnod</strong></span> <span class='ocrx_word' id='word_1_298' title='bbox 2019 3442 2354 3505; x_wconf 85' lang='lat' dir='ltr'><strong>Ellendtius</strong></span> <span class='ocrx_word' id='word_1_299' title='bbox 2414 3444 2556 3504; x_wconf 85' lang='lat' dir='ltr'><strong>dicit</strong></span> 
     </span>
     <span class='ocr_line' id='line_1_32' title="bbox 304 3545 2556 3625; baseline -0.001 -17"><span class='ocrx_word' id='word_1_300' title='bbox 304 3549 369 3612; x_wconf 91' lang='lat' dir='ltr'><strong>in</strong></span> <span class='ocrx_word' id='word_1_301' title='bbox 411 3549 532 3609; x_wconf 80' lang='lat' dir='ltr'><strong>lex.</strong></span> <span class='ocrx_word' id='word_1_302' title='bbox 574 3546 757 3624; x_wconf 70' lang='grc' dir='ltr'><strong>Βοιὼ.</strong></span> <span class='ocrx_word' id='word_1_303' title='bbox 801 3565 846 3608; x_wconf 90' lang='lat' dir='ltr'><strong>s.</strong></span> <span class='ocrx_word' id='word_1_304' title='bbox 878 3565 933 3606; x_wconf 88' lang='lat' dir='ltr'><strong>v.</strong></span> <span class='ocrx_word' id='word_1_305' title='bbox 991 3547 1171 3617; x_wconf 84' lang='lat' dir='ltr'><strong>„Non</strong></span> <span class='ocrx_word' id='word_1_306' title='bbox 1216 3545 1458 3606; x_wconf 79' lang='lat' dir='ltr'><strong>videtur</strong></span> <span class='ocrx_word' id='word_1_307' title='bbox 1502 3550 1702 3625; x_wconf 84' lang='grc' dir='ltr'><em>γραῖα</em></span> <span class='ocrx_word' id='word_1_308' title='bbox 1745 3566 1782 3606; x_wconf 82' lang='lat' dir='ltr'><strong>a</strong></span> <span class='ocrx_word' id='word_1_309' title='bbox 1824 3550 2057 3625; x_wconf 82' lang='grc' dir='ltr'><em>γραῐος</em></span> <span class='ocrx_word' id='word_1_310' title='bbox 2101 3545 2556 3623; x_wconf 83' lang='lat' dir='ltr'><strong>sejungendum.</strong></span> 
     </span>
    </p>
   </div>
   <div class='ocr_carea' id='block_1_8' title="bbox 308 3679 719 3688">
    <p class='ocr_par' dir='ltr' id='par_1_9' title="bbox 308 3679 719 3688">
     <span class='ocr_line' id='line_1_33' title="bbox 308 3679 719 3688; baseline 0 0"><span class='ocrx_word' id='word_1_311' title='bbox 308 3679 719 3688; x_wconf 95' lang='lat' dir='ltr'><strong> </strong></span> 
     </span>
    </p>
   </div>
   <div class='ocr_carea' id='block_1_9' title="bbox 302 3758 2561 4340">
    <p class='ocr_par' dir='ltr' id='par_1_10' title="bbox 302 3758 2561 4340">
     <span class='ocr_line' id='line_1_34' title="bbox 476 3758 2557 3830; baseline -0 -15"><span class='ocrx_word' id='word_1_312' title='bbox 476 3762 534 3829; x_wconf 77' lang='grc'><strong>*)</strong></span> <span class='ocrx_word' id='word_1_313' title='bbox 565 3759 732 3815; x_wconf 74' lang='lat' dir='ltr'><strong>mtto</strong></span> <span class='ocrx_word' id='word_1_314' title='bbox 766 3759 1062 3816; x_wconf 74' lang='lat' dir='ltr'><strong>Histeiium</strong></span> <span class='ocrx_word' id='word_1_315' title='bbox 1097 3760 1199 3828; x_wconf 83' lang='lat' dir='ltr'><strong>qui</strong></span> <span class='ocrx_word' id='word_1_316' title='bbox 1233 3760 1329 3814; x_wconf 83' lang='lat' dir='ltr'><strong>KZ</strong></span> <span class='ocrx_word' id='word_1_317' title='bbox 1360 3764 1449 3827; x_wconf 75' lang='lat'><strong>17,</strong></span> <span class='ocrx_word' id='word_1_318' title='bbox 1492 3763 1585 3815; x_wconf 73' lang='grc'><strong>168</strong></span> <span class='ocrx_word' id='word_1_319' title='bbox 1621 3758 1784 3828; x_wconf 83' lang='lat' dir='ltr'><strong>dicit,</strong></span> <span class='ocrx_word' id='word_1_320' title='bbox 1831 3764 2005 3830; x_wconf 78' lang='grc' dir='ltr'><em>γραῖα</em></span> <span class='ocrx_word' id='word_1_321' title='bbox 2056 3774 2183 3813; x_wconf 86' lang='lat' dir='ltr'><strong>esse</strong></span> <span class='ocrx_word' id='word_1_322' title='bbox 2220 3763 2370 3823; x_wconf 84' lang='lat' dir='ltr'><strong>„rest</strong></span> <span class='ocrx_word' id='word_1_323' title='bbox 2401 3758 2557 3814; x_wconf 87' lang='lat' dir='ltr'><strong>eines</strong></span> 
     </span>
     <span class='ocr_line' id='line_1_35' title="bbox 306 3842 2557 3918; baseline -0.001 -17"><span class='ocrx_word' id='word_1_324' title='bbox 306 3845 591 3918; x_wconf 77' lang='lat' dir='ltr'><strong>adjective</strong></span> <span class='ocrx_word' id='word_1_325' title='bbox 618 3862 788 3918; x_wconf 59' lang='grc' dir='ltr'><em>ματα,</em></span> <span class='ocrx_word' id='word_1_326' title='bbox 822 3843 949 3899; x_wconf 81' lang='lat' dir='ltr'><strong>fem.</strong></span> <span class='ocrx_word' id='word_1_327' title='bbox 982 3842 1147 3916; x_wconf 75' lang='lat' dir='ltr'><strong>qarvi</strong></span> <span class='ocrx_word' id='word_1_328' title='bbox 1178 3868 1248 3893; x_wconf 87' lang='lat'>=</span> <span class='ocrx_word' id='word_1_329' title='bbox 1277 3843 1519 3916; x_wconf 50' lang='grc' dir='ltr'><strong>φαῖν’,</strong></span> <span class='ocrx_word' id='word_1_330' title='bbox 1540 3858 1666 3898; x_wconf 88' lang='lat' dir='ltr'><strong>nam</strong></span> <span class='ocrx_word' id='word_1_331' title='bbox 1716 3843 1848 3898; x_wconf 86' lang='lat' dir='ltr'><strong>licet</strong></span> <span class='ocrx_word' id='word_1_332' title='bbox 1891 3859 2004 3897; x_wconf 88' lang='lat' dir='ltr'><strong>non</strong></span> <span class='ocrx_word' id='word_1_333' title='bbox 2049 3842 2300 3899; x_wconf 77' lang='lat' dir='ltr'><strong>defuerit</strong></span> <span class='ocrx_word' id='word_1_334' title='bbox 2328 3843 2557 3898; x_wconf 85' lang='lat' dir='ltr'><strong>Graecis</strong></span> 
     </span>
     <span class='ocr_line' id='line_1_36' title="bbox 304 3923 2557 4001; baseline -0.002 -16"><span class='ocrx_word' id='word_1_335' title='bbox 304 3930 643 4000; x_wconf 79' lang='lat' dir='ltr'><strong>adjectivum</strong></span> <span class='ocrx_word' id='word_1_336' title='bbox 682 3924 882 4001; x_wconf 78' lang='grc' dir='ltr'><em>γέρυς,</em></span> <span class='ocrx_word' id='word_1_337' title='bbox 930 3930 1085 4000; x_wconf 87' lang='lat' dir='ltr'><strong>qnod</strong></span> <span class='ocrx_word' id='word_1_338' title='bbox 1120 3929 1439 3999; x_wconf 79' lang='lat' dir='ltr'><strong>Hesychius</strong></span> <span class='ocrx_word' id='word_1_339' title='bbox 1475 3932 1662 3995; x_wconf 83' lang='lat' dir='ltr'><strong>affert,</strong></span> <span class='ocrx_word' id='word_1_340' title='bbox 1696 3930 2075 3997; x_wconf 82' lang='lat' dir='ltr'><strong>interpretans</strong></span> <span class='ocrx_word' id='word_1_341' title='bbox 2111 3923 2330 3999; x_wconf 77' lang='grc' dir='ltr'><em>γέρων,</em></span> <span class='ocrx_word' id='word_1_342' title='bbox 2374 3933 2557 3981; x_wconf 83' lang='lat' dir='ltr'><strong>tamen</strong></span> 
     </span>
     <span class='ocr_line' id='line_1_37' title="bbox 304 4004 2559 4085; baseline -0.001 -17"><span class='ocrx_word' id='word_1_343' title='bbox 304 4014 437 4070; x_wconf 87' lang='lat' dir='ltr'><strong>inde</strong></span> <span class='ocrx_word' id='word_1_344' title='bbox 471 4031 587 4070; x_wconf 89' lang='lat' dir='ltr'><strong>non</strong></span> <span class='ocrx_word' id='word_1_345' title='bbox 624 4019 804 4085; x_wconf 80' lang='grc' dir='ltr'><em>γραῖα</em></span> <span class='ocrx_word' id='word_1_346' title='bbox 840 4016 1025 4083; x_wconf 80' lang='lat' dir='ltr'><strong>potuit</strong></span> <span class='ocrx_word' id='word_1_347' title='bbox 1060 4014 1303 4069; x_wconf 75' lang='lat' dir='ltr'><strong>derivari</strong></span> <span class='ocrx_word' id='word_1_348' title='bbox 1341 4014 1441 4068; x_wconf 83' lang='lat' dir='ltr'><strong>scd</strong></span> <span class='ocrx_word' id='word_1_349' title='bbox 1479 4014 1674 4068; x_wconf 86' lang='lat' dir='ltr'><strong>debuit</strong></span> <span class='ocrx_word' id='word_1_350' title='bbox 1709 4008 1927 4084; x_wconf 76' lang='grc' dir='ltr'><em>γέρεια,</em></span> <span class='ocrx_word' id='word_1_351' title='bbox 1966 4019 2028 4067; x_wconf 87' lang='lat' dir='ltr'><strong>ut</strong></span> <span class='ocrx_word' id='word_1_352' title='bbox 2061 4008 2362 4084; x_wconf 75' lang='grc' dir='ltr'><em>πρέσβεια,</em></span> <span class='ocrx_word' id='word_1_353' title='bbox 2398 4004 2559 4082; x_wconf 78' lang='grc' dir='ltr'><em>ἡδεῖα</em></span> 
     </span>
     <span class='ocr_line' id='line_1_38' title="bbox 305 4098 2561 4169; baseline -0.002 -17"><span class='ocrx_word' id='word_1_354' title='bbox 305 4100 377 4153; x_wconf 82' lang='lat' dir='ltr'><strong>al.</strong></span> <span class='ocrx_word' id='word_1_355' title='bbox 446 4100 602 4155; x_wconf 86' lang='lat' dir='ltr'><strong>Idem</strong></span> <span class='ocrx_word' id='word_1_356' title='bbox 641 4101 713 4154; x_wconf 87' lang='lat' dir='ltr'><strong>de</strong></span> <span class='ocrx_word' id='word_1_357' title='bbox 750 4099 1022 4169; x_wconf 78' lang='lat' dir='ltr'><strong>Benfeyio</strong></span> <span class='ocrx_word' id='word_1_358' title='bbox 1058 4100 1223 4168; x_wconf 80' lang='lat' dir='ltr'><strong>valet,</strong></span> <span class='ocrx_word' id='word_1_359' title='bbox 1260 4101 1355 4168; x_wconf 91' lang='lat' dir='ltr'><strong>qui</strong></span> <span class='ocrx_word' id='word_1_360' title='bbox 1394 4099 1488 4152; x_wconf 83' lang='lat' dir='ltr'><strong>KZ</strong></span> <span class='ocrx_word' id='word_1_361' title='bbox 1516 4098 1649 4164; x_wconf 85' lang='lat' dir='ltr'><strong>vn,</strong></span> <span class='ocrx_word' id='word_1_362' title='bbox 1695 4103 1785 4152; x_wconf 65' lang='lat'><strong>125</strong></span> <span class='ocrx_word' id='word_1_363' title='bbox 1836 4103 1894 4152; x_wconf 85' lang='lat' dir='ltr'><strong>ct</strong></span> <span class='ocrx_word' id='word_1_364' title='bbox 1941 4103 2124 4169; x_wconf 61' lang='grc' dir='ltr'><em>γραῦς</em></span> <span class='ocrx_word' id='word_1_365' title='bbox 2166 4105 2294 4167; x_wconf 85' lang='lat' dir='ltr'><strong>(pro</strong></span> <span class='ocrx_word' id='word_1_366' title='bbox 2332 4098 2561 4166; x_wconf 61' lang='lat' dir='ltr'><strong>young)</strong></span> 
     </span>
     <span class='ocr_line' id='line_1_39' title="bbox 302 4179 2559 4261; baseline -0.002 -22"><span class='ocrx_word' id='word_1_367' title='bbox 302 4192 380 4261; x_wconf 64' lang='lat' dir='ltr'><strong>,et</strong></span> <span class='ocrx_word' id='word_1_368' title='bbox 400 4190 576 4256; x_wconf 80' lang='grc' dir='ltr'><em>γραῖα</em></span> <span class='ocrx_word' id='word_1_369' title='bbox 609 4190 740 4254; x_wconf 84' lang='lat' dir='ltr'><strong>(pro</strong></span> <span class='ocrx_word' id='word_1_370' title='bbox 776 4187 1013 4255; x_wconf 70' lang='lat' dir='ltr'><strong>ypoefux)</strong></span> <span class='ocrx_word' id='word_1_371' title='bbox 1045 4183 1117 4238; x_wconf 81' lang='lat' dir='ltr'><strong>ad</strong></span> <span class='ocrx_word' id='word_1_372' title='bbox 1152 4184 1523 4253; x_wconf 83' lang='lat' dir='ltr'><strong>antiquiorem</strong></span> <span class='ocrx_word' id='word_1_373' title='bbox 1563 4183 1790 4238; x_wconf 80' lang='lat' dir='ltr'><strong>formam</strong></span> <span class='ocrx_word' id='word_1_374' title='bbox 1826 4186 2068 4253; x_wconf 72' lang='grc' dir='ltr'><em>γεραΡῖ,</em></span> <span class='ocrx_word' id='word_1_375' title='bbox 2105 4199 2204 4252; x_wconf 88' lang='lat' dir='ltr'><strong>per</strong></span> <span class='ocrx_word' id='word_1_376' title='bbox 2223 4183 2349 4236; x_wconf 83' lang='lat' dir='ltr'><strong>snfl.</strong></span> <span class='ocrx_word' id='word_1_377' title='bbox 2373 4179 2559 4235; x_wconf 84' lang='lat' dir='ltr'><strong>femin.</strong></span> 
     </span>
     <span class='ocr_line' id='line_1_40' title="bbox 312 4270 1412 4340; baseline -0.003 -14"><span class='ocrx_word' id='word_1_378' title='bbox 312 4273 341 4283; x_wconf 79' lang='grc'><em>“</em></span> <span class='ocrx_word' id='word_1_379' title='bbox 373 4285 407 4326; x_wconf 83' lang='lat' dir='ltr'><strong>a</strong></span> <span class='ocrx_word' id='word_1_380' title='bbox 439 4287 611 4328; x_wconf 67' lang='lat' dir='ltr'><strong>mue.</strong></span> <span class='ocrx_word' id='word_1_381' title='bbox 648 4286 795 4340; x_wconf 72' lang='grc' dir='ltr'><strong>γερυ</strong></span> <span class='ocrx_word' id='word_1_382' title='bbox 831 4270 1132 4325; x_wconf 77' lang='lat' dir='ltr'><strong>derivatam</strong></span> <span class='ocrx_word' id='word_1_383' title='bbox 1168 4275 1412 4325; x_wconf 82' lang='lat' dir='ltr'><strong>revocat.</strong></span> 
     </span>
    </p>
   </div>
   <div class='ocr_carea' id='block_1_10' title="bbox 2021 4361 2156 4422">
    <p class='ocr_par' dir='ltr' id='par_1_11' title="bbox 2021 4361 2156 4422">
     <span class='ocr_line' id='line_1_41' title="bbox 2021 4361 2156 4422; baseline 0 0"><span class='ocrx_word' id='word_1_384' title='bbox 2021 4361 2036 4375; x_wconf 86' lang='lat'><strong>&#39;</strong></span> <span class='ocrx_word' id='word_1_385' title='bbox 2126 4374 2156 4422; x_wconf 79' lang='lat'>5</span> 
     </span>
    </p>
   </div>
  </div>
 </body>
</html>
