3166 4871
574 311 699 373 384

1501 478 1923 544 Parentium

575 604 638 665 C.
671 606 738 664 V.
783 624 839 683 p.
873 608 951 666 35
1039 604 1201 683 apud
1248 605 1500 664 Plinium
1547 605 1834 683 oppidum
1882 605 2235 684 appellatur,
2282 606 2386 664 sed
2433 605 2493 664 in
2540 607 2715 666 titulo
2764 625 2819 665 u.

576 710 696 769 335
763 709 910 780 „coh
955 708 1106 767 Iulia
1152 706 1536 767 Parentium“
1612 708 1857 785 dicitur,
1931 715 1997 768 ut
2052 708 2257 769 eodem
2325 712 2625 786 tempore,
2697 727 2818 786 quo

576 809 729 869 Pola
773 809 1034 870 deducta
1080 828 1210 870 esse
1254 810 1549 870 videatur.

1552 974 1835 1040 Verona

574 1099 643 1157 V.
690 1119 744 1175 p.
795 1102 935 1160 327.
1024 1098 1185 1176 apud
1248 1098 1501 1159 Plinium
1566 1104 1623 1160 3.
1686 1104 1807 1161 130
1866 1100 2249 1177 municipium
2312 1106 2580 1160 vocatur.

2699 1097 2816 1160 Sed

574 1199 772 1260 obstat
817 1202 1006 1260 solnm
1055 1201 1193 1260 huic
1238 1200 1560 1277 vocabulo,
1625 1203 1762 1277 quia
1812 1204 1871 1261 in
1920 1203 2098 1262 titulo
2147 1223 2202 1262 n.
2250 1207 2444 1279 3329,
2508 1204 2610 1279 qui
2666 1223 2716 1262 a.
2763 1221 2820 1280 p.

577 1303 712 1363 Chr.
741 1308 861 1365 265
895 1306 1156 1381 scriptus
1186 1310 1292 1374 est,
1339 1305 1557 1364 dicitur
1592 1304 1823 1365 colonia
1868 1307 2185 1381 „Augusta
2217 1324 2374 1365 nova
2405 1305 2818 1367 Gallieniana“

575 1411 635 1466 et
678 1407 836 1483 apud
882 1407 1155 1466 Tacitum
1203 1408 1273 1466 Η.
1317 1409 1371 1467 3.
1413 1410 1451 1468 8
1500 1408 1732 1467 colonia
1776 1413 2045 1468 vocatur.
2135 1407 2246 1468 sed
2295 1408 2421 1467 fieri
2468 1407 2691 1486 potuit,
2754 1413 2821 1467 ut

574 1508 821 1568 Tacitus
884 1513 1114 1568 erraret
1159 1527 1351 1585 aeque
1413 1515 1613 1586 atque,
1675 1529 1804 1569 cum
1853 1512 2183 1587 Augustam
2232 1509 2676 1570 Vindelicorum
2725 1529 2820 1569 co·

576 1612 790 1672 Ioniam
840 1615 1219 1688 nuncuparet
1262 1613 1485 1683 (Germ.
1530 1631 1578 1671 c.
1632 1611 1766 1689 41),
1829 1632 2026 1689 neque
2071 1613 2242 1673 titulo
2297 1632 2348 1672 a.
2396 1617 2517 1674 265
2583 1632 2638 1690 p.
2683 1612 2820 1672 Chr.

576 1715 802 1790 scripto
848 1714 1084 1773 videtur
1145 1716 1289 1774 satis
1344 1714 1497 1774 effici
1555 1733 1758 1791 posse,
1829 1720 1894 1774 ut
1956 1733 2088 1775 cum
2139 1715 2463 1792 Borghesio
2526 1715 2818 1776 coloniam

576 1817 734 1876 inter
776 1817 1036 1895 Augusti
1082 1817 1347 1878 colonias
1392 1816 1742 1877 referamus.

1250 1981 1352 2047 Au
1363 1982 1575 2062 gusta
1619 1979 2153 2062 Bagiennorum

579 2108 647 2165 V.
693 2126 750 2184 p.
799 2110 940 2168 873.
1007 2111 1169 2168 certe
1213 2107 1473 2185 Augusti
1537 2108 1770 2167 colonia
1816 2126 1932 2166 nou
1996 2112 2119 2184 est,
2179 2108 2236 2166 in
2300 2109 2474 2167 titulo
2535 2127 2590 2166 n.
2654 2111 2818 2168 7153

577 2209 734 2268 inter
780 2210 1104 2288 municipia
1149 2208 1422 2269 refertur.

756 2410 794 2470 ¹)
829 2405 900 2461 cf.
940 2409 1000 2462 C.
1039 2406 1080 2461 Ι.
1118 2410 1179 2462 L.
1216 2406 1316 2462 111.
1356 2424 1407 2477 p.
1447 2410 1559 2462 711.

1326 2834 2079 2914 Summarium.

571 3002 915 3059 Prooemium
1185 3043 1198 3056 .
1338 3044 1350 3057 .
1492 3045 1503 3057 .
1645 3045 1658 3057 .
2103 3044 2116 3057 .
2411 3046 2423 3058 .
2563 3044 2576 3057 .

572 3089 709 3157 Cap.
750 3087 791 3142 1.
865 3087 1083 3152 Quibus
1120 3085 1371 3143 fontibus
1410 3089 1731 3157 disquisitio
1769 3089 1837 3143 de
1874 3089 2106 3143 coloniis
2139 3089 2209 3143 ab
2235 3088 2539 3157 Augusto'
2524 3106 2579 3143 m

1184 3173 1344 3226 ltalia
1382 3174 1648 3227 deductis
1673 3174 1879 3228 nitatur
1952 3216 1963 3227 .
2256 3213 2269 3227 .

707 3262 737 3323 ξ
778 3263 819 3312 1.
878 3257 966 3312 De
1000 3258 1233 3312 coloniis
1254 3254 1503 3325 Augusti
1536 3259 1674 3327 quid
1701 3274 1880 3313 retum
1912 3259 2212 3328 scriptores
2231 3213 2581 3329 prodiderint

706 3343 738 3412 ξ
777 3347 824 3395 2.
886 3343 968 3395 De
1004 3343 1342 3396 coloniarum
1379 3343 1660 3397 indicibus

706 3428 738 3497 ξ
780 3432 827 3480 3.
892 3427 978 3481 De
1018 3426 1270 3482 fontibus
1307 3429 1512 3496 quibus
1536 3429 1749 3482 Iliuius
1786 3428 1843 3481 in
1881 3429 2041 3483 Italia
2078 3429 2446 3483 describenda
2483 3446 2576 3499 po-

1183 3514 1455 3568 tissimum
1493 3514 1567 3568 sit
1604 3530 1742 3568 usus
2104 3556 2116 3568 .
2256 3555 2269 3568 .

706 3600 738 3667 ξ
774 3603 820 3651 4.
877 3598 1216 3667 Disquisitio
1253 3600 1323 3653 de
1359 3599 1544 3653 indice
1568 3599 1825 3653 Pliniauo
1851 3600 2212 3654 continuatur
2234 3607 2293 3654 et
2315 3600 2386 3653 ad
2413 3595 2574 3654 finem

1182 3684 1509 3753 perducitur

706 3771 738 3839 ξ
775 3775 823 3823 5.
882 3769 964 3823 De
1003 3770 1345 3824 coloniarum
1383 3770 1702 3823 nominibus
1798 3811 1810 3823 .
2256 3808 2268 3822 .
2407 3811 2419 3823 .

572 3855 708 3925 Cap.
748 3855 817 3909 11.
890 3855 973 3910 De
1000 3855 1236 3923 singulis
1262 3855 1493 3909 coloniis
1531 3855 1666 3922 quid
1705 3855 1984 3924 proditum
2024 3857 2111 3921 sit,
2149 3855 2469 3924 disquisitio
2505 3813 2574 3909 ad

1184 3938 1493 3993 Plinianutn
1534 3939 1775 3994 indicem
1814 3941 2226 3995 ·tccommodata
2563 3981 2577 3994 .

705 4027 737 4095 ς·
781 4030 820 4079 1.
874 4023 1051 4079 ludex
1090 4025 1372 4079 Plinianus
1411 4024 1530 4079 sive
1569 4026 1818 4080 coioniae
1844 4040 1987 4093 quae
2014 4026 2371 4080 continentur
2393 4026 2576 4080 indice

1182 4110 1435 4163 Pliniauo
1947 4152 1959 4164 .

705 4194 738 4263 ἓ
775 4198 822 4246 2.
878 4194 1143 4249 Coloniae
1180 4209 1323 4261 quae
1359 4194 1569 4247 desunt
1603 4193 1777 4248 indici
1814 4193 2070 4247 Pliniano

2716 3177 2817 3227 349

2717 3264 2818 3312 349

2715 3349 2814 3396 353

2715 3519 2816 3567 354

2714 3689 2815 3739 358

2713 3774 2815 3823 360

2716 3945 2814 3994 364

2712 4114 2814 4163 364

2713 4199 2813 4249 380
