3166 4871
474 1273 853 1350 Aristoteles
910 1306 1032 1367 qua
1090 1289 1324 1350 ratione
1380 1289 1726 1366 Euripidem
1779 1294 2093 1369 poetarum
2139 1291 2390 1353 maxime
2432 1295 2549 1352 tra-

306 1391 501 1467 gicum
561 1392 812 1469 dixerit,
872 1382 1006 1451 eum
1072 1408 1266 1469 nuper
1325 1392 1433 1452 viri
1492 1392 1653 1452 docti
1712 1392 1909 1454 denuo
1967 1393 2466 1471 investigaverint
2486 1391 2552 1472 ¹),

305 1494 633 1554 sententias
694 1493 1107 1572 protulerunt,
1177 1511 1332 1571 quae
1392 1511 1591 1570 neque
1661 1499 1880 1573 poetae
1949 1513 2146 1574 neque
2213 1496 2551 1574 philosophi

302 1596 540 1673 ingenio
589 1597 733 1657 satis
778 1595 1149 1674 respondere
1194 1596 1490 1656 videntur.
1578 1599 1795 1674 Itaque
1855 1617 1976 1658 non
2034 1599 2246 1659 inutile
2288 1616 2419 1660 esse
2463 1599 2550 1658 iu-

305 1697 496 1758 dicavi
544 1717 675 1759 eam
720 1716 844 1758 rem
889 1699 1230 1758 accuratius
1274 1702 1603 1761 retractare
1647 1705 1859 1778 atque,
1913 1701 1965 1760 si
2018 1700 2258 1761 efficere
2294 1718 2553 1779 possem,

300 1801 637 1864 absolvere.

469 1905 553 1964 Et
612 1905 865 1983 primum
931 1902 1207 1982 quidem,
1283 1922 1403 1980 quo
1475 1922 1677 1964 rerum
1752 1908 1812 1965 et
1881 1904 2199 1966 verborum
2266 1907 2552 1966 contextu

298 2006 662 2067 Aristoteles
704 2006 856 2066 illud
899 2005 975 2066 de
1006 2004 1294 2082 Euripide
1327 2006 1610 2066 iudicium
1643 2007 2042 2086 proposuerit.
2082 2007 2553 2067 reminiscamur.

297 2108 467 2169 Artis
510 2109 786 2185 poeticae
833 2108 1030 2185 capite
1073 2108 1216 2168 XIII
1249 2107 1600 2169 Aristoteles
1629 2113 1947 2186 postquam
1991 2108 2210 2187 docuit,
2253 2108 2552 2186 quomodo

296 2209 511 2271 fabula
571 2215 735 2271 recte
795 2211 1223 2287 constituatur,
1281 2210 1343 2268 in
1400 2209 1618 2286 quibus
1672 2215 1788 2288 est,
1848 2229 1978 2271 eam
2036 2212 2252 2270 mutari
2313 2229 2433 2272 non
2489 2212 2551 2270 in

293 2330 656 2391 prosperam
704 2312 1002 2374 fortunam
1044 2331 1120 2372 ex
1149 2310 1406 2372 adversa
1435 2316 1734 2391 oportere,
1777 2314 1882 2373 sed
1914 2318 2124 2374 contra
2155 2331 2230 2374 ex
2260 2331 2553 2391 prospera

294 2416 356 2476 in
401 2414 755 2494 adversam,
810 2433 1013 2477 errare
1069 2432 1173 2476 eos
1218 2414 1387 2494 dicit,
1458 2416 1562 2494 qui
1609 2420 1897 2478 accusent
1940 2415 2292 2495 Euripidem
2352 2415 2415 2476 in
2479 2433 2552 2477 ea

291 2519 427 2598 ipsa
472 2538 577 2597 re,
635 2518 797 2596 quod
843 2518 958 2579 hoc
1001 2518 1181 2578 faciat
1222 2518 1286 2577 in
1346 2519 1676 2595 tragoediis
1728 2523 1789 2580 et
1848 2518 2069 2579 multae
2111 2519 2299 2597 ipsius
2341 2518 2402 2578 in
2449 2518 2551 2577 ad-

292 2640 538 2682 versam
585 2620 884 2681 fortunam
932 2627 1164 2681 exeant.
1254 2620 1322 2680 Id
1369 2622 1526 2681 enim
1572 2627 1803 2682 rectum
1849 2639 2014 2698 esse,
2071 2625 2139 2680 ut
2193 2619 2416 2680 dictum
2461 2621 2555 2699 sit,

291 2742 363 2785 ac
407 2727 655 2802 siguum
707 2724 835 2784 eius
892 2723 981 2783 rei
1038 2724 1356 2783 maximum
1419 2740 1583 2784 esse:
1644 2723 1705 2783 in
1764 2725 1964 2784 scenis
2020 2724 2179 2783 enim
2208 2719 2214 2725 ’
2241 2726 2302 2783 et
2361 2724 2551 2782 certa-

294 2826 563 2887 minibus
610 2825 760 2886 tales
805 2826 1056 2885 maxime
1100 2843 1395 2904 apparere
1439 2825 1729 2904 tragicas,
1773 2826 1821 2885 si
1867 2829 2031 2886 recte
2077 2824 2449 2902 dirigantur3
2493 2827 2555 2885 et

296 2928 673 3008 Euripidem,
715 2928 984 3005 quamvis
1016 2915 1219 2988 cetera
1248 2945 1367 2987 non
1398 2927 1552 2988 bene
1583 2927 1881 3006 disponat,
1924 2931 2123 2988 tamen
2154 2927 2313 2987 inter
2342 2929 2553 3005 poetas

296 3033 557 3092 maxime
606 3047 923 3108 apparere
948 3030 1258 3107 tragicum.
1273 3026 1323 3103 2)

466 3135 571 3194 Ex
619 3151 737 3211 quo
785 3137 947 3193 recte
993 3131 1267 3192 concludi
1312 3131 1552 3192 videtur
1583 3132 1714 3210 ipso
1743 3114 1912 3191 fatali
1940 3130 2105 3192 exitu
2136 3131 2291 3191 tales
2321 3129 2554 3190 fabulas

290 3236 451 3297 iuter
512 3237 668 3297 alias
724 3241 786 3297 et
840 3234 1188 3313 Euripidem
1242 3235 1398 3296 inter
1457 3235 1607 3295 alios
1661 3239 1874 3312 poetas
1918 3252 1993 3294 ex
2035 3231 2380 3294 Aristotelis
2424 3250 2554 3293 sen·

473 3453 517 3517 ¹)
554 3447 862 3517 Susemihl‚
906 3446 1250 3503 Aristoteles
1294 3447 1434 3502 iiber
1468 3446 1560 3503 die
1594 3446 1968 3502 Dichtkunst²
2008 3449 2154 3501 1874.
2223 3446 2557 3517 Einleitung

295 3538 544 3589 27—29.
584 3537 704 3589 247.
742 3527 815 3587 A.
858 3536 970 3587 126.
1042 3532 1102 3587 C.
1139 3532 1434 3601 Schwabe,
1473 3531 1812 3587 Aristoteles
1848 3531 1929 3587 als
1966 3529 2219 3585 Kritiker
2262 3531 2362 3586 des
2399 3530 2592 3586 Euri-1

287 3621 478 3691 pides,
513 3618 872 3675 Jahrbiicher
906 3618 1051 3676 CIX.
1087 3622 1363 3673 97-108.
1433 3617 1501 3672 fl.
1536 3618 1867 3687 Baumgart,
1917 3617 2031 3672 Der
2063 3616 2286 3687 Begriff
2314 3616 2414 3672 der
2447 3623 2554 3671 na-

282 3704 541 3778 gischen
578 3703 895 3773 Katharsis‚
932 3701 1298 3772 sahi-bucher,
1336 3702 1480 3759 CXI.
1518 3706 1665 3758 81-
1681 3705 1793 3756 118.
1831 3702 1901 3759 de
1937 3702 2224 3771 Euripide,
2261 3706 2394 3756 90—
2415 3706 2499 3756 91.

464 3794 516 3860 ²)
553 3789 645 3846 διὸ
692 3788 791 3845 καὶ
837 3784 893 3845 οἱ
930 3782 1208 3860 Ευριπίδῃ
1247 3783 1633 3858 ἐγκαλοῦντες
1666 3783 1734 3842 τὸ
1776 3779 1919 3843 αυτὸ
1959 3779 2419 3858 ἁμαρτάνουσιν,
2467 3777 2556 3841 ότι

281 3883 467 3934 τοῦτο
507 3880 624 3952 δρᾷ
665 3869 729 3931 ἐν
762 3881 888 3940 ταῖς
922 3872 1264 3949 τραγῳδίαις
1309 3871 1410 3929 καὶ
1444 3871 1655 3929 πολλαὶ
1691 3865 1870 3929 αὐτοῦ
1908 3868 1993 3938 εἰς
2028 3870 2332 3942 δυστυχίαν
2366 3874 2556 3927 tel-ev·

279 3969 489 4020 τῶσιν.
530 3966 715 4016 τοῦτο
752 3956 867 4032 γάρ
906 3954 1078 4026 ἐστιν,
1116 3951 1318 4030 ω’σπερ
1356 3951 1595 4031 εἴρηται,
1633 3951 1839 4031 ὀρθόν.
1878 3963 2119 4027 σημεῖον
2154 3954 2215 4014 δὲ
2251 3951 2553 4026 μέγιστον·

283 4043 385 4107 ἐπὶ
417 4035 543 4119 γάρ
584 4051 705 4101 τῶν
741 4050 973 4115 σκηνῶν
1006 4042 1107 4100 καὶ
1141 4049 1261 4099 τῶν
1296 4037 1542 4114 αγιῦνων
1576 4038 2005 4116 τραγικώταται
2043 4039 2104 4097 αὶ
2138 4046 2398 4097 τοιαῦται
2420 4037 2548 4111 φαί-

278 4153 527 4198 νονται,
571 4125 646 4186 ἄν
683 4134 1174 4202 κατορθωθῶσιν,
1223 4127 1323 4185 καὶ
1371 4147 1404 4184 ο
1448 4121 1781 4200 Εὐριπίδης,
1831 4124 1886 4184 εἰ
1929 4125 2029 4183 καὶ
2074 4122 2147 4182 τὰ
2196 4120 2342 4180 ἄλλα
2376 4120 2455 4194 μὴ
2494 4114 2557 4198 ευ
2661 4192 2686 4203 -

283 4217 632 4286 οἰκονομει
670 4209 817 4272 α’λλὰ
845 4208 1284 4288 τραγικώτατός
1301 4233 1370 4285 γε
1397 4219 1516 4269 τῶν
1537 4218 1795 4284 ποιητῶν
1830 4211 2116 4284 φαίνεται.
2146 4215 2300 4269 1453
2313 4212 2558 4278 ,2.3-30

2085 4317 2147 4366 19
