3166 4871
2453 311 2578 376 383

508 485 626 547 Sed
674 486 749 545 ob
798 490 1012 562 portae
1045 487 1305 546 Marciae
1350 486 1814 564 inscriptionem,
1857 504 2014 564 quae
2055 485 2274 563 legitur
2315 485 2375 545 in
2405 486 2580 547 titulo

337 588 437 651 Or.
470 608 528 649 ιι.
573 592 654 649 94
703 587 978 659 „colonia
1020 588 1199 648 Vibia
1244 589 1398 666 Aug.
1442 588 1753 665 Perusia“‚
1797 589 2159 665 Borghesins
2182 585 2227 660 ¹)
2269 589 2579 649 Perusiam

334 691 491 751 inter
533 690 742 750 Italiae
797 691 1062 751 colonias
1107 691 1325 752 retulit.
1412 692 1489 750 Et
1533 692 1708 751 etiam
1751 692 1811 751 iu
1858 691 2053 752 edicto
2083 690 2396 768 Perusino,
2439 691 2578 751 anni

334 811 389 853 a.
432 793 495 853 C.
546 797 661 855 161
722 791 957 853 duoviri
1004 791 1423 872 inveniuntur,
1484 794 1587 871 qui
1648 793 1839 853 solum
1902 795 1959 853 in
2021 793 2268 853 coloniis
2326 794 2579 871 reperiri

336 894 554 955 solent.
652 893 768 955 Sed
817 894 995 955 etiam
1045 896 1105 955 in
1151 894 1362 955 eodem
1412 895 1543 973 ipso
1590 895 1785 956 edicto
1830 895 2114 972 oppidum
2163 914 2281 955 non
2328 895 2579 974 colonia,

302 1019 307 1024 ’
335 996 441 1057 sed
472 997 659 1058 solum
699 999 1009 1074 „Augusta
1038 997 1325 1058 Perusia“
1365 1001 1633 1058 vocatur.
1676 1029 1761 1040 —
1807 999 1923 1058 Res
1951 1016 2145 1076 aeque
2173 1001 2352 1076 atque
2381 997 2441 1059 in
2474 1017 2577 1077 op-

333 1097 489 1175 pidis
534 1099 747 1159 Iulium
796 1099 1109 1160 Carnicum
1157 1104 1219 1160 et
1261 1100 1479 1161 Iulium
1539 1101 1853 1161 Iriensium
1926 1100 2005 1174 (V
2048 1120 2106 1178 p.
2152 1104 2276 1163 829
2322 1105 2383 1162 et
2430 1099 2575 1173 172)

332 1201 417 1260 ita
462 1201 821 1277 explicanda
866 1207 973 1278 est,
1018 1206 1086 1261 ut
1128 1203 1376 1262 Perusia
1423 1203 1663 1263 nomine
1714 1202 2029 1281 „Augusta
2069 1203 2357 1263 Perusia“
2404 1204 2576 1264 vicus

334 1307 510 1380 esset,
553 1307 767 1381 postea
811 1304 1077 1364 coloniae
1123 1305 1508 1381 magistratus
1552 1306 1883 1381 acciperet,
1946 1309 2246 1382 postremo
2292 1324 2425 1366 cum
2472 1307 2573 1366 im·

334 1410 585 1482 perante
632 1405 693 1467 C.
744 1406 911 1466 Vibio
958 1406 1132 1467 Gallo
1178 1403 1606 1485 (251—253),
1666 1406 1768 1485 qui
1812 1393 2237 1468 Perusinorum
2284 1413 2575 1485 patronus

333 1507 448 1569 fuit
490 1513 595 1568 aut
638 1508 772 1569 ideo
818 1514 1055 1569 creatus
1100 1514 1208 1582 est,
1252 1510 1328 1569 ad
1377 1528 1597 1570 nomen
1644 1514 1711 1569 et
1748 1511 1843 1570 ius
1887 1510 2154 1571 coloniae
2185 1512 2575 1589 pervenisset,

332 1628 548 1670 nomen
602 1611 947 1690 „Augusta“
999 1612 1268 1690 priorum
1315 1616 1650 1691 temporum
1699 1617 1986 1673 servaret.

977 1825 1302 1894 Castrum
1348 1826 1616 1892 Novum
1661 1832 1932 1906 (Piceni).

505 1951 898 2013 Existimatur
943 1952 1179 2012 colonia
1209 1953 1427 2012 civium
1459 1954 1878 2029 Romanorum,
1922 1953 2026 2012 sed
2071 1954 2298 2014 nullum
2346 1958 2573 2014 certum

329 2053 727 2114 testimonium
775 2059 1001 2126 exstat,
1048 2073 1168 2131 quo
1222 2055 1280 2114 id
1335 2055 1646 2115 stabilitur.
1705 2085 1789 2095 —
1844 2056 1909 2116 In
1961 2055 2136 2116 Plinii
2180 2056 2376 2117 indice
2418 2055 2576 2117 inter

332 2157 610 2216 Etruriae
660 2158 883 2234 oppida
931 2158 1265 2218 invenimus
1310 2159 1604 2218 coloniam
1655 2157 1925 2219 Castrum
1958 2159 2225 2237 Novum,
2269 2159 2424 2220 tituli
2471 2157 2575 2220 Or.

329 2276 388 2318 n.
435 2262 595 2321 1009
643 2263 704 2319 et
747 2279 805 2318 n.
837 2263 1002 2320 5543
1049 2261 1162 2320 col.
1207 2261 1413 2320 Iuliam
1449 2262 1723 2322 Castrum
1756 2280 1976 2321 novum
2021 2261 2081 2321 in
2127 2262 2350 2322 Piceno
2394 2263 2571 2323 situm

331 2366 712 2441 nuncupant;
773 2361 980 2423 titulus
1037 2364 1190 2423 enim
1239 2362 1341 2424 Or.
1387 2383 1443 2423 n.
1493 2367 1658 2426 1009
1705 2381 1895 2443 prope
1941 2363 2016 2423 ad
2064 2363 2366 2442 oppidum,
2411 2365 2571 2442 quod

333 2464 511 2523 hodie
557 2465 997 2526 Civitavecchia
1039 2471 1143 2538 est,
1187 2472 1466 2544 repertus
1511 2472 1618 2528 est.
1689 2466 1805 2528 Sed
1854 2468 1912 2526 hi
1950 2467 2068 2527 duo
2114 2468 2273 2528 tituli
2316 2469 2574 2530 ineuntis

330 2568 530 2645 quarti
577 2569 800 2629 saeculi
846 2571 1084 2630 omniuo
1130 2588 1247 2630 uon
1279 2569 1562 2630 videntur
1592 2569 1889 2647 sufficere,
1932 2575 1999 2629 ut
2027 2569 2299 2631 Castrum
2331 2572 2570 2632 Novum

329 2670 586 2749 Augusti
634 2672 925 2732 coloniam
971 2672 1393 2733 existimemus.

1280 2869 1634 2936 Firmum.

502 2996 562 3056 C.
611 2996 692 3054 IX
740 3014 798 3072 p.
843 2998 985 3056 508.
1030 3025 1112 3035 —
1167 2995 1349 3073 Apud
1396 2997 1651 3055 Plinium
1701 3000 1755 3057 3.
1803 3000 1921 3056 111
1969 2998 2163 3056 solum
2209 2997 2284 3056 de
2328 2998 2574 3058 castello

328 3097 995 3158 Firmanorum-sermo
1057 3101 1163 3157 est.
1223 3127 1308 3138 —
1361 3098 1587 3157 Tamen
1637 3099 1898 3158 Firmum
1959 3099 2115 3158 inter
2157 3097 2418 3174 Augusti
2476 3118 2572 3160 co·

326 3198 516 3258 lonias
574 3198 954 3259 referendum
1015 3206 1122 3258 est.
1221 3199 1373 3259 Nam
1437 3218 1800 3276 quamquam
1861 3201 2069 3260 titulus
2115 3219 2170 3259 n.
2215 3204 2338 3262 534
2390 3201 2570 3278 „Imp.

328 3302 549 3362 Caesar
592 3302 746 3379 Aug.
786 3296 796 3381 Ι
835 3303 1008 3363 Pont.
1056 3303 1195 3362 Max
1240 3319 1460 3378 parens
1499 3297 1509 3380 Ι
1551 3303 1830 3362 coloniae
1874 3300 2099 3379 dedit“,
2151 3320 2224 3362 ex
2270 3320 2390 3379 quo
2429 3304 2572 3364 Bor-

328 3405 573 3481 ghesius
633 3407 792 3483 (opp.
839 3407 910 3464 V.
956 3403 1106 3478 271)
1161 3405 1359 3465 effecit
1401 3404 1741 3482 Angustum
1800 3405 2093 3465 coloniam
2152 3405 2410 3465 Firmum
2470 3405 2573 3467 de·

329 3507 606 3584 duxisse,
667 3509 716 3566 si
778 3526 895 3567 non
958 3510 1120 3567 recte
1182 3506 1372 3567 falsus
1417 3508 1687 3584 graviter
1732 3510 2054 3584 suspectus
2101 3512 2191 3566 est
2234 3506 2359 3580 (IX.
2406 3502 2569 3581 28⁴²),

327 3615 524 3669 tamen
589 3629 663 3670 ex
720 3610 916 3670 edicto
980 3610 1302 3670 Domitiani
1362 3630 1418 3670 n.
1478 3613 1653 3671 5420
1711 3609 1811 3683 (=
1871 3608 1973 3671 Or.
2019 3606 2210 3681 3118)
2274 3611 2570 3686 legionem

328 3718 602 3788 quartam
649 3712 711 3773 C.
745 3712 1020 3773 Caesaris
1062 3713 1322 3774 Firmum
1370 3712 1691 3773 deductam
1738 3729 1870 3771 esse
1905 3718 2181 3781 ,constan
2227 3717 2288 3772 et
2331 3714 2392 3772 in
2438 3713 2571 3773 aliis

326 3814 513 3874 titulis
556 3833 613 3874 n.
659 3819 843 3888 5337,
889 3819 1055 3878 5363
1101 3834 1228 3894 seq.
1274 3816 1510 3876 colonia
1555 3819 1959 3893 nuncupatur.
2055 3815 2287 3876 Nomen
2336 3814 2564 3884 „Iulia“

326 3915 605 3977 habuisse
663 3920 826 3979 recte
881 3918 1033 3978 effici
1088 3937 1209 3979 non
1264 3922 1464 3995 potest
1507 3936 1581 3978 ex
1627 3916 1896 3994 reliquiis
1955 3916 2114 3977 tituli
2158 3916 2257 3978 v1.
2301 3936 2356 3977 ιι.
2408 3921 2606 3980 1481.

330 4018 674 4095 cur(atoris)
720 4022 805 4081 rei
851 4018 1175 4099 p(ublicae)
1222 4021 1265 4079 L
1295 4065 1309 4078 .
1342 4065 1354 4078 .
1385 4064 1401 4080 .
1430 4064 1446 4080 .
1491 4017 1973 4093 Firman(orum).

502 4288 545 4353 ¹)
578 4284 646 4341 cf.
682 4284 957 4356 Borghesi
992 4285 1027 4341 l.
1067 4287 1101 4340 l.
