<?xml version="1.0" encoding="UTF-8"?>
<!DOCTYPE html PUBLIC "-//W3C//DTD XHTML 1.0 Transitional//EN"
    "http://www.w3.org/TR/xhtml1/DTD/xhtml1-transitional.dtd">
<html xmlns="http://www.w3.org/1999/xhtml" xml:lang="en" lang="en">
 <head>
  <title>
</title>
<meta http-equiv="Content-Type" content="text/html;charset=utf-8" />
  <meta name='ocr-system' content='tesseract 3.04.00' />
  <meta name='ocr-capabilities' content='ocr_page ocr_carea ocr_par ocr_line ocrx_word'/>
</head>
<body>
  <div class='ocr_page' id='page_1' title='image "./dissertationesp00hallgoog_0752.png"; bbox 0 0 3166 4871; ppageno 0'>
   <div class='ocr_carea' id='block_1_1' title="bbox 512 305 634 367">
    <p class='ocr_par' dir='ltr' id='par_1_1' title="bbox 512 305 634 367">
     <span class='ocr_line' id='line_1_1' title="bbox 512 305 634 367; baseline 0.008 -1"><span class='ocrx_word' id='word_1_1' title='bbox 512 305 634 367; x_wconf 87' lang='lat'>388</span> 
     </span>
    </p>
   </div>
   <div class='ocr_carea' id='block_1_2' title="bbox 506 480 2766 3226">
    <p class='ocr_par' dir='ltr' id='par_1_2' title="bbox 512 480 2758 970">
     <span class='ocr_line' id='line_1_2' title="bbox 512 480 2758 560; baseline 0.001 -18"><span class='ocrx_word' id='word_1_2' title='bbox 512 483 916 558; x_wconf 83' lang='lat' dir='ltr'>Muratorius,</span> <span class='ocrx_word' id='word_1_3' title='bbox 994 483 1316 560; x_wconf 87' lang='lat' dir='ltr'>Gruterus,</span> <span class='ocrx_word' id='word_1_4' title='bbox 1391 480 1749 559; x_wconf 64' lang='lat' dir='ltr'>Orelliusss),</span> <span class='ocrx_word' id='word_1_5' title='bbox 1822 482 1924 542; x_wconf 91' lang='lat' dir='ltr'>alii</span> <span class='ocrx_word' id='word_1_6' title='bbox 1985 482 2125 559; x_wconf 89' lang='lat' dir='ltr'>quid</span> <span class='ocrx_word' id='word_1_7' title='bbox 2181 482 2361 542; x_wconf 84' lang='lat' dir='ltr'>fuerit</span> <span class='ocrx_word' id='word_1_8' title='bbox 2404 483 2758 544; x_wconf 78' lang='lat' dir='ltr'>discriminis</span> 
     </span>
     <span class='ocr_line' id='line_1_3' title="bbox 512 585 2755 663; baseline 0.001 -19"><span class='ocrx_word' id='word_1_9' title='bbox 512 585 668 644; x_wconf 87' lang='lat' dir='ltr'>inter</span> <span class='ocrx_word' id='word_1_10' title='bbox 713 585 1079 663; x_wconf 87' lang='lat' dir='ltr'>primipilum</span> <span class='ocrx_word' id='word_1_11' title='bbox 1131 592 1189 646; x_wconf 88' lang='lat' dir='ltr'>et</span> <span class='ocrx_word' id='word_1_12' title='bbox 1233 586 1659 663; x_wconf 80' lang='lat' dir='ltr'>primipilarem</span> <span class='ocrx_word' id='word_1_13' title='bbox 1705 586 1880 663; x_wconf 88' lang='lat' dir='ltr'>plane</span> <span class='ocrx_word' id='word_1_14' title='bbox 1929 587 2355 663; x_wconf 83' lang='lat' dir='ltr'>neglexerunt,</span> <span class='ocrx_word' id='word_1_15' title='bbox 2414 592 2480 645; x_wconf 89' lang='lat' dir='ltr'>ut</span> <span class='ocrx_word' id='word_1_16' title='bbox 2521 586 2755 647; x_wconf 85' lang='lat' dir='ltr'>Keller-</span> 
     </span>
     <span class='ocr_line' id='line_1_4' title="bbox 514 686 2753 776; baseline 0.002 -31"><span class='ocrx_word' id='word_1_17' title='bbox 514 706 764 776; x_wconf 84' lang='lat' dir='ltr'>mannus</span> <span class='ocrx_word' id='word_1_18' title='bbox 784 687 851 766; x_wconf 82' lang='lat'>⁴),</span> <span class='ocrx_word' id='word_1_19' title='bbox 896 688 997 765; x_wconf 91' lang='lat' dir='ltr'>qui</span> <span class='ocrx_word' id='word_1_20' title='bbox 1044 689 1102 747; x_wconf 92' lang='lat' dir='ltr'>in</span> <span class='ocrx_word' id='word_1_21' title='bbox 1139 687 1335 748; x_wconf 88' lang='lat' dir='ltr'>indice</span> <span class='ocrx_word' id='word_1_22' title='bbox 1369 706 1572 749; x_wconf 89' lang='lat' dir='ltr'>omnes</span> <span class='ocrx_word' id='word_1_23' title='bbox 1603 689 1826 760; x_wconf 87' lang='lat' dir='ltr'>titulos,</span> <span class='ocrx_word' id='word_1_24' title='bbox 1872 689 1972 765; x_wconf 89' lang='lat' dir='ltr'>qui</span> <span class='ocrx_word' id='word_1_25' title='bbox 2021 693 2124 748; x_wconf 89' lang='lat' dir='ltr'>aut</span> <span class='ocrx_word' id='word_1_26' title='bbox 2176 707 2268 765; x_wconf 89' lang='lat' dir='ltr'>„p.</span> <span class='ocrx_word' id='word_1_27' title='bbox 2298 686 2392 766; x_wconf 87' lang='lat' dir='ltr'>p.“</span> <span class='ocrx_word' id='word_1_28' title='bbox 2444 694 2548 749; x_wconf 89' lang='lat' dir='ltr'>aut</span> <span class='ocrx_word' id='word_1_29' title='bbox 2591 689 2753 749; x_wconf 88' lang='lat' dir='ltr'>aliud</span> 
     </span>
     <span class='ocr_line' id='line_1_5' title="bbox 513 790 2756 870; baseline 0 -21"><span class='ocrx_word' id='word_1_30' title='bbox 513 790 792 867; x_wconf 81' lang='lat' dir='ltr'>quiddam</span> <span class='ocrx_word' id='word_1_31' title='bbox 841 810 913 850; x_wconf 87' lang='lat' dir='ltr'>ex</span> <span class='ocrx_word' id='word_1_32' title='bbox 963 791 1032 850; x_wconf 88' lang='lat' dir='ltr'>iis</span> <span class='ocrx_word' id='word_1_33' title='bbox 1078 808 1235 868; x_wconf 88' lang='lat' dir='ltr'>quae</span> <span class='ocrx_word' id='word_1_34' title='bbox 1281 809 1467 868; x_wconf 85' lang='lat' dir='ltr'>supra</span> <span class='ocrx_word' id='word_1_35' title='bbox 1513 792 1746 869; x_wconf 87' lang='lat' dir='ltr'>rettuli,</span> <span class='ocrx_word' id='word_1_36' title='bbox 1803 792 2062 850; x_wconf 85' lang='lat' dir='ltr'>afferunt</span> <span class='ocrx_word' id='word_1_37' title='bbox 2106 791 2217 850; x_wconf 88' lang='lat' dir='ltr'>sub</span> <span class='ocrx_word' id='word_1_38' title='bbox 2263 791 2551 851; x_wconf 85' lang='lat' dir='ltr'>vocabulo</span> <span class='ocrx_word' id='word_1_39' title='bbox 2600 792 2756 870; x_wconf 86' lang='lat' dir='ltr'>„pri-</span> 
     </span>
     <span class='ocr_line' id='line_1_6' title="bbox 517 891 1305 970; baseline 0.003 -19"><span class='ocrx_word' id='word_1_40' title='bbox 517 891 857 970; x_wconf 86' lang='lat' dir='ltr'>mipilares“</span> <span class='ocrx_word' id='word_1_41' title='bbox 910 891 1305 966; x_wconf 75' lang='lat' dir='ltr'>enumel·at.⁶)</span> 
     </span>
    </p>

    <p class='ocr_par' dir='ltr' id='par_1_3' title="bbox 506 995 2760 1790">
     <span class='ocr_line' id='line_1_7' title="bbox 686 995 2733 1056; baseline 0 -2"><span class='ocrx_word' id='word_1_42' title='bbox 686 995 911 1055; x_wconf 82' lang='lat' dir='ltr'>Contra</span> <span class='ocrx_word' id='word_1_43' title='bbox 971 997 1365 1055; x_wconf 78' lang='lat' dir='ltr'>recentissImi</span> <span class='ocrx_word' id='word_1_44' title='bbox 1438 997 1854 1056; x_wconf 81' lang='lat' dir='ltr'>collectionum</span> <span class='ocrx_word' id='word_1_45' title='bbox 1916 995 2174 1055; x_wconf 82' lang='lat' dir='ltr'>editores</span> <span class='ocrx_word' id='word_1_46' title='bbox 2232 996 2553 1055; x_wconf 85' lang='lat' dir='ltr'>Henzenus</span> <span class='ocrx_word' id='word_1_47' title='bbox 2615 995 2733 1055; x_wconf 89' lang='lat' dir='ltr'>Wil</span> 
     </span>
     <span class='ocr_line' id='line_1_8' title="bbox 514 1095 2756 1176; baseline 0 -20"><span class='ocrx_word' id='word_1_48' title='bbox 514 1098 818 1156; x_wconf 87' lang='lat' dir='ltr'>mannsius</span> <span class='ocrx_word' id='word_1_49' title='bbox 864 1099 1267 1157; x_wconf 89' lang='lat' dir='ltr'>Mommsenus</span> <span class='ocrx_word' id='word_1_50' title='bbox 1314 1117 1478 1175; x_wconf 88' lang='lat' dir='ltr'>cum,</span> <span class='ocrx_word' id='word_1_51' title='bbox 1533 1098 1677 1174; x_wconf 90' lang='lat' dir='ltr'>quid</span> <span class='ocrx_word' id='word_1_52' title='bbox 1726 1097 2091 1176; x_wconf 81' lang='lat' dir='ltr'>significaret</span> <span class='ocrx_word' id='word_1_53' title='bbox 2141 1097 2295 1174; x_wconf 87' lang='lat' dir='ltr'>sigla</span> <span class='ocrx_word' id='word_1_54' title='bbox 2345 1116 2436 1174; x_wconf 86' lang='lat' dir='ltr'>„p.</span> <span class='ocrx_word' id='word_1_55' title='bbox 2483 1095 2574 1173; x_wconf 83' lang='lat' dir='ltr'>p.“</span> <span class='ocrx_word' id='word_1_56' title='bbox 2631 1101 2756 1157; x_wconf 91' lang='lat' dir='ltr'>tum</span> 
     </span>
     <span class='ocr_line' id='line_1_9' title="bbox 514 1200 2760 1278; baseline 0 -20"><span class='ocrx_word' id='word_1_57' title='bbox 514 1200 828 1259; x_wconf 72' lang='lat' dir='ltr'>discrimen</span> <span class='ocrx_word' id='word_1_58' title='bbox 865 1218 995 1260; x_wconf 86' lang='lat' dir='ltr'>esse</span> <span class='ocrx_word' id='word_1_59' title='bbox 1020 1201 1177 1260; x_wconf 84' lang='lat' dir='ltr'>inter</span> <span class='ocrx_word' id='word_1_60' title='bbox 1200 1200 1532 1278; x_wconf 85' lang='lat' dir='ltr'>primipilos</span> <span class='ocrx_word' id='word_1_61' title='bbox 1557 1206 1618 1260; x_wconf 88' lang='lat' dir='ltr'>et</span> <span class='ocrx_word' id='word_1_62' title='bbox 1641 1201 2037 1277; x_wconf 88' lang='lat' dir='ltr'>primipilares</span> <span class='ocrx_word' id='word_1_63' title='bbox 2061 1200 2298 1276; x_wconf 87' lang='lat' dir='ltr'>penitus</span> <span class='ocrx_word' id='word_1_64' title='bbox 2321 1206 2760 1277; x_wconf 85' lang='lat' dir='ltr'>perspexerunt</span> 
     </span>
     <span class='ocr_line' id='line_1_10' title="bbox 506 1300 2756 1380; baseline -0 -19"><span class='ocrx_word' id='word_1_65' title='bbox 506 1303 751 1380; x_wconf 85' lang='lat' dir='ltr'>jamque</span> <span class='ocrx_word' id='word_1_66' title='bbox 797 1304 953 1361; x_wconf 85' lang='lat' dir='ltr'>inter</span> <span class='ocrx_word' id='word_1_67' title='bbox 999 1321 1204 1362; x_wconf 89' lang='lat' dir='ltr'>omnes</span> <span class='ocrx_word' id='word_1_68' title='bbox 1250 1305 1413 1362; x_wconf 88' lang='lat' dir='ltr'>viros</span> <span class='ocrx_word' id='word_1_69' title='bbox 1463 1303 1705 1380; x_wconf 88' lang='lat' dir='ltr'>doctos,</span> <span class='ocrx_word' id='word_1_70' title='bbox 1772 1303 1872 1379; x_wconf 88' lang='lat' dir='ltr'>qui</span> <span class='ocrx_word' id='word_1_71' title='bbox 1933 1302 2117 1360; x_wconf 88' lang='lat' dir='ltr'>titulis</span> <span class='ocrx_word' id='word_1_72' title='bbox 2177 1300 2530 1376; x_wconf 83' lang='lat' dir='ltr'>colligendis</span> <span class='ocrx_word' id='word_1_73' title='bbox 2575 1306 2756 1378; x_wconf 89' lang='lat' dir='ltr'>atque</span> 
     </span>
     <span class='ocr_line' id='line_1_11' title="bbox 513 1402 2756 1482; baseline 0 -18"><span class='ocrx_word' id='word_1_74' title='bbox 513 1406 882 1482; x_wconf 77' lang='lat' dir='ltr'>explicandis</span> <span class='ocrx_word' id='word_1_75' title='bbox 927 1424 1168 1482; x_wconf 85' lang='lat' dir='ltr'>operam</span> <span class='ocrx_word' id='word_1_76' title='bbox 1218 1405 1533 1482; x_wconf 83' lang='lat' dir='ltr'>dederunt,</span> <span class='ocrx_word' id='word_1_77' title='bbox 1579 1410 1818 1465; x_wconf 88' lang='lat' dir='ltr'>constat</span> <span class='ocrx_word' id='word_1_78' title='bbox 1883 1402 1944 1477; x_wconf 92' lang='lat'>1)</span> <span class='ocrx_word' id='word_1_79' title='bbox 1989 1403 2201 1480; x_wconf 82' lang='lat' dir='ltr'>siglam</span> <span class='ocrx_word' id='word_1_80' title='bbox 2250 1424 2346 1482; x_wconf 74' lang='lat' dir='ltr'>„p.</span> <span class='ocrx_word' id='word_1_81' title='bbox 2391 1404 2510 1482; x_wconf 88' lang='lat' dir='ltr'>p.“,</span> <span class='ocrx_word' id='word_1_82' title='bbox 2554 1405 2654 1464; x_wconf 91' lang='lat' dir='ltr'>ubi</span> <span class='ocrx_word' id='word_1_83' title='bbox 2697 1405 2756 1464; x_wconf 90' lang='lat' dir='ltr'>in</span> 
     </span>
     <span class='ocr_line' id='line_1_12' title="bbox 513 1506 2756 1586; baseline -0 -19"><span class='ocrx_word' id='word_1_84' title='bbox 513 1509 734 1567; x_wconf 87' lang='lat' dir='ltr'>talibus</span> <span class='ocrx_word' id='word_1_85' title='bbox 780 1508 968 1568; x_wconf 87' lang='lat' dir='ltr'>titulis</span> <span class='ocrx_word' id='word_1_86' title='bbox 1015 1508 1209 1584; x_wconf 87' lang='lat' dir='ltr'>posita</span> <span class='ocrx_word' id='word_1_87' title='bbox 1257 1515 1362 1579; x_wconf 85' lang='lat' dir='ltr'>est,</span> <span class='ocrx_word' id='word_1_88' title='bbox 1409 1508 1484 1567; x_wconf 89' lang='lat' dir='ltr'>ad</span> <span class='ocrx_word' id='word_1_89' title='bbox 1528 1508 1957 1586; x_wconf 79' lang='lat' dir='ltr'>primipilarem</span> <span class='ocrx_word' id='word_1_90' title='bbox 1990 1507 2343 1583; x_wconf 85' lang='lat' dir='ltr'>dignitatem</span> <span class='ocrx_word' id='word_1_91' title='bbox 2376 1506 2756 1568; x_wconf 80' lang='lat' dir='ltr'>referendam</span> 
     </span>
     <span class='ocr_line' id='line_1_13' title="bbox 514 1607 2755 1687; baseline 0 -19"><span class='ocrx_word' id='word_1_92' title='bbox 514 1628 642 1669; x_wconf 89' lang='lat' dir='ltr'>esse</span> <span class='ocrx_word' id='word_1_93' title='bbox 699 1607 762 1681; x_wconf 81' lang='lat'>2)</span> <span class='ocrx_word' id='word_1_94' title='bbox 809 1610 868 1669; x_wconf 91' lang='lat' dir='ltr'>in</span> <span class='ocrx_word' id='word_1_95' title='bbox 917 1610 1028 1669; x_wconf 86' lang='lat' dir='ltr'>hac</span> <span class='ocrx_word' id='word_1_96' title='bbox 1074 1609 1361 1686; x_wconf 72' lang='lat' dir='ltr'>dignitate</span> <span class='ocrx_word' id='word_1_97' title='bbox 1409 1611 1897 1687; x_wconf 85' lang='lat' dir='ltr'>distinguendum</span> <span class='ocrx_word' id='word_1_98' title='bbox 1945 1627 2075 1669; x_wconf 89' lang='lat' dir='ltr'>esse</span> <span class='ocrx_word' id='word_1_99' title='bbox 2122 1609 2278 1669; x_wconf 90' lang='lat' dir='ltr'>inter</span> <span class='ocrx_word' id='word_1_100' title='bbox 2324 1609 2755 1687; x_wconf 87' lang='lat' dir='ltr'>primipilorum</span> 
     </span>
     <span class='ocr_line' id='line_1_14' title="bbox 515 1713 1405 1790; baseline 0 -18"><span class='ocrx_word' id='word_1_101' title='bbox 515 1713 782 1772; x_wconf 83' lang='lat' dir='ltr'>ordinem</span> <span class='ocrx_word' id='word_1_102' title='bbox 830 1718 889 1771; x_wconf 91' lang='lat' dir='ltr'>et</span> <span class='ocrx_word' id='word_1_103' title='bbox 934 1713 1405 1790; x_wconf 83' lang='lat' dir='ltr'>primipilarium.</span> 
     </span>
    </p>

    <p class='ocr_par' dir='ltr' id='par_1_4' title="bbox 516 1813 2757 2097">
     <span class='ocr_line' id='line_1_15' title="bbox 688 1813 2757 1893; baseline 0 -20"><span class='ocrx_word' id='word_1_104' title='bbox 688 1815 809 1873; x_wconf 84' lang='lat' dir='ltr'>Iam</span> <span class='ocrx_word' id='word_1_105' title='bbox 874 1833 1015 1874; x_wconf 83' lang='lat' dir='ltr'>vero</span> <span class='ocrx_word' id='word_1_106' title='bbox 1065 1833 1197 1874; x_wconf 90' lang='lat' dir='ltr'>cum</span> <span class='ocrx_word' id='word_1_107' title='bbox 1247 1815 1636 1893; x_wconf 87' lang='lat' dir='ltr'>primipilaris</span> <span class='ocrx_word' id='word_1_108' title='bbox 1682 1813 1958 1892; x_wconf 81' lang='lat' dir='ltr'>dignitas,</span> <span class='ocrx_word' id='word_1_109' title='bbox 2015 1819 2079 1875; x_wconf 90' lang='lat' dir='ltr'>ut</span> <span class='ocrx_word' id='word_1_110' title='bbox 2124 1814 2398 1892; x_wconf 86' lang='lat' dir='ltr'>vidimus,</span> <span class='ocrx_word' id='word_1_111' title='bbox 2443 1833 2575 1874; x_wconf 89' lang='lat' dir='ltr'>cum</span> <span class='ocrx_word' id='word_1_112' title='bbox 2623 1831 2757 1873; x_wconf 87' lang='lat' dir='ltr'>cen-</span> 
     </span>
     <span class='ocr_line' id='line_1_16' title="bbox 516 1916 2757 1995; baseline 0 -19"><span class='ocrx_word' id='word_1_113' title='bbox 516 1919 819 1976; x_wconf 84' lang='lat' dir='ltr'>turionum</span> <span class='ocrx_word' id='word_1_114' title='bbox 879 1918 953 1975; x_wconf 87' lang='lat' dir='ltr'>ad</span> <span class='ocrx_word' id='word_1_115' title='bbox 1020 1919 1277 1995; x_wconf 87' lang='lat' dir='ltr'>majores</span> <span class='ocrx_word' id='word_1_116' title='bbox 1333 1917 1558 1994; x_wconf 84' lang='lat' dir='ltr'>gradus</span> <span class='ocrx_word' id='word_1_117' title='bbox 1624 1922 1913 1994; x_wconf 85' lang='lat' dir='ltr'>provectu</span> <span class='ocrx_word' id='word_1_118' title='bbox 1959 1918 2250 1978; x_wconf 82' lang='lat' dir='ltr'>artissime</span> <span class='ocrx_word' id='word_1_119' title='bbox 2297 1916 2639 1993; x_wconf 82' lang='lat' dir='ltr'>cohaereat,</span> <span class='ocrx_word' id='word_1_120' title='bbox 2697 1917 2757 1976; x_wconf 88' lang='lat' dir='ltr'>in</span> 
     </span>
     <span class='ocr_line' id='line_1_17' title="bbox 516 2015 1946 2097; baseline -0.002 -17"><span class='ocrx_word' id='word_1_121' title='bbox 516 2025 827 2095; x_wconf 84' lang='lat' dir='ltr'>utramque</span> <span class='ocrx_word' id='word_1_122' title='bbox 876 2039 999 2079; x_wconf 86' lang='lat' dir='ltr'>rem</span> <span class='ocrx_word' id='word_1_123' title='bbox 1047 2021 1385 2080; x_wconf 85' lang='lat' dir='ltr'>accuratius</span> <span class='ocrx_word' id='word_1_124' title='bbox 1433 2021 1818 2097; x_wconf 87' lang='lat' dir='ltr'>inquiramus.</span> <span class='ocrx_word' id='word_1_125' title='bbox 1941 2015 1946 2020; x_wconf 74' lang='grc'><strong>’</strong></span> 
     </span>
    </p>

    <p class='ocr_par' dir='ltr' id='par_1_5' title="bbox 516 2121 2766 3226">
     <span class='ocr_line' id='line_1_18' title="bbox 687 2121 2762 2201; baseline -0 -20"><span class='ocrx_word' id='word_1_126' title='bbox 687 2124 825 2196; x_wconf 81' lang='lat' dir='ltr'>Qui</span> <span class='ocrx_word' id='word_1_127' title='bbox 872 2123 1154 2182; x_wconf 85' lang='lat' dir='ltr'>fuerint</span> <span class='ocrx_word' id='word_1_128' title='bbox 1198 2123 1742 2201; x_wconf 87' lang='lat' dir='ltr'>primipilares,</span> <span class='ocrx_word' id='word_1_129' title='bbox 1787 2141 1859 2182; x_wconf 83' lang='lat' dir='ltr'>ex</span> <span class='ocrx_word' id='word_1_130' title='bbox 1891 2123 2325 2182; x_wconf 85' lang='lat' dir='ltr'>Pandeetarum</span> <span class='ocrx_word' id='word_1_131' title='bbox 2358 2122 2490 2181; x_wconf 91' lang='lat' dir='ltr'>loco</span> <span class='ocrx_word' id='word_1_132' title='bbox 2520 2121 2762 2181; x_wconf 87' lang='lat' dir='ltr'>XXVII.</span> 
     </span>
     <span class='ocr_line' id='line_1_19' title="bbox 526 2213 2760 2302; baseline -0.002 -16"><span class='ocrx_word' id='word_1_133' title='bbox 526 2231 578 2286; x_wconf 91' lang='lat'>1.</span> <span class='ocrx_word' id='word_1_134' title='bbox 600 2229 754 2286; x_wconf 62' lang='lat'>&amp;10</span> <span class='ocrx_word' id='word_1_135' title='bbox 788 2224 1099 2284; x_wconf 86' lang='lat' dir='ltr'>discimus:</span> <span class='ocrx_word' id='word_1_136' title='bbox 1149 2226 1590 2302; x_wconf 84' lang='lat' dir='ltr'>„primipilares</span> <span class='ocrx_word' id='word_1_137' title='bbox 1625 2216 1688 2283; x_wconf 82' lang='grc' dir='ltr'>οἱ</span> <span class='ocrx_word' id='word_1_138' title='bbox 1719 2214 2148 2295; x_wconf 70' lang='grc' dir='ltr'><em>διανύσαντες</em></span> <span class='ocrx_word' id='word_1_139' title='bbox 2168 2213 2248 2283; x_wconf 85' lang='grc' dir='ltr'>τό</span> <span class='ocrx_word' id='word_1_140' title='bbox 2268 2218 2760 2302; x_wconf 72' lang='grc' dir='ltr'><strong><em>πριμὶπιλοι’“6)</em></strong></span> 
     </span>
     <span class='ocr_line' id='line_1_20' title="bbox 521 2323 2760 2404; baseline -0.001 -18"><span class='ocrx_word' id='word_1_141' title='bbox 521 2332 581 2387; x_wconf 92' lang='lat' dir='ltr'>et</span> <span class='ocrx_word' id='word_1_142' title='bbox 649 2329 774 2386; x_wconf 85' lang='lat' dir='ltr'>fere</span> <span class='ocrx_word' id='word_1_143' title='bbox 836 2333 1000 2387; x_wconf 88' lang='lat' dir='ltr'>reete</span> <span class='ocrx_word' id='word_1_144' title='bbox 1037 2327 1333 2404; x_wconf 84' lang='lat' dir='ltr'>judicavit</span> <span class='ocrx_word' id='word_1_145' title='bbox 1378 2328 1619 2403; x_wconf 85' lang='lat' dir='ltr'>Lipsius</span> <span class='ocrx_word' id='word_1_146' title='bbox 1645 2323 1691 2398; x_wconf 79' lang='lat'>⁷)</span> <span class='ocrx_word' id='word_1_147' title='bbox 1766 2327 2178 2404; x_wconf 86' lang='lat' dir='ltr'>„primipilaris</span> <span class='ocrx_word' id='word_1_148' title='bbox 2244 2327 2344 2403; x_wconf 90' lang='lat' dir='ltr'>qui</span> <span class='ocrx_word' id='word_1_149' title='bbox 2408 2326 2617 2385; x_wconf 85' lang='lat' dir='ltr'>habuit</span> <span class='ocrx_word' id='word_1_150' title='bbox 2674 2324 2760 2383; x_wconf 90' lang='lat' dir='ltr'>di·</span> 
     </span>
     <span class='ocr_line' id='line_1_21' title="bbox 516 2429 2760 2508; baseline -0.001 -18"><span class='ocrx_word' id='word_1_151' title='bbox 516 2431 821 2508; x_wconf 79' lang='lat' dir='ltr'>gnitatem,</span> <span class='ocrx_word' id='word_1_152' title='bbox 870 2429 1207 2507; x_wconf 85' lang='lat' dir='ltr'>primipilus</span> <span class='ocrx_word' id='word_1_153' title='bbox 1253 2432 1354 2508; x_wconf 91' lang='lat' dir='ltr'>qui</span> <span class='ocrx_word' id='word_1_154' title='bbox 1401 2430 1581 2490; x_wconf 86' lang='lat' dir='ltr'>habet</span> <span class='ocrx_word' id='word_1_155' title='bbox 1627 2461 1711 2470; x_wconf 89' lang='lat'>——-</span> <span class='ocrx_word' id='word_1_156' title='bbox 1756 2449 1892 2489; x_wconf 88' lang='lat' dir='ltr'>nam</span> <span class='ocrx_word' id='word_1_157' title='bbox 1943 2434 2168 2489; x_wconf 83' lang='lat' dir='ltr'>certum</span> <span class='ocrx_word' id='word_1_158' title='bbox 2217 2433 2308 2489; x_wconf 87' lang='lat' dir='ltr'>est</span> <span class='ocrx_word' id='word_1_159' title='bbox 2337 2430 2602 2489; x_wconf 85' lang='lat' dir='ltr'>Romano</span> <span class='ocrx_word' id='word_1_160' title='bbox 2648 2446 2760 2488; x_wconf 85' lang='lat' dir='ltr'>usu</span> 
     </span>
     <span class='ocr_line' id='line_1_22' title="bbox 517 2530 2764 2609; baseline -0 -18"><span class='ocrx_word' id='word_1_161' title='bbox 517 2533 629 2591; x_wconf 89' lang='lat' dir='ltr'>dici</span> <span class='ocrx_word' id='word_1_162' title='bbox 678 2532 1074 2609; x_wconf 83' lang='lat' dir='ltr'>primipilares</span> <span class='ocrx_word' id='word_1_163' title='bbox 1120 2534 1222 2608; x_wconf 91' lang='lat' dir='ltr'>qui</span> <span class='ocrx_word' id='word_1_164' title='bbox 1270 2533 1536 2603; x_wconf 88' lang='lat' dir='ltr'>fuerunt,</span> <span class='ocrx_word' id='word_1_165' title='bbox 1583 2537 1650 2591; x_wconf 91' lang='lat' dir='ltr'>ut</span> <span class='ocrx_word' id='word_1_166' title='bbox 1697 2530 2096 2593; x_wconf 80' lang='lat' dir='ltr'>consulares.“</span> <span class='ocrx_word' id='word_1_167' title='bbox 2201 2532 2608 2608; x_wconf 82' lang='lat' dir='ltr'>Aptissima</span> <span class='ocrx_word' id='word_1_168' title='bbox 2652 2535 2764 2591; x_wconf 89' lang='lat' dir='ltr'>est</span> 
     </span>
     <span class='ocr_line' id='line_1_23' title="bbox 520 2634 2760 2712; baseline -0.001 -18"><span class='ocrx_word' id='word_1_169' title='bbox 520 2637 668 2694; x_wconf 87' lang='lat' dir='ltr'>haee</span> <span class='ocrx_word' id='word_1_170' title='bbox 715 2636 1081 2712; x_wconf 79' lang='lat' dir='ltr'>comparatio</span> <span class='ocrx_word' id='word_1_171' title='bbox 1129 2635 1521 2711; x_wconf 87' lang='lat' dir='ltr'>primipilaris</span> <span class='ocrx_word' id='word_1_172' title='bbox 1554 2654 1686 2694; x_wconf 90' lang='lat' dir='ltr'>cum</span> <span class='ocrx_word' id='word_1_173' title='bbox 1730 2634 2054 2711; x_wconf 80' lang='lat' dir='ltr'>consulari3</span> <span class='ocrx_word' id='word_1_174' title='bbox 2100 2651 2461 2711; x_wconf 86' lang='lat' dir='ltr'>quamquam</span> <span class='ocrx_word' id='word_1_175' title='bbox 2494 2634 2760 2710; x_wconf 88' lang='lat' dir='ltr'>Lipsium</span> 
     </span>
     <span class='ocr_line' id='line_1_24' title="bbox 520 2736 2764 2813; baseline -0.001 -17"><span class='ocrx_word' id='word_1_176' title='bbox 520 2740 671 2796; x_wconf 86' lang='lat' dir='ltr'>hane</span> <span class='ocrx_word' id='word_1_177' title='bbox 717 2738 1157 2796; x_wconf 88' lang='lat' dir='ltr'>similitudinem</span> <span class='ocrx_word' id='word_1_178' title='bbox 1206 2737 1469 2797; x_wconf 91' lang='lat' dir='ltr'>nondum</span> <span class='ocrx_word' id='word_1_179' title='bbox 1516 2738 1754 2813; x_wconf 87' lang='lat' dir='ltr'>penitus</span> <span class='ocrx_word' id='word_1_180' title='bbox 1789 2736 2170 2812; x_wconf 83' lang='lat' dir='ltr'>perspexisse</span> <span class='ocrx_word' id='word_1_181' title='bbox 2202 2742 2377 2812; x_wconf 85' lang='lat' dir='ltr'>puto;</span> <span class='ocrx_word' id='word_1_182' title='bbox 2426 2736 2764 2795; x_wconf 84' lang='lat' dir='ltr'>habuerunt</span> 
     </span>
     <span class='ocr_line' id='line_1_25' title="bbox 520 2837 2764 2916; baseline -0.001 -16"><span class='ocrx_word' id='word_1_183' title='bbox 520 2842 673 2900; x_wconf 89' lang='lat' dir='ltr'>enim</span> <span class='ocrx_word' id='word_1_184' title='bbox 740 2860 856 2899; x_wconf 91' lang='lat' dir='ltr'>non</span> <span class='ocrx_word' id='word_1_185' title='bbox 920 2840 1109 2899; x_wconf 88' lang='lat' dir='ltr'>solum</span> <span class='ocrx_word' id='word_1_186' title='bbox 1174 2843 1234 2898; x_wconf 87' lang='lat' dir='ltr'>et</span> <span class='ocrx_word' id='word_1_187' title='bbox 1299 2841 1648 2900; x_wconf 86' lang='lat' dir='ltr'>consulares</span> <span class='ocrx_word' id='word_1_188' title='bbox 1705 2846 1764 2899; x_wconf 89' lang='lat' dir='ltr'>et</span> <span class='ocrx_word' id='word_1_189' title='bbox 1824 2838 2220 2916; x_wconf 85' lang='lat' dir='ltr'>primipilares</span> <span class='ocrx_word' id='word_1_190' title='bbox 2266 2839 2611 2914; x_wconf 86' lang='lat' dir='ltr'>dignitatem</span> <span class='ocrx_word' id='word_1_191' title='bbox 2657 2837 2764 2897; x_wconf 89' lang='lat' dir='ltr'>sed</span> 
     </span>
     <span class='ocr_line' id='line_1_26' title="bbox 519 2939 2765 3020; baseline -0.001 -19"><span class='ocrx_word' id='word_1_192' title='bbox 519 2943 717 3001; x_wconf 82' lang='lat' dir='ltr'>adhuc</span> <span class='ocrx_word' id='word_1_193' title='bbox 765 2943 1003 3001; x_wconf 82' lang='lat' dir='ltr'>habent.</span> <span class='ocrx_word' id='word_1_194' title='bbox 1063 2974 1149 2983; x_wconf 91' lang='lat'>-—</span> <span class='ocrx_word' id='word_1_195' title='bbox 1218 2943 1622 3020; x_wconf 84' lang='lat' dir='ltr'>Primipilares</span> <span class='ocrx_word' id='word_1_196' title='bbox 1667 2944 1846 3017; x_wconf 77' lang='lat' dir='ltr'>igitur</span> <span class='ocrx_word' id='word_1_197' title='bbox 1889 2942 2110 3001; x_wconf 87' lang='lat' dir='ltr'>fiebant</span> <span class='ocrx_word' id='word_1_198' title='bbox 2154 2962 2228 3000; x_wconf 80' lang='lat' dir='ltr'>ex</span> <span class='ocrx_word' id='word_1_199' title='bbox 2271 2939 2600 3018; x_wconf 81' lang='lat' dir='ltr'>primipilis,</span> <span class='ocrx_word' id='word_1_200' title='bbox 2645 2940 2765 3018; x_wconf 84' lang='lat' dir='ltr'>pri-</span> 
     </span>
     <span class='ocr_line' id='line_1_27' title="bbox 520 3044 2766 3122; baseline -0.001 -18"><span class='ocrx_word' id='word_1_201' title='bbox 520 3046 707 3122; x_wconf 90' lang='lat' dir='ltr'>mipili</span> <span class='ocrx_word' id='word_1_202' title='bbox 757 3052 955 3105; x_wconf 70' lang='lat' dir='ltr'>autom</span> <span class='ocrx_word' id='word_1_203' title='bbox 1002 3052 1173 3104; x_wconf 83' lang='lat' dir='ltr'>erant</span> <span class='ocrx_word' id='word_1_204' title='bbox 1219 3047 1393 3121; x_wconf 90' lang='lat' dir='ltr'>primi</span> <span class='ocrx_word' id='word_1_205' title='bbox 1436 3047 1616 3105; x_wconf 83' lang='lat' dir='ltr'>totius</span> <span class='ocrx_word' id='word_1_206' title='bbox 1647 3044 1901 3122; x_wconf 79' lang='lat' dir='ltr'>legionis</span> <span class='ocrx_word' id='word_1_207' title='bbox 1933 3046 2334 3120; x_wconf 82' lang='lat' dir='ltr'>centuriones,</span> <span class='ocrx_word' id='word_1_208' title='bbox 2378 3045 2478 3120; x_wconf 86' lang='lat' dir='ltr'>qui</span> <span class='ocrx_word' id='word_1_209' title='bbox 2510 3044 2766 3120; x_wconf 89' lang='lat' dir='ltr'>primum</span> 
     </span>
     <span class='ocr_line' id='line_1_28' title="bbox 520 3145 2671 3226; baseline -0.002 -17"><span class='ocrx_word' id='word_1_210' title='bbox 520 3149 789 3209; x_wconf 79' lang='lat' dir='ltr'>ordinem</span> <span class='ocrx_word' id='word_1_211' title='bbox 839 3150 1027 3226; x_wconf 89' lang='lat' dir='ltr'>pilum</span> <span class='ocrx_word' id='word_1_212' title='bbox 1075 3148 1132 3207; x_wconf 89' lang='lat' dir='ltr'>id</span> <span class='ocrx_word' id='word_1_213' title='bbox 1181 3154 1271 3207; x_wconf 87' lang='lat' dir='ltr'>est</span> <span class='ocrx_word' id='word_1_214' title='bbox 1315 3148 1569 3224; x_wconf 75' lang='lat' dir='ltr'>prImam</span> <span class='ocrx_word' id='word_1_215' title='bbox 1618 3148 1868 3225; x_wconf 87' lang='lat' dir='ltr'>legionis</span> <span class='ocrx_word' id='word_1_216' title='bbox 1913 3148 2238 3206; x_wconf 77' lang='lat' dir='ltr'>centuriam</span> <span class='ocrx_word' id='word_1_217' title='bbox 2286 3145 2671 3219; x_wconf 54' lang='lat' dir='ltr'>ducebamus)</span> 
     </span>
    </p>
   </div>
   <div class='ocr_carea' id='block_1_3' title="bbox 521 3343 2774 4355">
    <p class='ocr_par' dir='ltr' id='par_1_6' title="bbox 521 3343 2774 3668">
     <span class='ocr_line' id='line_1_29' title="bbox 692 3343 2774 3413; baseline 0 -18"><span class='ocrx_word' id='word_1_218' title='bbox 692 3350 737 3413; x_wconf 78' lang='lat'>³)</span> <span class='ocrx_word' id='word_1_219' title='bbox 774 3346 1013 3399; x_wconf 76' lang='lat' dir='ltr'>Orellius</span> <span class='ocrx_word' id='word_1_220' title='bbox 1076 3362 1404 3413; x_wconf 77' lang='lat' dir='ltr'>quamquain</span> <span class='ocrx_word' id='word_1_221' title='bbox 1460 3345 1746 3397; x_wconf 73' lang='lat' dir='ltr'>nonnullis</span> <span class='ocrx_word' id='word_1_222' title='bbox 1785 3344 1922 3397; x_wconf 79' lang='lat' dir='ltr'>locis</span> <span class='ocrx_word' id='word_1_223' title='bbox 1962 3363 2046 3413; x_wconf 84' lang='lat' dir='ltr'>„p.</span> <span class='ocrx_word' id='word_1_224' title='bbox 2084 3352 2169 3412; x_wconf 59' lang='lat' dir='ltr'>pf·</span> <span class='ocrx_word' id='word_1_225' title='bbox 2208 3350 2392 3396; x_wconf 77' lang='lat' dir='ltr'>notam</span> <span class='ocrx_word' id='word_1_226' title='bbox 2430 3350 2577 3396; x_wconf 77' lang='lat' dir='ltr'>recte</span> <span class='ocrx_word' id='word_1_227' title='bbox 2614 3343 2774 3395; x_wconf 80' lang='lat' dir='ltr'>intel·</span> 
     </span>
     <span class='ocr_line' id='line_1_30' title="bbox 521 3427 2773 3498; baseline -0.003 -13"><span class='ocrx_word' id='word_1_228' title='bbox 521 3432 658 3496; x_wconf 64' lang='lat' dir='ltr'>ugit,</span> <span class='ocrx_word' id='word_1_229' title='bbox 699 3437 879 3484; x_wconf 71' lang='lat' dir='ltr'>tanuen</span> <span class='ocrx_word' id='word_1_230' title='bbox 924 3431 1250 3498; x_wconf 77' lang='lat' dir='ltr'>plerumque</span> <span class='ocrx_word' id='word_1_231' title='bbox 1280 3446 1639 3498; x_wconf 73' lang='lat' dir='ltr'>pe1·c1·r‹·›1·en1</span> <span class='ocrx_word' id='word_1_232' title='bbox 1682 3430 2102 3497; x_wconf 79' lang='lat' dir='ltr'>„praeposit11s“</span> <span class='ocrx_word' id='word_1_233' title='bbox 2143 3430 2295 3495; x_wconf 78' lang='lat' dir='ltr'>legit,</span> <span class='ocrx_word' id='word_1_234' title='bbox 2330 3429 2489 3480; x_wconf 75' lang='lat' dir='ltr'>etiam</span> <span class='ocrx_word' id='word_1_235' title='bbox 2520 3428 2612 3481; x_wconf 80' lang='lat' dir='ltr'>ubi</span> <span class='ocrx_word' id='word_1_236' title='bbox 2641 3427 2773 3480; x_wconf 77' lang='lat' dir='ltr'>talis</span> 
     </span>
     <span class='ocr_line' id='line_1_31' title="bbox 521 3512 2771 3583; baseline -0.003 -13"><span class='ocrx_word' id='word_1_237' title='bbox 521 3518 766 3583; x_wconf 71' lang='lat' dir='ltr'>dignitas</span> <span class='ocrx_word' id='word_1_238' title='bbox 804 3517 1023 3569; x_wconf 83' lang='lat' dir='ltr'>minime</span> <span class='ocrx_word' id='word_1_239' title='bbox 1062 3516 1190 3568; x_wconf 74' lang='lat' dir='ltr'>ferri</span> <span class='ocrx_word' id='word_1_240' title='bbox 1230 3520 1445 3583; x_wconf 71' lang='lat' dir='ltr'>potesl3</span> <span class='ocrx_word' id='word_1_241' title='bbox 1484 3517 1558 3568; x_wconf 67' lang='lat' dir='ltr'>ita</span> <span class='ocrx_word' id='word_1_242' title='bbox 1598 3516 1668 3567; x_wconf 85' lang='lat' dir='ltr'>ad</span> <span class='ocrx_word' id='word_1_243' title='bbox 1714 3520 1872 3567; x_wconf 71' lang='lat'>3160:</span> <span class='ocrx_word' id='word_1_244' title='bbox 1913 3531 1965 3582; x_wconf 88' lang='lat' dir='ltr'>p.</span> <span class='ocrx_word' id='word_1_245' title='bbox 1991 3531 2043 3582; x_wconf 85' lang='lat' dir='ltr'>p.</span> <span class='ocrx_word' id='word_1_246' title='bbox 2081 3514 2188 3583; x_wconf 82' lang='lat' dir='ltr'>leg.</span> <span class='ocrx_word' id='word_1_247' title='bbox 2216 3513 2370 3566; x_wconf 88' lang='lat' dir='ltr'>XXX</span> <span class='ocrx_word' id='word_1_248' title='bbox 2413 3512 2609 3581; x_wconf 81' lang='lat' dir='ltr'>Ulpiae</span> <span class='ocrx_word' id='word_1_249' title='bbox 2643 3527 2771 3566; x_wconf 88' lang='lat' dir='ltr'>een-</span> 
     </span>
     <span class='ocr_line' id='line_1_32' title="bbox 524 3601 1503 3668; baseline -0.002 -13"><span class='ocrx_word' id='word_1_250' title='bbox 524 3603 758 3655; x_wconf 80' lang='lat' dir='ltr'>turioni“</span> <span class='ocrx_word' id='word_1_251' title='bbox 798 3606 1029 3654; x_wconf 78' lang='lat' dir='ltr'>annotat</span> <span class='ocrx_word' id='word_1_252' title='bbox 1068 3601 1503 3668; x_wconf 71' lang='lat' dir='ltr'>„praepositus.“</span> 
     </span>
    </p>

    <p class='ocr_par' dir='ltr' id='par_1_7' title="bbox 694 3685 1883 3753">
     <span class='ocr_line' id='line_1_33' title="bbox 694 3685 1883 3753; baseline -0.002 -14"><span class='ocrx_word' id='word_1_253' title='bbox 694 3690 737 3749; x_wconf 78' lang='lat'>⁴)</span> <span class='ocrx_word' id='word_1_254' title='bbox 776 3687 1150 3751; x_wconf 82' lang='lat' dir='ltr'>Kellermann,</span> <span class='ocrx_word' id='word_1_255' title='bbox 1192 3686 1599 3753; x_wconf 83' lang='lat' dir='ltr'>Inscriptiones</span> <span class='ocrx_word' id='word_1_256' title='bbox 1637 3685 1883 3752; x_wconf 85' lang='lat' dir='ltr'>vigilum.</span> 
     </span>
    </p>

    <p class='ocr_par' dir='ltr' id='par_1_8' title="bbox 524 3766 2773 3926">
     <span class='ocr_line' id='line_1_34' title="bbox 695 3766 2773 3840; baseline -0.002 -16"><span class='ocrx_word' id='word_1_257' title='bbox 695 3777 741 3837; x_wconf 75' lang='lat'>⁸)</span> <span class='ocrx_word' id='word_1_258' title='bbox 780 3772 837 3824; x_wconf 89' lang='lat' dir='ltr'>ln</span> <span class='ocrx_word' id='word_1_259' title='bbox 880 3770 1205 3837; x_wconf 76' lang='lat' dir='ltr'>vulgaribus</span> <span class='ocrx_word' id='word_1_260' title='bbox 1244 3771 1639 3824; x_wconf 83' lang='lat' dir='ltr'>vocabulorum</span> <span class='ocrx_word' id='word_1_261' title='bbox 1671 3770 1967 3838; x_wconf 79' lang='lat' dir='ltr'>iudicibus,</span> <span class='ocrx_word' id='word_1_262' title='bbox 2005 3770 2140 3840; x_wconf 86' lang='lat' dir='ltr'>quid</span> <span class='ocrx_word' id='word_1_263' title='bbox 2174 3776 2461 3838; x_wconf 79' lang='lat' dir='ltr'>peceatum</span> <span class='ocrx_word' id='word_1_264' title='bbox 2488 3767 2638 3822; x_wconf 86' lang='lat' dir='ltr'>sitin</span> <span class='ocrx_word' id='word_1_265' title='bbox 2665 3766 2773 3821; x_wconf 89' lang='lat' dir='ltr'>hoe</span> 
     </span>
     <span class='ocr_line' id='line_1_35' title="bbox 524 3856 2315 3926; baseline -0.003 -14"><span class='ocrx_word' id='word_1_266' title='bbox 524 3858 696 3912; x_wconf 84' lang='lat' dir='ltr'>verbo</span> <span class='ocrx_word' id='word_1_267' title='bbox 734 3856 1085 3926; x_wconf 73' lang='lat' dir='ltr'>explicando,</span> <span class='ocrx_word' id='word_1_268' title='bbox 1124 3856 1443 3925; x_wconf 74' lang='lat' dir='ltr'>Madvigius</span> <span class='ocrx_word' id='word_1_269' title='bbox 1483 3858 1830 3910; x_wconf 80' lang='lat' dir='ltr'>demonstrat</span> <span class='ocrx_word' id='word_1_270' title='bbox 1868 3856 1897 3909; x_wconf 88' lang='lat' dir='ltr'>l.</span> <span class='ocrx_word' id='word_1_271' title='bbox 1938 3872 1984 3908; x_wconf 84' lang='lat' dir='ltr'>e.</span> <span class='ocrx_word' id='word_1_272' title='bbox 2023 3872 2075 3923; x_wconf 88' lang='lat' dir='ltr'>p.</span> <span class='ocrx_word' id='word_1_273' title='bbox 2115 3860 2229 3920; x_wconf 76' lang='lat'>535,</span> <span class='ocrx_word' id='word_1_274' title='bbox 2275 3860 2315 3907; x_wconf 86' lang='grc'>1.</span> 
     </span>
    </p>

    <p class='ocr_par' dir='ltr' id='par_1_9' title="bbox 525 3938 2774 4097">
     <span class='ocr_line' id='line_1_36' title="bbox 694 3938 2774 4011; baseline -0.002 -16"><span class='ocrx_word' id='word_1_275' title='bbox 694 3948 739 4003; x_wconf 78' lang='lat'>⁰)</span> <span class='ocrx_word' id='word_1_276' title='bbox 778 3944 917 3995; x_wconf 86' lang='lat' dir='ltr'>male</span> <span class='ocrx_word' id='word_1_277' title='bbox 956 3942 1029 3995; x_wconf 78' lang='lat' dir='ltr'>ibi</span> <span class='ocrx_word' id='word_1_278' title='bbox 1068 3941 1329 3996; x_wconf 81' lang='lat' dir='ltr'>vertitur:</span> <span class='ocrx_word' id='word_1_279' title='bbox 1379 3943 1474 4011; x_wconf 86' lang='lat' dir='ltr'>qni</span> <span class='ocrx_word' id='word_1_280' title='bbox 1514 3948 1784 3995; x_wconf 82' lang='lat' dir='ltr'>exercent</span> <span class='ocrx_word' id='word_1_281' title='bbox 1825 3941 2185 4010; x_wconf 86' lang='lat' dir='ltr'>primipilum,</span> <span class='ocrx_word' id='word_1_282' title='bbox 2233 3946 2383 3994; x_wconf 86' lang='lat' dir='ltr'>recte</span> <span class='ocrx_word' id='word_1_283' title='bbox 2409 3938 2589 3993; x_wconf 81' lang='lat' dir='ltr'>Madv.</span> <span class='ocrx_word' id='word_1_284' title='bbox 2625 3938 2659 3993; x_wconf 91' lang='lat' dir='ltr'>l.</span> <span class='ocrx_word' id='word_1_285' title='bbox 2696 3954 2774 3992; x_wconf 88' lang='lat' dir='ltr'>c.:</span> 
     </span>
     <span class='ocr_line' id='line_1_37' title="bbox 525 4028 1572 4097; baseline 0 -16"><span class='ocrx_word' id='word_1_286' title='bbox 525 4029 619 4097; x_wconf 87' lang='lat' dir='ltr'>qui</span> <span class='ocrx_word' id='word_1_287' title='bbox 658 4033 1182 4083; x_wconf 80' lang='lat' dir='ltr'>consummaverunt</span> <span class='ocrx_word' id='word_1_288' title='bbox 1220 4028 1572 4096; x_wconf 85' lang='lat' dir='ltr'>primipilum.</span> 
     </span>
    </p>

    <p class='ocr_par' dir='ltr' id='par_1_10' title="bbox 696 4108 2592 4182">
     <span class='ocr_line' id='line_1_38' title="bbox 696 4108 2592 4182; baseline -0.003 -15"><span class='ocrx_word' id='word_1_289' title='bbox 696 4119 741 4182; x_wconf 91' lang='lat'>⁷)</span> <span class='ocrx_word' id='word_1_290' title='bbox 775 4116 846 4169; x_wconf 76' lang='lat' dir='ltr'>(le</span> <span class='ocrx_word' id='word_1_291' title='bbox 883 4115 1077 4167; x_wconf 81' lang='lat' dir='ltr'>militia.</span> <span class='ocrx_word' id='word_1_292' title='bbox 1114 4115 1363 4167; x_wconf 85' lang='lat' dir='ltr'>Romana</span> <span class='ocrx_word' id='word_1_293' title='bbox 1400 4131 1451 4181; x_wconf 90' lang='lat' dir='ltr'>p.</span> <span class='ocrx_word' id='word_1_294' title='bbox 1496 4116 1589 4165; x_wconf 77' lang='lat'>122</span> <span class='ocrx_word' id='word_1_295' title='bbox 1627 4113 1739 4177; x_wconf 88' lang='lat' dir='ltr'>(ed.</span> <span class='ocrx_word' id='word_1_296' title='bbox 1777 4108 2057 4180; x_wconf 83' lang='lat' dir='ltr'>Antverp.</span> <span class='ocrx_word' id='word_1_297' title='bbox 2094 4127 2219 4164; x_wconf 85' lang='lat' dir='ltr'>ann.</span> <span class='ocrx_word' id='word_1_298' title='bbox 2257 4109 2592 4169; x_wconf 76' lang='lat' dir='ltr'><strong>MDXCVI.)</strong></span> 
     </span>
    </p>

    <p class='ocr_par' dir='ltr' id='par_1_11' title="bbox 530 4194 2774 4355">
     <span class='ocr_line' id='line_1_39' title="bbox 696 4194 2774 4267; baseline -0.003 -15"><span class='ocrx_word' id='word_1_299' title='bbox 696 4206 740 4263; x_wconf 77' lang='lat'>⁸)</span> <span class='ocrx_word' id='word_1_300' title='bbox 775 4200 1151 4252; x_wconf 74' lang='lat' dir='ltr'>controversia</span> <span class='ocrx_word' id='word_1_301' title='bbox 1176 4205 1277 4263; x_wconf 84' lang='lat' dir='ltr'>est,</span> <span class='ocrx_word' id='word_1_302' title='bbox 1307 4199 1441 4267; x_wconf 87' lang='lat' dir='ltr'>quid</span> <span class='ocrx_word' id='word_1_303' title='bbox 1471 4198 1877 4265; x_wconf 79' lang='lat' dir='ltr'>significaverit</span> <span class='ocrx_word' id='word_1_304' title='bbox 1902 4197 2059 4251; x_wconf 90' lang='lat' dir='ltr'>notio</span> <span class='ocrx_word' id='word_1_305' title='bbox 2084 4195 2344 4265; x_wconf 87' lang='lat' dir='ltr'>primipili</span> <span class='ocrx_word' id='word_1_306' title='bbox 2366 4213 2380 4262; x_wconf 75' lang='grc' dir='ltr'><strong>ς</strong></span> <span class='ocrx_word' id='word_1_307' title='bbox 2406 4195 2522 4263; x_wconf 84' lang='lat' dir='ltr'>jam</span> <span class='ocrx_word' id='word_1_308' title='bbox 2543 4194 2774 4262; x_wconf 87' lang='lat' dir='ltr'>Lipsius</span> 
     </span>
     <span class='ocr_line' id='line_1_40' title="bbox 530 4278 2772 4355; baseline -0.004 -16"><span class='ocrx_word' id='word_1_309' title='bbox 530 4285 563 4340; x_wconf 92' lang='lat' dir='ltr'>l.</span> <span class='ocrx_word' id='word_1_310' title='bbox 600 4304 645 4340; x_wconf 86' lang='lat' dir='ltr'>c.</span> <span class='ocrx_word' id='word_1_311' title='bbox 682 4304 735 4355; x_wconf 91' lang='lat' dir='ltr'>p.</span> <span class='ocrx_word' id='word_1_312' title='bbox 775 4290 837 4340; x_wconf 79' lang='grc'>83</span> <span class='ocrx_word' id='word_1_313' title='bbox 883 4286 1046 4352; x_wconf 84' lang='lat' dir='ltr'>(haec</span> <span class='ocrx_word' id='word_1_314' title='bbox 1082 4285 1253 4339; x_wconf 85' lang='lat' dir='ltr'>verba</span> <span class='ocrx_word' id='word_1_315' title='bbox 1301 4286 1355 4338; x_wconf 89' lang='lat' dir='ltr'>in</span> <span class='ocrx_word' id='word_1_316' title='bbox 1404 4284 1649 4339; x_wconf 85' lang='lat' dir='ltr'>editione</span> <span class='ocrx_word' id='word_1_317' title='bbox 1699 4298 1871 4353; x_wconf 86' lang='lat' dir='ltr'>supra</span> <span class='ocrx_word' id='word_1_318' title='bbox 1919 4289 2219 4337; x_wconf 85' lang='lat' dir='ltr'>memorata</span> <span class='ocrx_word' id='word_1_319' title='bbox 2264 4295 2380 4334; x_wconf 90' lang='lat' dir='ltr'>non</span> <span class='ocrx_word' id='word_1_320' title='bbox 2421 4280 2645 4349; x_wconf 77' lang='lat' dir='ltr'>insunt3</span> <span class='ocrx_word' id='word_1_321' title='bbox 2689 4278 2772 4332; x_wconf 80' lang='lat' dir='ltr'>in·</span> 
     </span>
    </p>
   </div>
  </div>
 </body>
</html>
