<?xml version="1.0" encoding="UTF-8"?>
<!DOCTYPE html PUBLIC "-//W3C//DTD XHTML 1.0 Transitional//EN"
    "http://www.w3.org/TR/xhtml1/DTD/xhtml1-transitional.dtd">
<html xmlns="http://www.w3.org/1999/xhtml" xml:lang="en" lang="en">
 <head>
  <title>
</title>
<meta http-equiv="Content-Type" content="text/html;charset=utf-8" />
  <meta name='ocr-system' content='tesseract 3.04.00' />
  <meta name='ocr-capabilities' content='ocr_page ocr_carea ocr_par ocr_line ocrx_word'/>
</head>
<body>
  <div class='ocr_page' id='page_1' title='image "./dissertationesp00hallgoog_0229.png"; bbox 0 0 3166 4871; ppageno 0'>
   <div class='ocr_carea' id='block_1_1' title="bbox 1053 260 2583 359">
    <p class='ocr_par' dir='ltr' id='par_1_1' title="bbox 1053 260 2583 359">
     <span class='ocr_line' id='line_1_1' title="bbox 1053 260 2583 359; baseline 0.008 -20"><span class='ocrx_word' id='word_1_1' title='bbox 1053 287 1135 340; x_wconf 82' lang='lat' dir='ltr'>Dc</span> <span class='ocrx_word' id='word_1_2' title='bbox 1173 287 1372 340; x_wconf 84' lang='lat' dir='ltr'>nomin.</span> <span class='ocrx_word' id='word_1_3' title='bbox 1410 288 1464 341; x_wconf 92' lang='lat' dir='ltr'>in</span> <span class='ocrx_word' id='word_1_4' title='bbox 1502 306 1665 352; x_wconf 88' lang='grc' dir='ltr'><strong><em>-αιος.</em></strong></span> <span class='ocrx_word' id='word_1_5' title='bbox 1734 294 1767 358; x_wconf 57' lang='grc' dir='ltr'>ξ</span> <span class='ocrx_word' id='word_1_6' title='bbox 1804 297 1883 343; x_wconf 74' lang='lat'>73.</span> <span class='ocrx_word' id='word_1_7' title='bbox 2326 260 2335 269; x_wconf 45' lang='lat'>¹</span> <span class='ocrx_word' id='word_1_8' title='bbox 2463 297 2583 359; x_wconf 68' lang='lat'>2⁰7</span> 
     </span>
    </p>
   </div>
   <div class='ocr_carea' id='block_1_2' title="bbox 255 450 2632 4326">
    <p class='ocr_par' dir='ltr' id='par_1_2' title="bbox 255 450 2632 3812">
     <span class='ocr_line' id='line_1_2' title="bbox 343 450 2584 548; baseline 0.004 -29"><span class='ocrx_word' id='word_1_9' title='bbox 343 450 558 538; x_wconf 77' lang='grc' dir='ltr'><strong><em>Γάμῳ</em></strong></span> <span class='ocrx_word' id='word_1_10' title='bbox 617 460 887 531; x_wconf 86' lang='lat' dir='ltr'>(Philem.</span> <span class='ocrx_word' id='word_1_11' title='bbox 933 462 1005 523; x_wconf 77' lang='lat' dir='ltr'>fr.</span> <span class='ocrx_word' id='word_1_12' title='bbox 1058 461 1113 540; x_wconf 88' lang='lat' dir='ltr'>l,</span> <span class='ocrx_word' id='word_1_13' title='bbox 1169 484 1226 542; x_wconf 85' lang='lat' dir='ltr'>p.</span> <span class='ocrx_word' id='word_1_14' title='bbox 1272 462 1366 537; x_wconf 78' lang='lat'>8):</span> <span class='ocrx_word' id='word_1_15' title='bbox 1433 453 1804 543; x_wconf 80' lang='grc' dir='ltr'><strong><em>,,ὁλκεϊον</em></strong></span> <span class='ocrx_word' id='word_1_16' title='bbox 1869 456 2053 526; x_wconf 74' lang='grc' dir='ltr'><strong><em>εἶδον</em></strong></span> <span class='ocrx_word' id='word_1_17' title='bbox 2117 461 2223 527; x_wconf 73' lang='grc' dir='ltr'>ἐπὶ</span> <span class='ocrx_word' id='word_1_18' title='bbox 2291 464 2584 548; x_wconf 74' lang='grc' dir='ltr'><strong><em>τραπέςη</em></strong></span> 
     </span>
     <span class='ocr_line' id='line_1_3' title="bbox 335 556 2585 650; baseline 0.006 -31"><span class='ocrx_word' id='word_1_19' title='bbox 335 557 658 639; x_wconf 78' lang='grc' dir='ltr'><strong><em>κείμενον</em></strong></span> <span class='ocrx_word' id='word_1_20' title='bbox 691 561 941 643; x_wconf 79' lang='grc' dir='ltr'><strong><em>Πυριῦν</em></strong></span> <span class='ocrx_word' id='word_1_21' title='bbox 973 582 1034 623; x_wconf 85' lang='grc' dir='ltr'><strong><em>τι</em></strong></span> <span class='ocrx_word' id='word_1_22' title='bbox 1066 556 1376 642; x_wconf 84' lang='grc' dir='ltr'><strong><em>μεστόν“.</em></strong></span> <span class='ocrx_word' id='word_1_23' title='bbox 1459 570 1725 646; x_wconf 87' lang='lat' dir='ltr'>Utroque</span> <span class='ocrx_word' id='word_1_24' title='bbox 1772 571 1903 630; x_wconf 93' lang='lat' dir='ltr'>loco</span> <span class='ocrx_word' id='word_1_25' title='bbox 1943 570 2353 650; x_wconf 79' lang='lat' dir='ltr'><strong>diphthongus</strong></span> <span class='ocrx_word' id='word_1_26' title='bbox 2398 578 2585 633; x_wconf 86' lang='lat' dir='ltr'>metro</span> 
     </span>
     <span class='ocr_line' id='line_1_4' title="bbox 337 662 2588 752; baseline 0.005 -30"><span class='ocrx_word' id='word_1_27' title='bbox 337 662 580 724; x_wconf 81' lang='lat' dir='ltr'>firmata</span> <span class='ocrx_word' id='word_1_28' title='bbox 624 672 729 726; x_wconf 86' lang='lat' dir='ltr'>est.</span> <span class='ocrx_word' id='word_1_29' title='bbox 802 669 994 727; x_wconf 71' lang='lat' dir='ltr'>Item·</span> <span class='ocrx_word' id='word_1_30' title='bbox 979 687 1038 728; x_wconf 82' lang='grc' dir='ltr'>ιιι</span> <span class='ocrx_word' id='word_1_31' title='bbox 1071 687 1251 729; x_wconf 83' lang='lat' dir='ltr'>versu</span> <span class='ocrx_word' id='word_1_32' title='bbox 1283 671 1570 747; x_wconf 75' lang='lat' dir='ltr'>Epigonis</span> <span class='ocrx_word' id='word_1_33' title='bbox 1617 690 1793 748; x_wconf 86' lang='lat' dir='ltr'>quem</span> <span class='ocrx_word' id='word_1_34' title='bbox 1839 674 2016 732; x_wconf 86' lang='lat' dir='ltr'>affert</span> <span class='ocrx_word' id='word_1_35' title='bbox 2058 670 2588 752; x_wconf 76' lang='lat' dir='ltr'>Ath.11-‚480A·</span> 
     </span>
     <span class='ocr_line' id='line_1_5' title="bbox 335 749 2590 856; baseline 0.004 -31"><span class='ocrx_word' id='word_1_36' title='bbox 335 749 683 847; x_wconf 75' lang='grc' dir='ltr'><strong><em>Ἐπιγέςνη</em></strong></span> <span class='ocrx_word' id='word_1_37' title='bbox 727 764 1134 849; x_wconf 75' lang='grc' dir='ltr'><strong><em>Μνηματίῳ·</em></strong></span> <span class='ocrx_word' id='word_1_38' title='bbox 1198 769 1632 851; x_wconf 60' lang='grc' dir='ltr'><strong><em>ηΚρατῆρες,</em></strong></span> <span class='ocrx_word' id='word_1_39' title='bbox 1657 763 1871 846; x_wconf 82' lang='grc' dir='ltr'><strong><em>κάδοι,</em></strong></span> <span class='ocrx_word' id='word_1_40' title='bbox 1904 762 2235 847; x_wconf 82' lang='grc' dir='ltr'><strong><em>Ὁλκεῑα,</em></strong></span> <span class='ocrx_word' id='word_1_41' title='bbox 2295 761 2590 856; x_wconf 72' lang='grc' dir='ltr'><strong><em>κρουνεῖ’</em></strong></span> 
     </span>
     <span class='ocr_line' id='line_1_6' title="bbox 255 855 2588 953; baseline 0.003 -23"><span class='ocrx_word' id='word_1_42' title='bbox 255 907 278 930; x_wconf 87' lang='grc'><strong>.</strong></span> <span class='ocrx_word' id='word_1_43' title='bbox 335 898 434 908; x_wconf 88' lang='lat'><em>—</em></span> <span class='ocrx_word' id='word_1_44' title='bbox 479 855 655 928; x_wconf 81' lang='grc' dir='ltr'><strong><em>’Ἐστι</em></strong></span> <span class='ocrx_word' id='word_1_45' title='bbox 723 861 848 950; x_wconf 82' lang='grc' dir='ltr'>γὰρ</span> <span class='ocrx_word' id='word_1_46' title='bbox 915 879 1270 950; x_wconf 82' lang='grc' dir='ltr'><strong><em>κρουνεῑα;</em></strong></span> <span class='ocrx_word' id='word_1_47' title='bbox 1324 905 1407 914; x_wconf 91' lang='grc'><strong>-</strong></span> <span class='ocrx_word' id='word_1_48' title='bbox 1465 869 1656 934; x_wconf 69' lang='grc' dir='ltr'><strong><em>Λαί“.</em></strong></span> <span class='ocrx_word' id='word_1_49' title='bbox 1766 877 1978 953; x_wconf 86' lang='lat' dir='ltr'>Itaque</span> <span class='ocrx_word' id='word_1_50' title='bbox 2044 878 2379 938; x_wconf 85' lang='lat' dir='ltr'>terminatio</span> <span class='ocrx_word' id='word_1_51' title='bbox 2446 894 2588 937; x_wconf 86' lang='grc' dir='ltr'><strong><em>ειον</em></strong></span> 
     </span>
     <span class='ocr_line' id='line_1_7' title="bbox 337 973 2588 1094; baseline 0.005 -65"><span class='ocrx_word' id='word_1_52' title='bbox 337 973 718 1032; x_wconf 80' lang='lat' dir='ltr'>restituenda</span> <span class='ocrx_word' id='word_1_53' title='bbox 760 974 1001 1036; x_wconf 86' lang='lat' dir='ltr'>videtur</span> <span class='ocrx_word' id='word_1_54' title='bbox 1055 976 1230 1035; x_wconf 84' lang='lat' dir='ltr'>etiam</span> <span class='ocrx_word' id='word_1_55' title='bbox 1286 996 1382 1054; x_wconf 87' lang='lat' dir='ltr'>ap.</span> <span class='ocrx_word' id='word_1_56' title='bbox 1429 978 1582 1038; x_wconf 82' lang='lat' dir='ltr'>Plut.</span> <span class='ocrx_word' id='word_1_57' title='bbox 1627 979 1798 1039; x_wconf 85' lang='lat' dir='ltr'>Alex.</span> <span class='ocrx_word' id='word_1_58' title='bbox 1845 998 1894 1039; x_wconf 79' lang='lat' dir='ltr'>c.</span> <span class='ocrx_word' id='word_1_59' title='bbox 1926 978 2238 1094; x_wconf 45' lang='lat'>20:310&amp;</span> <span class='ocrx_word' id='word_1_60' title='bbox 2280 982 2588 1041; x_wconf 84' lang='lat' dir='ltr'>victoriam</span> 
     </span>
     <span class='ocr_line' id='line_1_8' title="bbox 337 1067 2589 1161; baseline 0.005 -30"><span class='ocrx_word' id='word_1_61' title='bbox 337 1074 512 1149; x_wconf 77' lang='lat' dir='ltr'>apud</span> <span class='ocrx_word' id='word_1_62' title='bbox 557 1077 746 1135; x_wconf 80' lang='lat' dir='ltr'>lasum</span> <span class='ocrx_word' id='word_1_63' title='bbox 793 1083 1156 1154; x_wconf 60' lang='lat' dir='ltr'>reportatam</span> <span class='ocrx_word' id='word_1_64' title='bbox 1205 1078 1550 1139; x_wconf 81' lang='lat' dir='ltr'><strong>Alexander</strong></span> <span class='ocrx_word' id='word_1_65' title='bbox 1597 1080 1781 1139; x_wconf 83' lang='lat' dir='ltr'>lavari</span> <span class='ocrx_word' id='word_1_66' title='bbox 1827 1082 1988 1141; x_wconf 86' lang='lat' dir='ltr'>vult·</span> <span class='ocrx_word' id='word_1_67' title='bbox 2053 1069 2145 1152; x_wconf 77' lang='grc' dir='ltr'>ὡς</span> <span class='ocrx_word' id='word_1_68' title='bbox 2189 1067 2248 1141; x_wconf 83' lang='lat'>‹5‘</span> <span class='ocrx_word' id='word_1_69' title='bbox 2292 1072 2421 1141; x_wconf 79' lang='grc' dir='ltr'><strong><em>εἶδε</em></strong></span> <span class='ocrx_word' id='word_1_70' title='bbox 2466 1078 2589 1161; x_wconf 78' lang='grc' dir='ltr'>μὲν</span> 
     </span>
     <span class='ocr_line' id='line_1_9' title="bbox 337 1159 2589 1258; baseline 0.004 -25"><span class='ocrx_word' id='word_1_71' title='bbox 337 1159 582 1234; x_wconf 76' lang='grc' dir='ltr'><strong><em>ὅλκια</em></strong></span> <span class='ocrx_word' id='word_1_72' title='bbox 625 1173 1156 1254; x_wconf 70' lang='grc' dir='ltr'><strong><em>(ν.1.μενολκία,</em></strong></span> <span class='ocrx_word' id='word_1_73' title='bbox 1202 1180 1372 1240; x_wconf 88' lang='lat' dir='ltr'>cuius</span> <span class='ocrx_word' id='word_1_74' title='bbox 1404 1186 1691 1241; x_wconf 83' lang='lat' dir='ltr'>accentus</span> <span class='ocrx_word' id='word_1_75' title='bbox 1723 1184 2043 1258; x_wconf 78' lang='lat' dir='ltr'>genuinam</span> <span class='ocrx_word' id='word_1_76' title='bbox 2078 1184 2325 1244; x_wconf 83' lang='lat' dir='ltr'>formam</span> <span class='ocrx_word' id='word_1_77' title='bbox 2357 1172 2589 1243; x_wconf 78' lang='grc' dir='ltr'><strong><em>ὁλκεῖα</em></strong></span> 
     </span>
     <span class='ocr_line' id='line_1_10' title="bbox 337 1271 2590 1365; baseline 0.004 -29"><span class='ocrx_word' id='word_1_78' title='bbox 337 1277 571 1354; x_wconf 85' lang='lat' dir='ltr'>prodit)</span> <span class='ocrx_word' id='word_1_79' title='bbox 631 1275 742 1337; x_wconf 81' lang='grc' dir='ltr'>καὶ</span> <span class='ocrx_word' id='word_1_80' title='bbox 789 1271 1140 1358; x_wconf 75' lang='grc' dir='ltr'><strong><em>κρωσσοὺς</em></strong></span> <span class='ocrx_word' id='word_1_81' title='bbox 1184 1277 1292 1341; x_wconf 79' lang='grc' dir='ltr'>καὶ</span> <span class='ocrx_word' id='word_1_82' title='bbox 1340 1276 1643 1353; x_wconf 74' lang='grc' dir='ltr'><strong><em>πυέλους</em></strong></span> <span class='ocrx_word' id='word_1_83' title='bbox 1687 1278 1795 1341; x_wconf 80' lang='grc' dir='ltr'>καὶ</span> <span class='ocrx_word' id='word_1_84' title='bbox 1844 1271 2320 1365; x_wconf 75' lang='grc' dir='ltr'><strong><em>ἀλαβάστρους,</em></strong></span> <span class='ocrx_word' id='word_1_85' title='bbox 2365 1276 2590 1345; x_wconf 81' lang='grc' dir='ltr'><strong><em>πάντα</em></strong></span> 
     </span>
     <span class='ocr_line' id='line_1_11' title="bbox 335 1366 2587 1463; baseline 0.005 -26"><span class='ocrx_word' id='word_1_86' title='bbox 335 1377 602 1457; x_wconf 79' lang='grc' dir='ltr'><strong><em>χρυσοῦ</em></strong></span> <span class='ocrx_word' id='word_1_87' title='bbox 644 1366 982 1461; x_wconf 73' lang='grc' dir='ltr'><em>ἠσκημένα</em></span> <span class='ocrx_word' id='word_1_88' title='bbox 1027 1381 1379 1463; x_wconf 65' lang='grc' dir='ltr'><strong><em>περιττοῖς,</em></strong></span> <span class='ocrx_word' id='word_1_89' title='bbox 1426 1369 1684 1443; x_wconf 78' lang='grc' dir='ltr'><strong><em>ωδώδει</em></strong></span> <span class='ocrx_word' id='word_1_90' title='bbox 1734 1380 1805 1445; x_wconf 79' lang='grc' dir='ltr'>δὲ</span> <span class='ocrx_word' id='word_1_91' title='bbox 1849 1381 2219 1446; x_wconf 75' lang='grc' dir='ltr'><strong><em>θεσπέσιον</em></strong></span> <span class='ocrx_word' id='word_1_92' title='bbox 2250 1386 2400 1448; x_wconf 79' lang='grc' dir='ltr'><strong><em>κτλ.</em></strong></span> <span class='ocrx_word' id='word_1_93' title='bbox 2438 1390 2587 1449; x_wconf 83' lang='lat' dir='ltr'>etin</span> 
     </span>
     <span class='ocr_line' id='line_1_12' title="bbox 339 1482 2587 1565; baseline 0.004 -25"><span class='ocrx_word' id='word_1_94' title='bbox 339 1482 496 1541; x_wconf 85' lang='lat' dir='ltr'>locis</span> <span class='ocrx_word' id='word_1_95' title='bbox 538 1500 611 1542; x_wconf 83' lang='lat' dir='ltr'>ex</span> <span class='ocrx_word' id='word_1_96' title='bbox 658 1484 907 1560; x_wconf 82' lang='lat' dir='ltr'><strong>Polybio</strong></span> <span class='ocrx_word' id='word_1_97' title='bbox 953 1485 1028 1545; x_wconf 88' lang='lat' dir='ltr'>ab</span> <span class='ocrx_word' id='word_1_98' title='bbox 1073 1483 1385 1545; x_wconf 84' lang='lat' dir='ltr'>Athenaeo</span> <span class='ocrx_word' id='word_1_99' title='bbox 1442 1486 1669 1547; x_wconf 76' lang='lat' dir='ltr'>citatis·</span> <span class='ocrx_word' id='word_1_100' title='bbox 1736 1485 2154 1565; x_wconf 81' lang='lat' dir='ltr'>Ath.5,195</span> <span class='ocrx_word' id='word_1_101' title='bbox 2189 1489 2251 1550; x_wconf 86' lang='lat' dir='ltr'>C.</span> <span class='ocrx_word' id='word_1_102' title='bbox 2310 1490 2587 1562; x_wconf 85' lang='lat' dir='ltr'>(Hultsch</span> 
     </span>
     <span class='ocr_line' id='line_1_13' title="bbox 339 1570 2589 1671; baseline 0.004 -28"><span class='ocrx_word' id='word_1_103' title='bbox 339 1582 817 1663; x_wconf 75' lang='lat' dir='ltr'>m1,4,1):</span> <span class='ocrx_word' id='word_1_104' title='bbox 877 1570 1488 1647; x_wconf 73' lang='grc' dir='ltr'><strong><em>Ἑπιτελεσθέντων</em></strong></span> <span class='ocrx_word' id='word_1_105' title='bbox 1543 1582 1618 1646; x_wconf 79' lang='grc' dir='ltr'>δὲ</span> <span class='ocrx_word' id='word_1_106' title='bbox 1662 1586 1805 1647; x_wconf 80' lang='grc' dir='ltr'><strong><em>τῶι</em></strong></span> <span class='ocrx_word' id='word_1_107' title='bbox 1848 1575 2179 1668; x_wconf 75' lang='grc' dir='ltr'><strong><em>ἀγώνων.</em></strong></span> <span class='ocrx_word' id='word_1_108' title='bbox 2310 1586 2446 1651; x_wconf 71' lang='grc' dir='ltr'>.ἐν</span> <span class='ocrx_word' id='word_1_109' title='bbox 2490 1590 2589 1671; x_wconf 79' lang='grc' dir='ltr'>τῷ</span> 
     </span>
     <span class='ocr_line' id='line_1_14' title="bbox 339 1637 2589 1773; baseline 0.004 -30"><span class='ocrx_word' id='word_1_110' title='bbox 339 1682 693 1765; x_wconf 76' lang='grc' dir='ltr'><em>γυμνασίῳ</em></span> <span class='ocrx_word' id='word_1_111' title='bbox 745 1677 996 1759; x_wconf 79' lang='grc' dir='ltr'><strong><em>πάντες</em></strong></span> <span class='ocrx_word' id='word_1_112' title='bbox 1051 1683 1126 1748; x_wconf 75' lang='grc' dir='ltr'><strong><em>ἐκ</em></strong></span> <span class='ocrx_word' id='word_1_113' title='bbox 1179 1684 1453 1768; x_wconf 76' lang='grc' dir='ltr'><strong><em>χρυσῶν</em></strong></span> <span class='ocrx_word' id='word_1_114' title='bbox 1510 1676 1819 1749; x_wconf 81' lang='grc' dir='ltr'><strong><em>ὁλκίων</em></strong></span> <span class='ocrx_word' id='word_1_115' title='bbox 1877 1637 2242 1771; x_wconf 71' lang='grc' dir='ltr'><strong><em>ἠλείφοντο</em></strong></span> <span class='ocrx_word' id='word_1_116' title='bbox 2290 1688 2589 1773; x_wconf 75' lang='grc' dir='ltr'><strong><em>κροκίνῳ</em></strong></span> 
     </span>
     <span class='ocr_line' id='line_1_15' title="bbox 337 1769 2589 1872; baseline 0.004 -28"><span class='ocrx_word' id='word_1_117' title='bbox 337 1776 573 1866; x_wconf 81' lang='grc' dir='ltr'><strong><em>μύρω·</em></strong></span> <span class='ocrx_word' id='word_1_118' title='bbox 619 1769 703 1869; x_wconf 82' lang='grc' dir='ltr'>ἦν</span> <span class='ocrx_word' id='word_1_119' title='bbox 747 1784 818 1849; x_wconf 76' lang='grc' dir='ltr'>δὲ</span> <span class='ocrx_word' id='word_1_120' title='bbox 865 1788 1077 1849; x_wconf 82' lang='grc' dir='ltr'><strong><em>ταῦτα</em></strong></span> <span class='ocrx_word' id='word_1_121' title='bbox 1120 1786 1624 1865; x_wconf 85' lang='grc' dir='ltr'><strong><em>πεντεκαίδεκα,</em></strong></span> <span class='ocrx_word' id='word_1_122' title='bbox 1670 1788 1779 1851; x_wconf 86' lang='grc' dir='ltr'>καὶ</span> <span class='ocrx_word' id='word_1_123' title='bbox 1812 1790 2316 1872; x_wconf 80' lang='grc' dir='ltr'><strong><em>κινναμωμίνου</em></strong></span> <span class='ocrx_word' id='word_1_124' title='bbox 2346 1786 2431 1854; x_wconf 79' lang='grc' dir='ltr'>τὰ</span> <span class='ocrx_word' id='word_1_125' title='bbox 2461 1790 2589 1869; x_wconf 76' lang='grc' dir='ltr'><strong><em>ἴσα,</em></strong></span> 
     </span>
     <span class='ocr_line' id='line_1_16' title="bbox 339 1876 2590 2010; baseline 0.004 -64"><span class='ocrx_word' id='word_1_126' title='bbox 339 1885 458 1947; x_wconf 85' lang='grc' dir='ltr'>καὶ</span> <span class='ocrx_word' id='word_1_127' title='bbox 504 1885 846 1969; x_wconf 78' lang='grc' dir='ltr'><strong><em>ναρδίνου,</em></strong></span> <span class='ocrx_word' id='word_1_128' title='bbox 920 1890 1280 1971; x_wconf 82' lang='lat' dir='ltr'>ib.10‚439</span> <span class='ocrx_word' id='word_1_129' title='bbox 1307 1895 1382 1954; x_wconf 90' lang='grc' dir='ltr'>Β.</span> <span class='ocrx_word' id='word_1_130' title='bbox 1434 1876 1790 1972; x_wconf 62' lang='grc' dir='ltr'><strong><em>[Ἀντίοχος</em></strong></span> <span class='ocrx_word' id='word_1_131' title='bbox 1818 1880 2205 2010; x_wconf 52' lang='grc' dir='ltr'><strong><em>Ὲπξιᾳανῆς]</em></strong></span> <span class='ocrx_word' id='word_1_132' title='bbox 2252 1892 2590 1955; x_wconf 81' lang='grc' dir='ltr'><strong><em>πλείστων</em></strong></span> 
     </span>
     <span class='ocr_line' id='line_1_17' title="bbox 338 1987 2591 2077; baseline 0.004 -28"><span class='ocrx_word' id='word_1_133' title='bbox 338 1988 908 2071; x_wconf 73' lang='grc' dir='ltr'><strong><em>παραγινομένων</em></strong></span> <span class='ocrx_word' id='word_1_134' title='bbox 981 1988 1057 2053; x_wconf 68' lang='grc' dir='ltr'>ἐν</span> <span class='ocrx_word' id='word_1_135' title='bbox 1127 2000 1273 2065; x_wconf 81' lang='grc' dir='ltr'><strong><em>τοῖς</em></strong></span> <span class='ocrx_word' id='word_1_136' title='bbox 1344 1991 1759 2075; x_wconf 82' lang='grc' dir='ltr'><strong><em>γυμνασίοις,</em></strong></span> <span class='ocrx_word' id='word_1_137' title='bbox 1841 1987 2102 2068; x_wconf 80' lang='grc' dir='ltr'><strong><em>πάντας</em></strong></span> <span class='ocrx_word' id='word_1_138' title='bbox 2174 1991 2248 2056; x_wconf 73' lang='grc' dir='ltr'><strong><em>ἐκ</em></strong></span> <span class='ocrx_word' id='word_1_139' title='bbox 2318 1995 2591 2077; x_wconf 83' lang='grc' dir='ltr'><strong><em>χρυσῶν</em></strong></span> 
     </span>
     <span class='ocr_line' id='line_1_18' title="bbox 341 2080 2588 2185; baseline 0.002 -32"><span class='ocrx_word' id='word_1_140' title='bbox 341 2080 642 2153; x_wconf 74' lang='grc' dir='ltr'><strong><em>ὂλκίων</em></strong></span> <span class='ocrx_word' id='word_1_141' title='bbox 673 2082 906 2174; x_wconf 77' lang='grc' dir='ltr'><strong><em>ἤλειφε</em></strong></span> <span class='ocrx_word' id='word_1_142' title='bbox 940 2093 1236 2175; x_wconf 78' lang='grc' dir='ltr'><strong><em>κροκίνῳ</em></strong></span> <span class='ocrx_word' id='word_1_143' title='bbox 1271 2086 1463 2177; x_wconf 62' lang='grc' dir='ltr'><strong><em>μύρῳ</em></strong></span> <span class='ocrx_word' id='word_1_144' title='bbox 1494 2093 1608 2157; x_wconf 83' lang='grc' dir='ltr'>καὶ</span> <span class='ocrx_word' id='word_1_145' title='bbox 1634 2093 2116 2185; x_wconf 80' lang='grc' dir='ltr'><strong><em>κινναμωμίνῳ</em></strong></span> <span class='ocrx_word' id='word_1_146' title='bbox 2147 2095 2261 2159; x_wconf 83' lang='grc' dir='ltr'>καὶ</span> <span class='ocrx_word' id='word_1_147' title='bbox 2292 2095 2588 2180; x_wconf 78' lang='grc' dir='ltr'><strong><em>ναρδίνῳ</em></strong></span> 
     </span>
     <span class='ocr_line' id='line_1_19' title="bbox 339 2184 2589 2280; baseline 0.004 -27"><span class='ocrx_word' id='word_1_148' title='bbox 339 2192 456 2254; x_wconf 80' lang='grc' dir='ltr'>καὶ</span> <span class='ocrx_word' id='word_1_149' title='bbox 501 2184 896 2277; x_wconf 63' lang='grc' dir='ltr'><strong><em>ἅμαραιᾶνφ</em></strong></span> <span class='ocrx_word' id='word_1_150' title='bbox 939 2194 1054 2257; x_wconf 85' lang='grc' dir='ltr'>καὶ</span> <span class='ocrx_word' id='word_1_151' title='bbox 1099 2193 1311 2279; x_wconf 73' lang='grc' dir='ltr'><strong><em>ἰρίνῳ.</em></strong></span> <span class='ocrx_word' id='word_1_152' title='bbox 1360 2206 1420 2260; x_wconf 85' lang='lat' dir='ltr'>et</span> <span class='ocrx_word' id='word_1_153' title='bbox 1464 2200 1807 2261; x_wconf 73' lang='lat' dir='ltr'><strong>callixenus</strong></span> <span class='ocrx_word' id='word_1_154' title='bbox 1837 2198 2028 2262; x_wconf 86' lang='lat' dir='ltr'>Rhod.</span> <span class='ocrx_word' id='word_1_155' title='bbox 2060 2200 2209 2262; x_wconf 87' lang='lat' dir='ltr'>1.1v</span> <span class='ocrx_word' id='word_1_156' title='bbox 2241 2202 2301 2261; x_wconf 88' lang='lat' dir='ltr'>in</span> <span class='ocrx_word' id='word_1_157' title='bbox 2334 2220 2589 2280; x_wconf 80' lang='lat' dir='ltr'><strong>pompae</strong></span> 
     </span>
     <span class='ocr_line' id='line_1_20' title="bbox 344 2298 2588 2382; baseline 0.003 -25"><span class='ocrx_word' id='word_1_158' title='bbox 344 2316 384 2357; x_wconf 80' lang='lat' dir='ltr'>a</span> <span class='ocrx_word' id='word_1_159' title='bbox 425 2298 582 2359; x_wconf 87' lang='lat' dir='ltr'>Ptol.</span> <span class='ocrx_word' id='word_1_160' title='bbox 625 2298 862 2361; x_wconf 79' lang='lat' dir='ltr'>Philad.</span> <span class='ocrx_word' id='word_1_161' title='bbox 905 2301 1143 2363; x_wconf 80' lang='lat' dir='ltr'>habitae</span> <span class='ocrx_word' id='word_1_162' title='bbox 1198 2302 1599 2380; x_wconf 75' lang='lat' dir='ltr'>descriptione</span> <span class='ocrx_word' id='word_1_163' title='bbox 1646 2302 1807 2382; x_wconf 87' lang='lat' dir='ltr'>apud</span> <span class='ocrx_word' id='word_1_164' title='bbox 1851 2304 1991 2364; x_wconf 83' lang='lat' dir='ltr'>Ath.</span> <span class='ocrx_word' id='word_1_165' title='bbox 2037 2303 2094 2381; x_wconf 89' lang='lat'>5,</span> <span class='ocrx_word' id='word_1_166' title='bbox 2144 2300 2262 2361; x_wconf 78' lang='lat'>199</span> <span class='ocrx_word' id='word_1_167' title='bbox 2292 2306 2346 2365; x_wconf 77' lang='lat' dir='ltr'><strong>E</strong></span> <span class='ocrx_word' id='word_1_168' title='bbox 2406 2322 2588 2382; x_wconf 88' lang='lat' dir='ltr'>quum</span> 
     </span>
     <span class='ocr_line' id='line_1_21' title="bbox 345 2395 2591 2485; baseline 0.002 -23"><span class='ocrx_word' id='word_1_169' title='bbox 345 2401 463 2462; x_wconf 78' lang='lat' dir='ltr'>alia</span> <span class='ocrx_word' id='word_1_170' title='bbox 506 2401 772 2463; x_wconf 82' lang='lat' dir='ltr'>cuiusvis</span> <span class='ocrx_word' id='word_1_171' title='bbox 817 2402 1056 2482; x_wconf 82' lang='lat' dir='ltr'>generis</span> <span class='ocrx_word' id='word_1_172' title='bbox 1097 2422 1245 2465; x_wconf 84' lang='lat' dir='ltr'>vasa</span> <span class='ocrx_word' id='word_1_173' title='bbox 1287 2400 1603 2483; x_wconf 83' lang='lat' dir='ltr'>apportata</span> <span class='ocrx_word' id='word_1_174' title='bbox 1648 2410 1779 2467; x_wconf 80' lang='lat' dir='ltr'>esse</span> <span class='ocrx_word' id='word_1_175' title='bbox 1841 2411 2075 2485; x_wconf 84' lang='lat' dir='ltr'>narrat,</span> <span class='ocrx_word' id='word_1_176' title='bbox 2132 2412 2252 2468; x_wconf 79' lang='lat' dir='ltr'>tum</span> <span class='ocrx_word' id='word_1_177' title='bbox 2316 2395 2591 2466; x_wconf 78' lang='grc' dir='ltr'><strong><em>ὁλκεῖα</em></strong></span> 
     </span>
     <span class='ocr_line' id='line_1_22' title="bbox 344 2493 2591 2590; baseline 0.003 -26"><span class='ocrx_word' id='word_1_178' title='bbox 344 2504 427 2578; x_wconf 72' lang='grc' dir='ltr'>(ν.</span> <span class='ocrx_word' id='word_1_179' title='bbox 459 2506 496 2566; x_wconf 90' lang='grc' dir='ltr'>Ι.</span> <span class='ocrx_word' id='word_1_180' title='bbox 542 2493 810 2579; x_wconf 60' lang='lat' dir='ltr'>binata)</span> <span class='ocrx_word' id='word_1_181' title='bbox 870 2498 1027 2578; x_wconf 76' lang='grc' dir='ltr'><strong><em>δύο,</em></strong></span> <span class='ocrx_word' id='word_1_182' title='bbox 1088 2498 1410 2584; x_wconf 71' lang='grc' dir='ltr'><strong><em>ἑκάτερον</em></strong></span> <span class='ocrx_word' id='word_1_183' title='bbox 1465 2506 1739 2587; x_wconf 77' lang='grc' dir='ltr'><strong><em>χωροῦν</em></strong></span> <span class='ocrx_word' id='word_1_184' title='bbox 1788 2499 2119 2590; x_wconf 80' lang='grc' dir='ltr'><strong><em>μετρητὰς</em></strong></span> <span class='ocrx_word' id='word_1_185' title='bbox 2171 2505 2389 2572; x_wconf 76' lang='grc' dir='ltr'><strong><em>πέντε.</em></strong></span> <span class='ocrx_word' id='word_1_186' title='bbox 2482 2511 2591 2570; x_wconf 88' lang='lat' dir='ltr'>His</span> 
     </span>
     <span class='ocr_line' id='line_1_23' title="bbox 342 2603 2589 2690; baseline 0.003 -24"><span class='ocrx_word' id='word_1_187' title='bbox 342 2609 494 2669; x_wconf 83' lang='lat' dir='ltr'>locis</span> <span class='ocrx_word' id='word_1_188' title='bbox 539 2607 800 2669; x_wconf 83' lang='lat' dir='ltr'>efficitur</span> <span class='ocrx_word' id='word_1_189' title='bbox 843 2625 1023 2670; x_wconf 87' lang='lat' dir='ltr'>uuum</span> <span class='ocrx_word' id='word_1_190' title='bbox 1070 2629 1182 2669; x_wconf 78' lang='lat' dir='ltr'>vas</span> <span class='ocrx_word' id='word_1_191' title='bbox 1225 2611 1414 2670; x_wconf 79' lang='lat' dir='ltr'>tribus</span> <span class='ocrx_word' id='word_1_192' title='bbox 1449 2610 1567 2671; x_wconf 86' lang='lat' dir='ltr'>illis</span> <span class='ocrx_word' id='word_1_193' title='bbox 1600 2611 1936 2671; x_wconf 86' lang='lat' dir='ltr'>nominibus</span> <span class='ocrx_word' id='word_1_194' title='bbox 1981 2612 2322 2689; x_wconf 79' lang='lat' dir='ltr'>significari,</span> <span class='ocrx_word' id='word_1_195' title='bbox 2367 2603 2589 2690; x_wconf 82' lang='lat' dir='ltr'>pelvim</span> 
     </span>
     <span class='ocr_line' id='line_1_24' title="bbox 344 2710 2591 2790; baseline 0.002 -20"><span class='ocrx_word' id='word_1_196' title='bbox 344 2710 758 2788; x_wconf 76' lang='lat' dir='ltr'>magnitudine</span> <span class='ocrx_word' id='word_1_197' title='bbox 816 2715 996 2790; x_wconf 83' lang='lat' dir='ltr'>atque</span> <span class='ocrx_word' id='word_1_198' title='bbox 1057 2730 1168 2772; x_wconf 89' lang='lat' dir='ltr'>usu</span> <span class='ocrx_word' id='word_1_199' title='bbox 1230 2712 1548 2773; x_wconf 82' lang='lat' dir='ltr'><strong>admodum</strong></span> <span class='ocrx_word' id='word_1_200' title='bbox 1612 2715 1794 2774; x_wconf 84' lang='lat' dir='ltr'>vario.</span> <span class='ocrx_word' id='word_1_201' title='bbox 1863 2715 2034 2790; x_wconf 60' lang='lat' dir='ltr'>⁸Nam</span> <span class='ocrx_word' id='word_1_202' title='bbox 2093 2733 2167 2774; x_wconf 87' lang='lat' dir='ltr'>ex</span> <span class='ocrx_word' id='word_1_203' title='bbox 2227 2715 2591 2775; x_wconf 82' lang='lat' dir='ltr'>Philemonis</span> 
     </span>
     <span class='ocr_line' id='line_1_25' title="bbox 343 2811 2591 2894; baseline 0.002 -21"><span class='ocrx_word' id='word_1_204' title='bbox 343 2814 478 2874; x_wconf 89' lang='lat' dir='ltr'>loco</span> <span class='ocrx_word' id='word_1_205' title='bbox 525 2811 935 2894; x_wconf 83' lang='lat' dir='ltr'>intelligimus,</span> <span class='ocrx_word' id='word_1_206' title='bbox 979 2817 1155 2874; x_wconf 86' lang='lat' dir='ltr'>etiam</span> <span class='ocrx_word' id='word_1_207' title='bbox 1203 2813 1276 2874; x_wconf 89' lang='lat' dir='ltr'>ad</span> <span class='ocrx_word' id='word_1_208' title='bbox 1324 2831 1421 2874; x_wconf 79' lang='lat' dir='ltr'>res</span> <span class='ocrx_word' id='word_1_209' title='bbox 1466 2817 1658 2875; x_wconf 84' lang='lat' dir='ltr'>siccas</span> <span class='ocrx_word' id='word_1_210' title='bbox 1690 2817 2070 2892; x_wconf 76' lang='lat' dir='ltr'>recipiendas</span> <span class='ocrx_word' id='word_1_211' title='bbox 2102 2816 2427 2877; x_wconf 87' lang='lat' dir='ltr'>adhibitum</span> <span class='ocrx_word' id='word_1_212' title='bbox 2458 2833 2591 2877; x_wconf 85' lang='lat' dir='ltr'>esse</span> 
     </span>
     <span class='ocr_line' id='line_1_26' title="bbox 343 2915 2632 2996; baseline 0.001 -20"><span class='ocrx_word' id='word_1_213' title='bbox 343 2919 407 2976; x_wconf 85' lang='lat' dir='ltr'>et</span> <span class='ocrx_word' id='word_1_214' title='bbox 464 2917 612 2975; x_wconf 83' lang='lat' dir='ltr'>satis</span> <span class='ocrx_word' id='word_1_215' title='bbox 673 2916 904 2977; x_wconf 80' lang='lat' dir='ltr'>modica</span> <span class='ocrx_word' id='word_1_216' title='bbox 945 2915 1133 2977; x_wconf 72' lang='lat' dir='ltr'>fuisse</span> <span class='ocrx_word' id='word_1_217' title='bbox 1179 2919 1635 2994; x_wconf 86' lang='lat' dir='ltr'>magnitudine‚·</span> <span class='ocrx_word' id='word_1_218' title='bbox 1672 2924 1741 2978; x_wconf 88' lang='lat' dir='ltr'>ut</span> <span class='ocrx_word' id='word_1_219' title='bbox 1799 2919 1857 2979; x_wconf 89' lang='lat' dir='ltr'>in</span> <span class='ocrx_word' id='word_1_220' title='bbox 1915 2935 2118 2979; x_wconf 76' lang='lat' dir='ltr'>mensa</span> <span class='ocrx_word' id='word_1_221' title='bbox 2171 2918 2314 2995; x_wconf 87' lang='lat' dir='ltr'>poni</span> <span class='ocrx_word' id='word_1_222' title='bbox 2373 2921 2632 2996; x_wconf 64' lang='lat' dir='ltr'>posset·</span> 
     </span>
     <span class='ocr_line' id='line_1_27' title="bbox 342 3018 2593 3099; baseline 0.001 -21"><span class='ocrx_word' id='word_1_223' title='bbox 342 3018 462 3078; x_wconf 86' lang='lat' dir='ltr'>Sed</span> <span class='ocrx_word' id='word_1_224' title='bbox 524 3020 881 3097; x_wconf 88' lang='lat' dir='ltr'>plerumque</span> <span class='ocrx_word' id='word_1_225' title='bbox 943 3021 1130 3080; x_wconf 86' lang='lat' dir='ltr'>maius</span> <span class='ocrx_word' id='word_1_226' title='bbox 1189 3025 1343 3096; x_wconf 87' lang='lat' dir='ltr'>erat,</span> <span class='ocrx_word' id='word_1_227' title='bbox 1417 3020 1475 3078; x_wconf 92' lang='lat' dir='ltr'>in</span> <span class='ocrx_word' id='word_1_228' title='bbox 1538 3021 1666 3080; x_wconf 84' lang='lat' dir='ltr'>solo</span> <span class='ocrx_word' id='word_1_229' title='bbox 1726 3022 2010 3099; x_wconf 86' lang='lat' dir='ltr'>positum,</span> <span class='ocrx_word' id='word_1_230' title='bbox 2082 3025 2142 3079; x_wconf 85' lang='lat' dir='ltr'>et</span> <span class='ocrx_word' id='word_1_231' title='bbox 2195 3020 2271 3079; x_wconf 85' lang='lat' dir='ltr'>ad</span> <span class='ocrx_word' id='word_1_232' title='bbox 2328 3021 2593 3097; x_wconf 77' lang='lat' dir='ltr'>liquores</span> 
     </span>
     <span class='ocr_line' id='line_1_28' title="bbox 343 3120 2589 3200; baseline 0 -20"><span class='ocrx_word' id='word_1_233' title='bbox 343 3121 726 3198; x_wconf 84' lang='lat' dir='ltr'>recipiendos</span> <span class='ocrx_word' id='word_1_234' title='bbox 772 3121 1163 3200; x_wconf 86' lang='lat' dir='ltr'>destinatum,</span> <span class='ocrx_word' id='word_1_235' title='bbox 1221 3121 1488 3198; x_wconf 77' lang='lat' dir='ltr'>inprimis</span> <span class='ocrx_word' id='word_1_236' title='bbox 1531 3139 1778 3199; x_wconf 86' lang='lat' dir='ltr'>aquam,</span> <span class='ocrx_word' id='word_1_237' title='bbox 1832 3139 1953 3198; x_wconf 89' lang='lat' dir='ltr'>qna</span> <span class='ocrx_word' id='word_1_238' title='bbox 1996 3121 2091 3181; x_wconf 84' lang='lat' dir='ltr'>vel</span> <span class='ocrx_word' id='word_1_239' title='bbox 2151 3120 2420 3182; x_wconf 83' lang='lat' dir='ltr'>homines</span> <span class='ocrx_word' id='word_1_240' title='bbox 2477 3123 2589 3198; x_wconf 85' lang='lat' dir='ltr'>ipsi</span> 
     </span>
     <span class='ocr_line' id='line_1_29' title="bbox 343 3204 2597 3302; baseline -0 -20"><span class='ocrx_word' id='word_1_241' title='bbox 343 3224 447 3282; x_wconf 87' lang='lat' dir='ltr'>vel</span> <span class='ocrx_word' id='word_1_242' title='bbox 503 3223 960 3300; x_wconf 82' lang='lat' dir='ltr'>res‘quaelibet</span> <span class='ocrx_word' id='word_1_243' title='bbox 1013 3224 1364 3283; x_wconf 69' lang='lat' dir='ltr'>lavarentur</span> <span class='ocrx_word' id='word_1_244' title='bbox 1415 3222 1581 3296; x_wconf 79' lang='lat' dir='ltr'>(hinc</span> <span class='ocrx_word' id='word_1_245' title='bbox 1622 3222 1860 3284; x_wconf 83' lang='lat' dir='ltr'>Polluci</span> <span class='ocrx_word' id='word_1_246' title='bbox 1917 3222 2216 3300; x_wconf 83' lang='lat' dir='ltr'>siguificat</span> <span class='ocrx_word' id='word_1_247' title='bbox 2257 3239 2366 3282; x_wconf 83' lang='lat' dir='ltr'>vas</span> <span class='ocrx_word' id='word_1_248' title='bbox 2411 3204 2468 3302; x_wconf 68' lang='lat' dir='ltr'>q}</span> <span class='ocrx_word' id='word_1_249' title='bbox 2512 3213 2597 3281; x_wconf 79' lang='grc' dir='ltr'>τὰ</span> 
     </span>
     <span class='ocr_line' id='line_1_30' title="bbox 344 3314 2590 3406; baseline 0 -22"><span class='ocrx_word' id='word_1_250' title='bbox 344 3314 715 3403; x_wconf 73' lang='grc' dir='ltr'><strong><em>ἐκπώματα</em></strong></span> <span class='ocrx_word' id='word_1_251' title='bbox 759 3319 1330 3400; x_wconf 77' lang='grc' dir='ltr'><strong><em>ἐναπονίπτουσι),</em></strong></span> <span class='ocrx_word' id='word_1_252' title='bbox 1374 3325 1479 3385; x_wconf 90' lang='lat' dir='ltr'>sed</span> <span class='ocrx_word' id='word_1_253' title='bbox 1513 3327 1687 3385; x_wconf 82' lang='lat' dir='ltr'>etiam</span> <span class='ocrx_word' id='word_1_254' title='bbox 1724 3327 1965 3406; x_wconf 49' lang='lat' dir='ltr'>vinum„</span> <span class='ocrx_word' id='word_1_255' title='bbox 1991 3322 2169 3402; x_wconf 86' lang='lat' dir='ltr'>quam&#39;</span> <span class='ocrx_word' id='word_1_256' title='bbox 2216 3326 2292 3385; x_wconf 93' lang='lat' dir='ltr'>ob</span> <span class='ocrx_word' id='word_1_257' title='bbox 2323 3344 2446 3386; x_wconf 86' lang='lat' dir='ltr'>rem</span> <span class='ocrx_word' id='word_1_258' title='bbox 2495 3343 2590 3385; x_wconf 81' lang='lat' dir='ltr'>ex·</span> 
     </span>
     <span class='ocr_line' id='line_1_31' title="bbox 341 3417 2591 3506; baseline 0 -20"><span class='ocrx_word' id='word_1_259' title='bbox 341 3427 608 3504; x_wconf 75' lang='lat' dir='ltr'>plicatur</span> <span class='ocrx_word' id='word_1_260' title='bbox 664 3417 932 3506; x_wconf 83' lang='grc' dir='ltr'><strong><em>κρατήρ.</em></strong></span> <span class='ocrx_word' id='word_1_261' title='bbox 1039 3425 1134 3487; x_wconf 87' lang='lat' dir='ltr'>Ad</span> <span class='ocrx_word' id='word_1_262' title='bbox 1195 3435 1506 3506; x_wconf 82' lang='lat' dir='ltr'>unguenta</span> <span class='ocrx_word' id='word_1_263' title='bbox 1562 3428 1911 3504; x_wconf 86' lang='lat' dir='ltr'>recipienda</span> <span class='ocrx_word' id='word_1_264' title='bbox 1970 3429 2209 3505; x_wconf 86' lang='lat' dir='ltr'>saepius</span> <span class='ocrx_word' id='word_1_265' title='bbox 2266 3427 2591 3488; x_wconf 84' lang='lat' dir='ltr'>adhibitum</span> 
     </span>
     <span class='ocr_line' id='line_1_32' title="bbox 339 3530 2591 3608; baseline -0 -17"><span class='ocrx_word' id='word_1_266' title='bbox 339 3549 468 3592; x_wconf 88' lang='lat' dir='ltr'>non</span> <span class='ocrx_word' id='word_1_267' title='bbox 527 3530 832 3608; x_wconf 79' lang='lat' dir='ltr'>existimo,</span> <span class='ocrx_word' id='word_1_268' title='bbox 891 3530 996 3590; x_wconf 87' lang='lat' dir='ltr'>sed</span> <span class='ocrx_word' id='word_1_269' title='bbox 1056 3530 1315 3607; x_wconf 87' lang='lat' dir='ltr'>ingentis</span> <span class='ocrx_word' id='word_1_270' title='bbox 1364 3530 1643 3590; x_wconf 80' lang='lat' dir='ltr'>Antiochi</span> <span class='ocrx_word' id='word_1_271' title='bbox 1701 3530 1977 3590; x_wconf 79' lang='lat' dir='ltr'>luxuriae</span> <span class='ocrx_word' id='word_1_272' title='bbox 2034 3532 2149 3591; x_wconf 78' lang='lat' dir='ltr'>hoc</span> <span class='ocrx_word' id='word_1_273' title='bbox 2192 3531 2591 3591; x_wconf 86' lang='lat' dir='ltr'>testimonium</span> 
     </span>
     <span class='ocr_line' id='line_1_33' title="bbox 346 3629 2596 3710; baseline 0 -18"><span class='ocrx_word' id='word_1_274' title='bbox 346 3649 505 3710; x_wconf 83' lang='lat' dir='ltr'>esse,</span> <span class='ocrx_word' id='word_1_275' title='bbox 552 3632 715 3709; x_wconf 87' lang='lat' dir='ltr'>quod</span> <span class='ocrx_word' id='word_1_276' title='bbox 762 3629 1187 3710; x_wconf 84' lang='lat' dir='ltr'>pretiosissima</span> <span class='ocrx_word' id='word_1_277' title='bbox 1227 3633 1554 3708; x_wconf 63' lang='lat' dir='ltr'>unguenta,</span> <span class='ocrx_word' id='word_1_278' title='bbox 1597 3649 1752 3708; x_wconf 82' lang='lat' dir='ltr'>quae</span> <span class='ocrx_word' id='word_1_279' title='bbox 1782 3632 1984 3710; x_wconf 83' lang='lat' dir='ltr'>parvis</span> <span class='ocrx_word' id='word_1_280' title='bbox 2014 3633 2274 3692; x_wconf 77' lang='lat' dir='ltr'>vasculis</span> <span class='ocrx_word' id='word_1_281' title='bbox 2304 3634 2596 3693; x_wconf 71' lang='lat' dir='ltr'>contineri</span> 
     </span>
     <span class='ocr_line' id='line_1_34' title="bbox 341 3731 2593 3812; baseline -0 -17"><span class='ocrx_word' id='word_1_282' title='bbox 341 3736 639 3812; x_wconf 85' lang='lat' dir='ltr'>solebant,</span> <span class='ocrx_word' id='word_1_283' title='bbox 679 3735 756 3794; x_wconf 85' lang='lat' dir='ltr'>iu·</span> <span class='ocrx_word' id='word_1_284' title='bbox 789 3734 1020 3812; x_wconf 79' lang='lat' dir='ltr'>magnis</span> <span class='ocrx_word' id='word_1_285' title='bbox 1056 3733 1238 3795; x_wconf 80' lang='lat' dir='ltr'>labris</span> <span class='ocrx_word' id='word_1_286' title='bbox 1269 3731 1932 3808; x_wconf 78' lang='lat' dir='ltr'>(waschbeckenweise)</span> <span class='ocrx_word' id='word_1_287' title='bbox 1964 3735 2207 3795; x_wconf 80' lang='lat' dir='ltr'>offerret</span> <span class='ocrx_word' id='word_1_288' title='bbox 2238 3734 2593 3795; x_wconf 71' lang='lat' dir='ltr'>lavantibus.</span> 
     </span>
    </p>

    <p class='ocr_par' dir='ltr' id='par_1_3' title="bbox 341 3836 2620 4326">
     <span class='ocr_line' id='line_1_35' title="bbox 519 3836 2590 3915; baseline 0 -19"><span class='ocrx_word' id='word_1_289' title='bbox 519 3837 833 3911; x_wconf 82' lang='lat' dir='ltr'>Quodnam</span> <span class='ocrx_word' id='word_1_290' title='bbox 880 3839 1078 3896; x_wconf 84' lang='lat' dir='ltr'>autem</span> <span class='ocrx_word' id='word_1_291' title='bbox 1119 3836 1400 3897; x_wconf 84' lang='lat' dir='ltr'>vocabuli</span> <span class='ocrx_word' id='word_1_292' title='bbox 1445 3837 1871 3914; x_wconf 80' lang='lat' dir='ltr'>veriloquium,</span> <span class='ocrx_word' id='word_1_293' title='bbox 1927 3853 2081 3914; x_wconf 86' lang='lat' dir='ltr'>quae</span> <span class='ocrx_word' id='word_1_294' title='bbox 2126 3837 2368 3914; x_wconf 85' lang='lat' dir='ltr'>propria</span> <span class='ocrx_word' id='word_1_295' title='bbox 2408 3838 2590 3915; x_wconf 84' lang='lat' dir='ltr'>signi·</span> 
     </span>
     <span class='ocr_line' id='line_1_36' title="bbox 341 3929 2594 4016; baseline -0 -16"><span class='ocrx_word' id='word_1_296' title='bbox 341 3940 546 4000; x_wconf 85' lang='lat' dir='ltr'>ficatio</span> <span class='ocrx_word' id='word_1_297' title='bbox 594 3939 730 4000; x_wconf 77' lang='lat' dir='ltr'>est?</span> <span class='ocrx_word' id='word_1_298' title='bbox 815 3939 908 3999; x_wconf 88' lang='lat' dir='ltr'>Ab</span> <span class='ocrx_word' id='word_1_299' title='bbox 969 3929 1143 3997; x_wconf 69' lang='grc' dir='ltr'><strong><em>ἕλκω</em></strong></span> <span class='ocrx_word' id='word_1_300' title='bbox 1198 3939 1398 3999; x_wconf 84' lang='lat' dir='ltr'>nescio</span> <span class='ocrx_word' id='word_1_301' title='bbox 1459 3955 1579 4014; x_wconf 89' lang='lat' dir='ltr'>quo</span> <span class='ocrx_word' id='word_1_302' title='bbox 1627 3940 1801 3999; x_wconf 84' lang='lat' dir='ltr'>modo</span> <span class='ocrx_word' id='word_1_303' title='bbox 1846 3939 2167 4016; x_wconf 85' lang='lat' dir='ltr'>repetitum</span> <span class='ocrx_word' id='word_1_304' title='bbox 2213 3953 2345 3999; x_wconf 82' lang='lat' dir='ltr'>esse</span> <span class='ocrx_word' id='word_1_305' title='bbox 2390 3940 2594 4016; x_wconf 82' lang='lat' dir='ltr'>possit.</span> 
     </span>
     <span class='ocr_line' id='line_1_37' title="bbox 343 4029 2620 4120; baseline -0.002 -17"><span class='ocrx_word' id='word_1_306' title='bbox 343 4039 493 4103; x_wconf 73' lang='lat' dir='ltr'>Mihi</span> <span class='ocrx_word' id='word_1_307' title='bbox 537 4041 614 4101; x_wconf 87' lang='lat' dir='ltr'>ab</span> <span class='ocrx_word' id='word_1_308' title='bbox 659 4041 865 4101; x_wconf 82' lang='lat' dir='ltr'>eadem</span> <span class='ocrx_word' id='word_1_309' title='bbox 912 4035 1117 4101; x_wconf 82' lang='lat' dir='ltr'>radice</span> <span class='ocrx_word' id='word_1_310' title='bbox 1161 4039 1529 4101; x_wconf 86' lang='lat' dir='ltr'>descendere</span> <span class='ocrx_word' id='word_1_311' title='bbox 1558 4040 1814 4117; x_wconf 79' lang='lat' dir='ltr'>videtur,</span> <span class='ocrx_word' id='word_1_312' title='bbox 1861 4040 2019 4101; x_wconf 91' lang='lat' dir='ltr'>unde</span> <span class='ocrx_word' id='word_1_313' title='bbox 2064 4029 2383 4120; x_wconf 78' lang='grc' dir='ltr'><strong><em>λεκάνη,</em></strong></span> <span class='ocrx_word' id='word_1_314' title='bbox 2430 4040 2620 4118; x_wconf 85' lang='lat' dir='ltr'>quod·</span> 
     </span>
     <span class='ocr_line' id='line_1_38' title="bbox 345 4140 2591 4220; baseline -0.002 -16"><span class='ocrx_word' id='word_1_315' title='bbox 345 4145 713 4204; x_wconf 43' lang='lat' dir='ltr'>uocabulum</span> <span class='ocrx_word' id='word_1_316' title='bbox 772 4161 879 4204; x_wconf 85' lang='lat' dir='ltr'>vas</span> <span class='ocrx_word' id='word_1_317' title='bbox 939 4143 1202 4203; x_wconf 77' lang='lat' dir='ltr'>eiusdem</span> <span class='ocrx_word' id='word_1_318' title='bbox 1260 4144 1498 4220; x_wconf 83' lang='lat' dir='ltr'>generis</span> <span class='ocrx_word' id='word_1_319' title='bbox 1551 4141 1874 4219; x_wconf 80' lang='lat' dir='ltr'>significat,</span> <span class='ocrx_word' id='word_1_320' title='bbox 1933 4147 1993 4202; x_wconf 84' lang='lat' dir='ltr'>et</span> <span class='ocrx_word' id='word_1_321' title='bbox 2052 4141 2128 4202; x_wconf 87' lang='lat' dir='ltr'>ad</span> <span class='ocrx_word' id='word_1_322' title='bbox 2176 4140 2591 4220; x_wconf 85' lang='lat' dir='ltr'>explicandum</span> 
     </span>
     <span class='ocr_line' id='line_1_39' title="bbox 343 4232 2595 4326; baseline -0.002 -20"><span class='ocrx_word' id='word_1_323' title='bbox 343 4235 639 4306; x_wconf 75' lang='grc' dir='ltr'><strong><em>ὂλκαϊον</em></strong></span> <span class='ocrx_word' id='word_1_324' title='bbox 680 4245 1009 4326; x_wconf 67' lang='lat' dir='ltr'>adhibitum</span> <span class='ocrx_word' id='word_1_325' title='bbox 1056 4245 1327 4305; x_wconf 85' lang='lat' dir='ltr'>vidimus.</span> <span class='ocrx_word' id='word_1_326' title='bbox 1399 4243 1489 4306; x_wconf 81' lang='lat' dir='ltr'>ef.</span> <span class='ocrx_word' id='word_1_327' title='bbox 1520 4234 1727 4313; x_wconf 73' lang='grc' dir='ltr'><strong><em>λύκος</em></strong></span> <span class='ocrx_word' id='word_1_328' title='bbox 1755 4250 1813 4304; x_wconf 85' lang='lat' dir='ltr'>ct</span> <span class='ocrx_word' id='word_1_329' title='bbox 1844 4232 2063 4303; x_wconf 78' lang='grc' dir='ltr'><strong><em>ὁλκοὶ’</em></strong></span> <span class='ocrx_word' id='word_1_330' title='bbox 2111 4234 2304 4302; x_wconf 74' lang='grc' dir='ltr'><strong><em>λύκοι</em></strong></span> <span class='ocrx_word' id='word_1_331' title='bbox 2335 4242 2595 4319; x_wconf 78' lang='lat' dir='ltr'>Hesyeh.</span> 
     </span>
    </p>
   </div>
  </div>
 </body>
</html>
