3166 4871
552 283 675 345 146

718 454 851 528 Qua
895 458 1177 515 accurata
1221 459 1280 515 et
1324 473 1513 533 paene
1558 458 1925 532 geometrica
1975 457 2298 517 subtilitate
2339 459 2449 518 etsi
2480 459 2623 518 alibi
2656 477 2789 518 nus-

546 575 726 635 quam
788 556 948 630 (nam
998 558 1055 616 in
1102 558 1234 617 aliis
1279 557 1780 634 descriptionibus
1837 558 2079 619 liberius
2123 563 2405 619 versatur
2459 559 2534 618 cf.
2580 561 2789 636 Agam.

547 661 673 720 280
693 677 859 737 seqq.
910 663 1073 721 1372
1097 678 1263 737 seqq.
1310 661 1472 720 Pers.
1507 663 1625 721 181
1654 657 1843 738 seqq.)
1888 662 2258 736 astringitur,
2288 667 2483 721 tamen
2525 662 2790 737 Aeschy-

545 762 650 850 lus·
685 763 1020 839 praesentis
1062 762 1325 823 historici
1373 763 1736 841 singularem
1779 764 1891 823 vim
1928 769 1987 824 et
2018 765 2375 839 gravitatem
2409 766 2786 841 perspexisse

545 867 605 923 et
648 864 955 943 ingeniose
999 866 1056 925 in
1106 865 1440 925 fabularum
1490 884 1661 926 usum
1709 867 2078 927 convertisse
2125 865 2383 925 videtur.

719 967 886 1027 Alias
919 986 1061 1029 vero
1093 970 1424 1046 praesentis
1455 973 1515 1027 et
1543 970 1744 1027 aci-isti
1779 999 1858 1007 —
1894 968 1966 1028 cf.
2011 970 2167 1045 Sept.
2201 971 2323 1029 322
2371 966 2787 1048 (προταρβῶ)

544 1072 686 1131 419.
733 1074 873 1130 563.
918 1072 1061 1130 834.
1105 1073 1248 1131 872.
1293 1070 1457 1130 Pers.
1505 1074 1642 1130 114.
1693 1075 1831 1131 161.
1880 1075 2017 1131 165.
2065 1069 2271 1147 Suppl.
2319 1074 2458 1131 379.
2504 1072 2617 1147 Ag.
2666 1076 2789 1132 270

544 1178 605 1232 et
647 1173 841 1232 Prom.
891 1176 1014 1233 180
1058 1160 1240 1250 (ἐμὰς
1283 1164 1355 1230 δὲ
1401 1166 1649 1250 φρένας
1678 1164 1957 1249 ἐρέθισε.
1995 1173 2035 1244 .)
2099 1173 2294 1232 Prom.
2325 1177 2447 1234 401
2497 1164 2786 1251 (ἔτεγξα).

542 1274 737 1335 prom.
784 1278 905 1336 249
964 1259 1376 1354 (ἠλγύνθην).
1469 1273 1634 1351 Sept.
1674 1278 1754 1336 83
1812 1262 2011 1348 (εἶχε).
2104 1276 2263 1352 Sept.
2302 1278 2427 1337 835
2489 1265 2786 1350 (ἔτευξα).

541 1377 709 1436 Pers.
739 1380 865 1438 844
911 1360 1161 1456 (ἤλγησ’
1208 1360 1537 1450 ἀκούσας).
1593 1377 1700 1437 Ch.
1738 1380 1859 1439 887
1909 1372 2212 1454 (ξυνῆκα)
2259 1377 2417 1449 (vide
2466 1379 2786 1438 Hermann.

542 1479 621 1539 ad
673 1480 867 1556 Viger.
902 1483 1041 1539 162.
1099 1498 1154 1557 p.
1192 1483 1328 1541 746.
1375 1480 1644 1539 Kfibner.
1687 1479 1724 1550 ξ
1755 1476 1897 1557 386,
1928 1482 1985 1541 9.
2030 1481 2270 1540 Kohlm.
2303 1482 2338 1539 l.
2370 1482 2406 1539 l.
2451 1499 2509 1557 p.
2543 1477 2666 1552 36.)
2696 1511 2781 1520 —

541 1583 725 1658 atque
784 1581 1117 1659 praesentis
1177 1586 1236 1641 et
1289 1579 1474 1641 futuri
1532 1580 1628 1653 (cf.
1686 1579 1845 1659 Sept.
1884 1585 2007 1643 458
2065 1576 2238 1657 λέξω
2282 1587 2340 1641 et
2384 1586 2507 1643 526
2557 1577 2782 1662 (λέγω)

507 1684 734 1744 -Ρτοῐῃ,
776 1686 919 1744 513.
972 1687 1113 1745 525.
1171 1688 1309 1744 757.
1372 1687 1531 1745 1767
1602 1680 1737 1755 etc.)
1796 1685 2154 1745 variationes
2214 1686 2453 1754 omitte,
2515 1704 2647 1745 cum
2708 1704 2781 1745 ex
2894 1699 2899 1704 ’

539 1785 663 1864 his,
718 1804 869 1863 quas
913 1787 1224 1863 hucusque
1279 1805 1390 1865 pro
1443 1788 1674 1846 viribus
1733 1786 2035 1846 illustrare
2091 1787 2402 1847 studebam
2448 1792 2779 1865 temporum

539 1888 967 1949 variationibus
1040 1891 1186 1950 satis
1258 1889 1503 1966 intelligi
1578 1890 1782 1959 liceat,
1858 1893 2083 1966 quanta
2161 1893 2289 1949 arte
2364 1895 2424 1948 et
2485 1888 2782 1950 industria

539 1990 882 2068 Aeschylus
925 1996 1254 2069 temporum
1302 1991 1646 2051 discrimina
1690 1992 1976 2067 variaque
2024 2010 2248 2067 genera
2293 1990 2369 2051 ad
2411 2010 2611 2052 rerum
2644 1993 2781 2051 ima·

539 2093 710 2170 gines
765 2111 943 2171 quam
1005 2095 1448 2154 accuratissime
1494 2093 1916 2170 exprimendas
1962 2092 2355 2171 sensibusque
2402 2094 2781 2155 subiciendas

539 2194 893 2256 adhibuerit.
