3166 4871
563 286 681 350 188
1561 278 1827 334 zacher

556 461 779 521 factum
825 462 936 519 eet.
1017 458 1138 521 Sed
1183 458 1329 518 talia
1372 458 1523 517 aliae
1567 475 1813 535 quoque
1850 456 2014 518 facta
2040 461 2202 518 eunt.
2272 459 2355 518 Ut
2380 475 2491 518 noe
2519 457 2806 518 Germani

555 560 973 624 terminatione
1015 576 1112 620 -er
1156 562 1380 621 utimur
1424 560 1502 619 ad
1547 560 1791 620 nomina
1832 561 2065 637 agentia
2108 579 2187 620 ex
2216 560 2415 620 verbio
2444 559 2808 619 derivanda:

555 661 896 735 schreiber,
949 662 1262 737 orander,
1324 661 1665 736 auspasser
1708 666 1823 722 etc.
1910 661 2031 723 Sed
2076 663 2190 723 hoc
2234 661 2514 722 suffixum
2559 661 2808 739 proprie

556 764 975 827 secundarium
1022 768 1143 825 est:
1188 782 1226 824 a
1267 763 1438 825 Gotie
1479 782 1601 825 non
1647 764 2050 842 usurpabatur
2095 764 2207 825 nisi
2249 764 2325 824 ad
2356 762 2809 824 denominativa

558 888 596 928 a
638 868 936 929 concretis
979 866 1312 927 derivanda
1355 870 1418 927 et
1460 883 1595 927 eum
1641 865 2095 944 significandum
2138 865 2243 943 qui
2282 867 2445 926 illam
2476 884 2603 926 rem
2634 870 2811 926 curat

558 969 942 1046 (bole-areis,
984 969 1347 1042 mot-areis,
1390 969 1765 1041 mle-arm,
1809 969 1932 1031 Leo
1964 971 2171 1045 Meyer
2215 968 2348 1030 Got.
2379 968 2511 1053 Spr.
2554 967 2590 1039 δ
2622 964 2807 1040 273):

559 1092 597 1132 a
641 1071 954 1135 Germania
995 1071 1176 1132 medii
1219 1070 1351 1132 aevi
1397 1071 1591 1148 magis
1635 1071 1948 1149 magisque
1993 1071 2160 1132 nullo
2198 1071 2327 1132 fere
2357 1070 2810 1148 significationis

559 1175 898 1237 discrimine
956 1173 1119 1234 facto
1178 1173 1519 1234 nominibus
1577 1175 1814 1249 agentis
1856 1172 2215 1250 affigebatur
2254 1168 2481 1247 (scribo
2523 1168 2812 1245 scribas-i,

563 1277 730 1350 helso
774 1276 1035 1349 helfari,
1091 1274 1410 1348 αὸαηεηιο,
1457 1273 1862 1349 αὸαηεηιανῦε
1925 1293 2062 1336 mox
2107 1295 2217 1352 pro
2261 1274 2478 1336 suffixo
2525 1273 2811 1353 primario

564 1380 844 1442 habitum'
879 1384 940 1440 et
982 1379 1058 1439 ad
1104 1380 1346 1440 nomina
1388 1380 1620 1456 agentis
1654 1397 1734 1438 ex
1760 1379 1908 1456 ipsis
1937 1378 2139 1440 verbis
2168 1378 2448 1440 ducenda
2477 1376 2810 1439 adhibitum

562 1486 654 1545 eat
710 1477 980 1556 (minari,
1038 1476 1318 1553 ἱνΙόεαι-ἰ,
1379 1481 1629 1542 rimari.
1718 1480 1806 1543 Cf.
1849 1482 2115 1542 Zimmer.
2168 1501 2225 1560 p.
2262 1476 2425 1554 178).
2513 1481 2640 1550 „Im
2698 1481 2812 1540 alt·

387 1596 395 1603 ‘
487 1659 494 1665 ἱ
563 1584 873 1646 indieehen
922 1583 1111 1644 findet
1153 1583 1280 1644 sich
1326 1600 1506 1659 sogal·
1549 1584 1683 1645 eine
1730 1584 2126 1661 partieipielle
2177 1583 2454 1661 bildung,
2511 1583 2607 1644 die
2651 1601 2811 1660 ganz

563 1686 829 1751 deutlich
877 1686 1046 1747 nicht
1089 1684 1495 1763 unabgeleitet
1549 1685 1813 1746 sondern
1865 1686 2189 1762 abgeleitet
2240 1686 2342 1763 ist,
2399 1685 2655 1745 namlich
2712 1683 2813 1744 die

563 1789 671 1853 mit
713 1808 788 1850 zu
833 1788 1072 1865 grunde
1100 1787 1453 1871 ‚liegendem
1498 1788 1777 1864 passiven
1824 1788 2201 1865 participium
2246 1789 2371 1848 und
2413 1788 2546 1848 dem
2593 1786 2814 1847 suffixe

565 1898 724 1965 vam,
772 1892 885 1953 wie
929 1886 1222 1952 ulctdvant
1266 1891 1661 1968 ,gesprochen
1706 1890 1961 1952 habend'
1992 1889 2190 1964 (Benf.
2220 1891 2418 1951 vollet„
2447 1889 2550 1951 Gr.
2581 1890 2618 1962 ἃ
2643 1885 2815 1967 893),

565 1995 675 2056 dae
704 2013 826 2055 von
858 1994 992 2056 dem
1023 1993 1310 2072 passiven
1354 1992 1503 2052 edcta
1541 1992 1952 2071 ‚gosproohen'
1998 1993 2307 2070 ausgieug,
2352 1993 2472 2053 und
2517 1993 2815 2054 aunachet

566 2116 683 2158 nur
740 2096 1039 2159 bedenten
1099 2094 1280 2156 wird:
1343 2095 1447 2156 mit
1509 2095 1647 2156 dem
1707 2096 2162 2172 gesprochenen
2228 2089 2584 2156 vereehen“.
2681 2096 2813 2155 Leo

565 2201 776 2277 Meyer
830 2199 892 2259 in
948 2199 1124 2258 Beitr.
1169 2216 1279 2258 zur
1321 2198 1546 2259 Kunde
1598 2197 1706 2257 der
1754 2198 1871 2274 idg.
1916 2215 2036 2275 epr.
2082 2197 2213 2276 heg.
2256 2217 2312 2258 v.
2356 2197 2814 2274 Bezzenberger

563 2303 619 2378 Ι,
662 2298 761 2361 27.
847 2301 926 2361 Et
981 2300 1042 2360 in
1100 2301 1236 2378 ipsa
1287 2301 1496 2377 lingua
1538 2300 1773 2362 Graeca
1826 2300 1979 2361 idem
2024 2301 2118 2360 vir
2163 2300 2377 2362 doctus
2421 2300 2629 2361 eodem
2675 2300 2811 2360 loco

572 2403 750 2465 docet
779 2403 1022 2465 nomina
1048 2404 1111 2464 in
1144 2420 1272 2483 ευς,
1302 2421 1459 2482 quae
1498 2422 1535 2464 a
1577 2403 1778 2464 verbis
1808 2403 2109 2480 pullulare
2153 2402 2452 2480 videntur,
2496 2423 2534 2465 a
2561 2403 2814 2465 nomini-

567 2508 680 2568 bus
710 2506 984 2568 derivata
1007 2524 1155 2568 ease.
1223 2508 1304 2567 Ut
1333 2508 1490 2567 enim
1522 2511 1724 2567 cetera
1752 2507 1996 2567 nomina
2024 2507 2084 2566 in
2117 2524 2227 2576 ευς
2258 2525 2295 2566 a
2325 2507 2663 2568 nominibus
2692 2507 2817 2570 sint

566 2610 768 2687 ducta,
795 2615 865 2671 ut
885 2597 1270 2688 τραπεζεύς,
1297 2596 1540 2686 ἁλιεύς,
1565 2599 1868 2688 χαλκεύς,
1899 2610 1986 2670 sic
2007 2610 2181 2669 etiam
2205 2597 2447 2687 νομεύς
2471 2614 2533 2671 et
2553 2599 2810 2680 τοκεύς.

564 2714 726 2792 „Dae
771 2713 901 2773 aleo
946 2711 1305 2789 abgeleitete
1350 2712 1724 2772 homerieche
1766 2708 1993 2791 νομῆιΕ
2028 2713 2177 2773 wird
2222 2713 2516 2773 eunachet
2557 2711 2667 2773 auf
2704 2711 2816 2772 dae

567 2815 867 2876 nominale
889 2802 1061 2893 νομή
1093 2813 1241 2877 oder
1264 2814 1482 2875 mannl.
1503 2803 1709 2891 νομός
1739 2814 1945 2892 weide,
1975 2814 2232 2875 welches
2264 2815 2513 2876 letztere
2536 2814 2812 2878 auchbei

567 2919 793 2980 Homer
813 2917 997 2978 eelbst
1019 2915 1376 2996 vorkommt,
1405 2915 1935 2980 zurnckznfuhren
1960 2918 2111 2996 sein,
2139 2916 2263 2976 und
2287 2917 2405 2977 den
2428 2917 2814 2993 bezeichnen,

568 3021 674 3081 der
703 3021 810 3082 mit
837 3020 947 3081 der
974 3019 1164 3081 weide
1192 3037 1266 3080 zu
1296 3025 1405 3082 tun
1435 3013 1594 3081 hat“.
1665 3020 1781 3083 Sed
1814 3019 1990 3081 etiam
2022 3020 2138 3080 alia
2180 3019 2399 3081 suffixa
2442 3020 2556 3080 hac
2585 3020 2816 3080 ratione

568 3129 951 3186 mutaverunt
991 3122 1504 3201 significationem.
1594 3125 1674 3185 Ut
1724 3123 1949 3184 suffixo
2007 3139 2084 3182 ιο
2144 3122 2501 3184 secundario
2560 3122 2817 3183 formala

565 3230 706 3288 sunt
762 3226 1031 3290 verbalia
1088 3215 1390 3300 βούλιος,
1451 3215 1712 3303 τόμιος,
1769 3213 2091 3304 φθόριος,
2147 3214 2462 3305 κρύφιος,
2519 3214 2815 3304 βρόμιος,

569 3318 824 3408 γόνιος,
869 3318 1120 3407 ζύγιος,
1165 3319 1478 3408 θούριος,
1521 3318 1886 3408 καθάριος,
1932 3317 2230 3406 κλόπιος,
2273 3317 2519 3400 λάλιος,
2568 3315 2816 3405 λόγιος,

567 3419 809 3508 λόχιος,
851 3419 1106 3510 μονιός,
1149 3420 1406 3511 μόριος,
1452 3420 1698 3504 νότιος,
1742 3421 2050 3503 ammae,
2098 3421 2384 3500 πλόκιος
2420 3431 2512 3509 ιι,
2555 3434 2618 3490 et
2661 3448 2816 3489 com·

568 3532 766 3611 posita
825 3521 1226 3612 διατρύγιος,
1270 3518 1651 3613 ἀκηράσιος,
1696 3518 2074 3612 αμβρόσιος,
2120 3521 2543 3612 ἱππηλάσιος,
2588 3521 2816 3610 κερτό-

568 3652 747 3714 μιος,
809 3623 1176 3714 οἰκούριος,
1237 3624 1589 3708 ἐκπάτιος,
1649 3625 2150 3715 πτολιπόρθιος
2203 3636 2280 3696 al.
2382 3637 2492 3696 Hie
2550 3636 2818 3712 proxime

570 3736 870 3800 accedunt
898 3756 1057 3815 quae
1086 3739 1148 3798 in
1191 3727 1454 3809 -τικός
1497 3737 1780 3799 desinunt
1817 3757 1853 3797 a
1883 3739 2085 3799 verbis
2118 3739 2404 3816 derivata,
2446 3738 2523 3798 cf.
2552 3737 2821 3810 Budenz,

571 3842 697 3901 Das
742 3839 921 3901 euffix
967 3838 1174 3917 ΚΟΣ,
1217 3858 1274 3918 p.
1305 3837 1381 3899 37
1411 3859 1520 3918 eq„
1561 3859 1720 3918 quae
1764 3842 1906 3901 mihi
1950 3843 2264 3902 maximam
2309 3847 2539 3918 partem
2588 3859 2706 3901 non
2739 3839 2819 3900 ad

572 3942 814 4004 nomina
856 3943 1125 4021 aetioniS,
1167 3948 1236 4005 ut
1276 3947 1449 4020 putat
1491 3944 1643 4004 Bud.
1688 3963 1746 4021 p.
1776 3942 1877 4023 44,
1934 3944 2041 4005 sed
2084 3944 2164 4004 ad
2209 3945 2449 4005 nomina
2491 3943 2726 4022 agentis
2754 3942 2816 4001 in

572 4061 689 4118 τος
733 4045 833 4105 vel
877 4062 996 4124 της
1038 4046 1137 4105 vel
1180 4063 1280 4116 τις
1323 4045 1666 4105 revocanda
1711 4046 1996 4107 videntur
2040 4041 2412 4123 (quanquam
2458 4046 2521 4104 in
2565 4044 2659 4104 hie
2703 4050 2818 4103 ter-

573 4149 894 4212 minatione
938 4165 1058 4220 κος
1103 4147 1307 4209 addita
1359 4148 1539 4226 paulo
1595 4149 1785 4226 magis
1828 4153 2091 4209 mutatur
2134 4147 2489 4225 significatio
2534 4148 2819 4225 primitivi

574 4269 754 4328 quam
798 4252 858 4314 in
901 4251 1017 4312 illis
1061 4270 1218 4329 quae
1262 4250 1545 4312 suffixum
1590 4267 1655 4311 ιο
1702 4250 2085 4330 adjungunt).
2158 4249 2393 4312 Deinde
2433 4249 2642 4314 eadem
2687 4247 2820 4315 fere
