3166 4871
538 270 658 332 186

528 460 752 522 μενος,
799 429 1146 522 εὐημερῶν
1192 435 1262 501 δὲ
1305 435 1419 501 καὶ
1463 434 1764 519 κατέχων
1811 427 1890 498 τὸ
1935 435 2235 520 θέατρον
2279 432 2500 521 ἐνδείᾳ
2555 456 2769 518 παρα·

532 540 773 624 σκευῆς
832 539 944 604 καὶ
1004 539 1319 625 χορηγίας
1378 541 1792 624 κρατεῖσθαι.
1916 529 2033 602 Διὸ
2078 538 2202 602 τοῦ
2246 527 2500 620 Ἀρχίου
2543 526 2771 600 πολλὰ

533 637 996 726 φιλάνθρωπα
1057 640 1526 724 διαλεχθέντος
1590 631 1973 724 ἀναβλέψας
2032 631 2203 724 πρὸς
2257 632 2486 718 αὐτὸν,
2546 630 2792 722 ὥσπερ-

535 740 849 829 ἑτύγχανε
893 738 1272 829 καθήμενος
1315 735 1416 828 ,,ῶ
1468 733 1709 828 Ἀρχία,
1767 737 1979 820 εἶπεν,
2039 736 2199 807 οὔτε
2244 735 2772 827 ὑποκρινόμενός

532 870 610 931 με
644 844 908 923 ἔπεισας
935 841 1216 910 ,πώποτε
1248 840 1401 910 οὔτε
1434 846 1564 910 νῦν
1595 845 1841 921 πείσεις
1871 840 2500 930 ἐπαγγελλόμενος”.
2558 834 2772 927 Ἀρξα-

530 949 738 1034 μένου
784 939 843 1014 δ’
889 938 1190 1014 ἀπειλεῖν
1233 950 1357 1013 τοῦ
1392 938 1645 1033 Ἀρχίου
1687 939 1829 1031 μετ’
1874 937 2077 1034 ὀργῆς
2120 946 2325 1032 ,,Νὗν,
2370 942 2518 1032 ἔφη,
2565 942 2772 1031 λέγεις

534 1048 619 1116 τὰ
687 1050 764 1117 ἐκ
834 1052 959 1118 τοῦ
1020 1052 1497 1118 Μακεδονικοῦ
1568 1048 1919 1134 τρίποδος,
2000 1042 2152 1134 ἄρτι
2225 1040 2283 1114 δ’
2352 1042 2775 1134 ὑπεκρίνου“.

537 1161 998 1239 Demosthenes,
1088 1164 1405 1238 postquam
1476 1160 1790 1237 epistolam
1857 1178 1922 1220 sc
1987 1158 2250 1220 scribere
2313 1159 2602 1219 simulans
2674 1175 2773 1217 ve-

540 1281 759 1324 nenum
807 1265 974 1339 bibit,
1018 1264 1278 1324 Archiae
1323 1263 1666 1323 adhortanti
1716 1267 1782 1323 ut
1810 1280 2011 1323 secum
2045 1261 2122 1322 ad
2154 1264 2534 1339 Antipatrum
2566 1260 2776 1320 redeat

536 1366 686 1425 haec
732 1365 993 1443 denique
1040 1366 1209 1425 dicit:
1255 1351 1417 1437 ,,οὐκ
1466 1351 1550 1423 ἂν
1595 1354 1888 1440 φθάνοις
1931 1353 2056 1445 ἤδη
2102 1351 2225 1424 τὸν
2261 1358 2336 1424 ἐκ
2365 1361 2485 1443 τῆς
2522 1380 2772 1443 τραγῳ-

537 1461 681 1538 δίας
740 1453 1271 1546 ὑποκρινὸμενος
1329 1462 1631 1547 Κρέοντα
1694 1463 1808 1526 καὶ
1872 1457 1946 1527 τὸ
2003 1463 2191 1545 σῶμα
2249 1463 2453 1526 τοῦτο
2515 1456 2775 1545 ῥίπτων

534 1557 853 1645 ἄταφον“.

707 1672 827 1733 Sed
887 1672 1097 1732 redeat
1165 1671 1491 1749 disputatio
1550 1670 1712 1732 unde
1770 1673 2085 1733 aberravit.
2188 1672 2347 1732 Fieri
2408 1670 2643 1749 nequit,
2709 1673 2777 1729 ut

441 1821 448 1826 .
535 1775 721 1836 Polus
777 1775 1039 1835 Archiae
1102 1774 1435 1851 discipulus
1476 1774 1635 1835 idem
1694 1775 1876 1834 fuerit
1935 1793 2008 1834 ac
2066 1776 2249 1835 Polus
2308 1776 2409 1852 qui
2473 1794 2525 1834 a.
2577 1767 2772 1847 40211

537 1876 833 1955 Oedipum
890 1875 1213 1938 Coloneum
1269 1877 1408 1954 egit,
1493 1878 1681 1938 Polus
1732 1897 1769 1937 a
1820 1879 2144 1939 Plutarcho
2198 1882 2559 1938 memoratus
2602 1874 2775 1951 Aegi·

538 1984 678 2040 neta.
729 1980 864 2058 fuit3
922 1965 1101 2040 a'lium
1156 1981 1399 2058 Polum,
1462 1981 1750 2042 Chariclis
1802 1980 1987 2041 filium
2041 1979 2418 2058 Suniensem‚
2475 1980 2776 2040 Lucianus

536 2090 958 2144 commemorat
997 2085 1283 2159 Necyom.
1333 2087 1437 2145 16:
1483 2084 1690 2144 illudit
1715 2083 2019 2144 Lucianus
2066 2084 2402 2161 histriones,
2446 2084 2548 2160 qui
2592 2099 2774 2161 quum

536 2202 718 2246 scens.
762 2185 973 2247 relicta
1016 2195 1291 2250 ornatum
1338 2187 1639 2247 scenicum
1687 2186 2014 2264 posuerint,
2078 2205 2195 2247 non
2238 2186 2358 2263 jam
2403 2185 2523 2245 sint
2564 2167 2775 2262 „Zya-

534 2281 805 2365 μέμνων
857 2274 894 2347 ὁ
943 2271 1215 2368 Ἀτρέως
1269 2271 1425 2347 οὐδὲ
1480 2278 1715 2367 Κρέων
1760 2274 1798 2348 ὁ
1842 2282 2261 2360 Μενοικέως,
2322 2272 2493 2346 ἀλλὰ
2534 2280 2778 2356 Πῶλος

540 2383 954 2470 Χαρικλέους
993 2380 1323 2461 Σουνιεὺς
1368 2375 1867 2469 ὀνομαζόμενος
1907 2376 1951 2470 ἢ
1982 2380 2293 2471 Σάτυρος
2327 2382 2777 2469 Θεογείτωνος

535 2482 1045 2573 Μαραθῶνιος“.
1137 2492 1527 2566 (Monendum
1589 2498 1683 2553 est
1740 2496 1869 2556 solo
1930 2495 2138 2555 codem
2194 2494 2309 2555 hoc
2362 2494 2493 2553 loco
2538 2494 2777 2553 exstare

535 2597 725 2675 patris
769 2598 831 2655 et
869 2595 1008 2673 pagi
1039 2596 1279 2656 nomina
1308 2595 1504 2672 Satyri
1535 2597 1750 2672 tragici
1783 2596 2003 2681 actoris
2036 2597 2456 2658 Demosthenis
2487 2595 2777 2673 aequali83

537 2699 638 2776 qui
671 2702 986 2776 praeterea
1012 2696 1381 2774 significatur
1411 2717 1448 2758 a
1475 2698 1770 2759 Luciano:
1815 2701 1948 2761 Jov.
1978 2704 2131 2777 trag.
2153 2704 2232 2760 41
2269 2703 2329 2760 et
2360 2718 2395 2759 a
2424 2697 2778 2760 Plutarcho:

538 2802 704 2861 Dem.
764 2805 821 2878 7,
863 2819 936 2861 ac
981 2800 1411 2862 discernendus
1456 2807 1548 2862 est
1591 2822 1628 2862 a
1670 2802 1885 2880 Satyro
1918 2800 2205 2880 Olynthio
2249 2803 2504 2880 aequali,
2550 2800 2776 2862 comico

541 2904 828 2964 histrione
883 2904 961 2964 ab
1008 2904 1227 2964 Athen.
1272 2905 1450 2983 XIII,
1510 2906 1626 2967 59³
1681 2924 1731 2977 e,
1776 2906 1931 2966 Plut.
1977 2906 2051 2966 de
2096 2924 2159 2966 se
2204 2905 2312 2984 ips.
2357 2905 2549 2980 XVII,
2607 2904 2775 2964 Dem.

543 3010 649 3085 19,
699 3009 852 3085 193,
913 3006 1196 3068 Aeschin.
1242 3013 1311 3086 2,
1358 3012 1503 3085 153,
1563 3008 1738 3069 Diod.
1794 3009 1902 3070 Sic.
1952 3013 2047 3081 16,
2095 3012 2191 3082 55,
2244 3007 2430 3069 Suida
2481 3026 2527 3068 s.
2571 2990 2778 3066 v.·‹‘›'z·c

538 3102 795 3184 ξένους,
858 3109 1040 3187 Harp.
1102 3128 1147 3170 s.
1196 3106 1488 3170 Φωκίων
1546 3109 2049 3184 commemorato.)
2149 3111 2445 3186 Quoniam
2502 3110 2684 3171 Polus
2743 3128 2778 3168 a

537 3211 865 3273 Plutarcho
911 3216 1273 3274 memoratus
1318 3213 1427 3273 suit
1455 3214 1766 3291 Aegineta,
1812 3215 2114 3275 Lucianus
2158 3213 2496 3292 significare
2543 3212 2776 3273 videtur

536 3314 778 3386 Polum,
841 3315 1017 3392 cujus
1073 3315 1369 3375 Arrianus
1428 3318 1785 3377 mentionem
1836 3316 1989 3376 facit.
2092 3317 2340 3394 Utique,
2398 3314 2627 3375 etiamsi
2672 3318 2778 3375 aut

536 3415 922 3476 Plutarchum
985 3417 1280 3478 erravisse
1337 3436 1533 3494 neque
1587 3420 1793 3478 Polum
1852 3418 2107 3479 Archiae
2160 3418 2265 3479 sed
2318 3417 2598 3479 Archiam
2643 3418 2775 3478 Poli

535 3516 721 3578 fuisse
773 3518 1126 3597 discipulum
1182 3521 1498 3598 opinemur
1550 3524 1656 3580 aut
1712 3522 1977 3582 Arriano·
2025 3521 2198 3582 fidem
2256 3541 2374 3583 non
2431 3521 2779 3597 tribuamus,

538 3620 723 3680 Polus
776 3620 1072 3699 Aegineta
1124 3622 1429 3682 Plutarchi
1480 3624 1767 3684 abhorret
1810 3644 1845 3683 a
1890 3624 2040 3685 Polo
2088 3626 2462 3687 Marathonio
2507 3624 2773 3685 Luciani.

537 3724 851 3794 Attamen,
898 3742 1078 3801 quum
1129 3729 1383 3802 uterque
1428 3726 1611 3785 Polus
1654 3732 1782 3787 arte
1828 3745 1937 3788 sua
1979 3728 2225 3805 insignis
2269 3727 2455 3788 fuisse
2499 3727 2777 3787 tradatur

538 3824 639 3899 (cf.
697 3826 852 3887 Plut.
906 3827 944 3886 l.
1007 3827 1043 3886 l.
1103 3857 1182 3866 —
1248 3816 1616 3908 Αἰγινήτην
1675 3823 1923 3889 Πῶλον
1980 3815 2107 3889 τὸν
2164 3815 2634 3909 ὑπερβαλόντα
2692 3823 2775 3906 τῇ

535 3921 732 4005 τέχνῃ
776 3916 1033 4000 πάντας
1076 3960 1162 3970 -·
1205 3934 1263 3989 et
1307 3929 1469 3990 Stob.
1515 3931 1550 3989 1.
1597 3930 1674 4003 1.),
1727 3932 1936 3992 mirum
1983 3940 2087 4003 cst,
2135 3933 2294 4010 quod
2345 3933 2612 4011 exceptis
2655 3932 2690 3990 1.
2737 3933 2774 3991 l.

537 4030 764 4108 ubique
809 4031 883 4093 de
928 4032 1076 4093 Polo
1121 4033 1288 4110 quasi
1336 4051 1457 4093 uno
1504 4032 1753 4104 dicitur,
1823 4052 2114 4112 nusquam
2185 4035 2436 4096 duorum
2491 4035 2773 4095 Polorum

538 4133 605 4193 fit
657 4135 901 4206 menti03
975 4134 1279 4195 Lucianus
1339 4136 1464 4211 ipse
1527 4137 1743 4196 ceteris
1805 4137 1952 4197 locis
2025 4138 2188 4198 nudo
2262 4138 2499 4197 nomine
2561 4136 2774 4196 utitur:

536 4236 720 4297 Simili
796 4238 855 4296 in
920 4237 1349 4298 sententiarum
1425 4257 1586 4299 nexu
1653 4258 1723 4299 ac
1788 4239 1920 4299 loco
1991 4238 2165 4300 modo
2244 4239 2487 4301 laudato
2561 4239 2772 4299 Polum
