3166 4871
563 200 643 260 34
1564 194 1823 250 Zacber

561 375 751 435 Seiler
796 376 852 433 in
904 377 1058 433 loxx.
1109 372 1305 447 hom),
1350 380 1542 432 tamen
1596 376 1707 433 boc
1751 375 1930 452 plane
1973 376 2324 436 incredibile
2362 386 2468 438 est.
2542 379 2803 438 Primum

561 480 918 553 significatio
965 478 1322 553 refragatur,
1365 494 1541 552 quam
1591 477 1844 536 eandem
1889 496 2022 538 esse
2065 483 2234 555 patet
2279 485 2459 557 atque
2504 481 2563 541 in
2613 466 2801 558 εὐρυ-

558 570 755 657 άγυια
786 565 1162 655 ιιῖρύπορος
1193 565 1575 655 εύριῖχορος;
1621 597 1692 637 ac
1723 586 1883 640 certe
1915 581 2103 639 multo
2136 583 2335 657 aptius
2363 588 2527 641 terra
2551 588 2802 643 vocatur

560 701 715 759 quae
772 700 1233 758 quoquoversus
1292 681 1405 739 viis
1468 681 1661 756 longis
1719 682 2014 760 abundat,
2079 701 2255 758 quam
2325 686 2382 743 in
2449 703 2568 760 qna
2627 686 2801 762 longe

558 788 753 862 possis
798 784 1197 862 peregrinari,
1256 785 1600 859 praesertim
1662 801 1845 859 quum
1893 785 2190 844 Homerus
2235 786 2529 846 vocabulo
2584 775 2800 845 ὃὸέύω

558 889 739 947 semel
785 894 1012 946 tantum
1062 890 1263 945 utatur
1308 883 1364 942 Λ
1398 888 1538 961 569,
1599 904 1708 943 nec
1767 885 1842 944 de
1899 886 2111 946 itinere
2158 889 2252 945 vel
2299 890 2800 967 peregrinatione,

557 992 659 1049 sed
728 991 801 1048 de
868 990 1149 1064 Trojanis
1214 987 1506 1045 adversus
1574 988 1939 1046 Achivorum
2008 1006 2193 1048 naves
2259 991 2801 1066 progredientibus.

558 1092 786 1152 Deinde
832 1111 907 1150 ne
952 1095 1153 1149 cetera
1195 1088 1429 1165 quidem
1479 1090 1806 1166 composita
1863 1090 1922 1148 in
1969 1107 2103 1160 ειος
2159 1093 2252 1150 vel
2312 1108 2412 1149 ua
2466 1093 2797 1154 desinentia

557 1215 593 1253 a
658 1194 853 1253 verbis
910 1194 967 1251 in
1033 1210 1166 1249 ιυα)
1237 1192 1503 1250 derivata
1561 1196 1732 1251 sunt:
1778 1176 2198 1271 εὐπατέρεια,
2259 1186 2796 1273 κυαιόπρώρεια,

556 1284 1161 1374 ὁύςαριστοτόκεια,
1206 1281 1633 1371 Πηνελόπεια
1677 1293 1770 1370 al.,
1814 1292 2030 1353 nedum
2073 1295 2172 1354 illa
2201 1279 2537 1374 ἠριγένεια
2571 1296 2794 1356 καλλι-

553 1391 773 1475 γένεια
816 1382 1156 1475 &pugnem
1199 1397 1325 1455 sim.
1357 1412 1511 1471 quae
1544 1414 1580 1453 a
1609 1394 1897 1471 stirpibus
1932 1396 1993 1455 in
2041 1414 2106 1465 ες
2149 1395 2479 1458 suffixum}
2524 1399 2796 1459 derivata

553 1506 711 1559 sunt.
797 1498 953 1572 Quin
998 1500 1173 1557 etiam
1220 1516 1256 1555 a
1297 1496 1498 1567 verbis
1541 1497 1601 1556 in
1650 1514 1785 1554 ευω
1814 1499 2207 1575 compositum
2240 1501 2348 1559 hac
2379 1502 2792 1562 terminatione

554 1618 815 1678 unquam
861 1600 1117 1660 derivari
1176 1600 1443 1676 potuisse
1469 1606 1666 1674 nego.
1773 1600 1928 1659 Nam
1989 1620 2026 1659 a
2082 1600 2280 1661 verbis
2338 1602 2793 1671 denominativis

550 1706 914 1781 posteriores
960 1703 1421 1779 compositorum
1466 1704 1671 1777 partes
1701 1703 1787 1760 sic
1816 1702 2012 1761 solent
2042 1702 2323 1781 derivari,
2367 1710 2435 1764 ut
2476 1705 2793 1767 videantur

551 1827 587 1867 a
632 1808 837 1867 radice
883 1808 1011 1883 ipsa
1060 1804 1455 1880 descendere,
1514 1803 1718 1880 stirpis
1771 1804 2230 1881 amplificatione
2287 1808 2459 1867 cuius
2512 1826 2627 1884 ope
2687 1809 2794 1869 illa

551 1911 735 1973 verba
776 1910 1034 1968 formata
1091 1913 1289 1981 erant,
1341 1906 1541 1965 denuo
1587 1906 1851 1984 abjecta3
1911 1911 1977 1966 ut
2020 1927 2056 1966 a
2097 1898 2373 1985 πορεύω
2419 1910 2792 1970 descendunt

551 2002 912 2089 λαοπόρος,
956 2001 1269 2086 ἔμπορος,
1312 1997 1677 2084 ιάυπόρος,
1721 1998 2150 2088 ναυσιπόρος,
2207 2011 2283 2069 ab
2326 1994 2634 2089 ἀγορεύω
2676 2011 2786 2070 λα-

548 2104 880 2193 βραγόρης
922 2099 1288 2189 ὑψαγόρης,
1337 2101 1708 2189 δημήγορος
1737 2112 1832 2187 aL,
1874 2129 1911 2169 a
1952 2106 2168 2169 ποιέω
2214 2097 2791 2192 ἀνδριαιτοποιός,

544 2202 1004 2294 γελωτοποιός
1047 2213 1139 2290 al„
1182 2212 1257 2271 ab
1304 2199 1487 2286 ὃράω
1532 2203 1797 2289 ἔφορος,
1842 2212 1918 2273 ab
1949 2197 2167 2289 αὗχέω
2193 2205 2520 2293 μεγαυχής
2546 2205 2785 2294 μεγάλ-

549 2336 765 2397 αυχος.
844 2319 1036 2391 Patet,
1079 2300 1425 2392 εὗρυόόεια
1463 2314 1670 2373 eadem
1716 2316 1948 2374 ratione
1995 2318 2244 2393 antiqua
2287 2316 2559 2393 fortasse,
2601 2336 2785 2394 quum

545 2426 681 2499 post
710 2422 1033 2494 Homerum
1076 2418 1380 2477 rarissime
1410 2418 1742 2494 composita
1771 2419 1830 2477 in
1863 2434 1998 2488 ειος
2027 2418 2364 2481 desinentia
2390 2421 2789 2499 reperiantur,

544 2526 745 2585 fletum
793 2540 950 2599 esse,
1006 2539 1128 2598 qua
1171 2505 1593 2598 εὐπατέρεια,
1651 2510 2197 2600 κυαιόπρώρεια,
2258 2524 2462 2600 itaque
2508 2542 2581 2582 ex
2627 2510 2785 2593 ὁδός

544 2629 805 2686 ductum.
878 2624 995 2685 Sed
1025 2622 1266 2682 dubium
1298 2627 1407 2698 est,
1451 2626 1650 2681 utrum
1683 2622 1831 2682 haec
1861 2624 2160 2684 vocabula
2195 2623 2422 2686 formae
2465 2624 2785 2685 femininae

541 2731 663 2789 sint
715 2728 1150 2803 adjectivorum
1195 2726 1252 2784 in
1300 2742 1477 2802 ecoe,
1513 2730 1579 2783 ut
1624 2725 1976 2785 scribendae
2027 2727 2151 2785 sint
2194 2711 2537 2806 εὖρυοὸεἱη
2582 2711 2781 2784 εὐπα-

538 2825 757 2909 τερείῃ
814 2821 1362 2905 κυανοπρωρείη,
1422 2845 1498 2886 an
1545 2845 1621 2886 ex
1668 2828 2007 2887 masculinis
2053 2829 2112 2887 in
2159 2845 2263 2907 -ης
2307 2829 2404 2888 vel
2447 2847 2587 2900 -ευς
2620 2828 2784 2888 desi-

540 2913 820 2993 nentibus
862 2930 1060 2991 suffixi
1106 2927 1174 2986 ιᾰ
1219 2947 1333 3005 ope
1364 2930 1634 2988 derivata
1661 2929 1799 2988 sint.
1871 2930 2236 3007 Plerumque
2263 2921 2779 3009 προπαροξυτό-

536 3053 674 3104 νως
706 3035 1070 3108 scribuntur,
1113 3031 1217 3091 sed
1242 3032 1367 3108 jam
1401 3032 1632 3107 antiqui
1653 3031 2019 3107 grammatici
2053 3051 2125 3092 ea
2155 3032 2229 3091 de
2260 3051 2326 3092 re
2349 3033 2565 3094 incerti
2589 3040 2782 3112 erant,

537 3138 699 3214 quod
765 3141 1020 3197 testatur
1074 3135 1204 3194 EM.
1260 3153 1317 3210 p.
1362 3137 1514 3211 396,
1546 3137 1682 3193 24:
1757 3118 2140 3211 εὐρυοδεία·
2200 3125 2683 3212 παροξυτόνως
2733 3123 2777 3213 ἡ

534 3230 804 3316 μεγάλη.
918 3238 1007 3295 Ex
1076 3238 1223 3295 locis
1280 3236 1612 3295 Homericis
1677 3236 1828 3295 nihil
1895 3237 2222 3311 lucramur,
2296 3257 2477 3314 quum
2544 3238 2776 3297 nullum

534 3342 770 3399 illorum
819 3340 994 3396 trium
1042 3337 1465 3397 vocabulorum
1510 3338 1633 3397 alia
1676 3356 1853 3413 quam
1914 3339 2114 3398 infima
2158 3357 2372 3399 versus
2417 3341 2559 3400 sede
2604 3359 2774 3400 usur-

533 3446 739 3519 patum
792 3441 895 3517 sit,
948 3445 1015 3499 ut
1069 3439 1147 3498 de
1191 3439 1462 3514 syllabae
1507 3440 1702 3498 finalis
1747 3442 2079 3515 quantitate
2124 3442 2271 3502 nihil
2317 3447 2567 3502 constet.
2650 3443 2774 3502 Sed

535 3545 699 3603 brevi
763 3561 804 3599 α
868 3543 1029 3601 finali
1096 3541 1377 3600 traditum
1443 3547 1535 3600 est
1601 3526 1997 3619 εὐπατέρεια
2069 3544 2227 3618 apud
2300 3544 2642 3622 Euripidem
2707 3545 2772 3604 in

530 3648 850 3721 systemate
896 3645 1327 3722 glyconeorum
1372 3644 1615 3722 Hippoi.
1659 3648 1736 3704 67
1786 3645 1862 3703 de
1908 3646 2126 3703 Diana:

1143 3731 1184 3804 ἃ
1225 3736 1522 3825 μεγάλαν
1565 3731 1712 3803 κατ’
1757 3731 2058 3824 ου’ρανὸν

1140 3844 1345 3918 ναίεις
1383 3832 1752 3923 etiarm-ipss
1796 3833 1902 3906 ἄν’
1945 3835 2030 3908 αὖ
2077 3880 2158 3888 ——

1139 3943 1287 4020 λὰν,
1334 3942 1545 4028 Ζηνὸξ,Ι
1588 3940 2025 4027 πολύχρυσον
2071 3941 2280 4010 οἶκον.
2309 3951 2348 4022 ¹)

700 4181 743 4242 ¹)
774 4173 866 4229 Sic
910 4174 1055 4227 enim
1103 4163 1454 4225 scribendum
1490 4179 1696 4224 censeo
1730 4180 1854 4225 cum
1895 4165 2124 4237 weitin,
2170 4164 2269 4237 qui
2314 4166 2449 4223 haec
2498 4167 2767 4224 adnotat
