3166 4871
511 413 625 455 vm

514 562 862 646 conficiam,
906 562 1367 629 accuratiorem
1414 563 1677 646 inquam
1727 562 2237 646 disquisitionem
2284 562 2363 628 de
2394 563 2759 629 nominibus

512 666 579 729 in
625 689 842 749 ιμαιος
885 672 948 732 et
993 689 1188 748 ιαιος,
1247 665 1481 732 deinde
1525 665 1606 730 de
1651 666 1831 731 vocis
1874 668 2007 749 μνᾶ
2049 666 2427 751 propagine,
2481 664 2762 749 denique

514 767 685 850 quod
729 769 1182 853 gravissimum
1228 775 1327 833 est
1368 775 1432 833 et
1476 767 1935 849 difficillimum,
1979 768 2061 833 de
2091 775 2358 833 accentu
2389 768 2497 850 qui
2526 769 2758 833 mirum

517 868 582 934 in
633 869 892 935 modum
937 871 1150 957 variat
1194 871 1259 934 in
1304 869 1424 935 hoe
1466 869 1921 935 vocabulorum
1966 890 2219 954 genere.

687 971 1135 1056 Compluribus
1191 992 1359 1055 quae
1420 972 1774 1056 conscripto
1819 971 1965 1054 jam
2020 972 2139 1037 hoe
2181 973 2344 1037 libro
2389 971 2761 1057 prodierunt

515 1074 817 1158 operibus
860 1074 951 1138 uti
997 1095 1121 1138 non
1157 1074 1297 1156 jam
1347 1074 1553 1156 licuit,
1602 1081 1668 1139 ut
1712 1073 2010 1159 Colporis
2054 1074 2240 1141 inser.
2282 1082 2392 1139 att.
2435 1074 2761 1140 volumine

513 1178 745 1259 altere,
806 1176 1011 1242 Curtii
1058 1176 1424 1243 Studiorum
1470 1179 1593 1242 vol.
1639 1176 1738 1242 IX
1783 1185 1846 1243 et
1891 1178 1970 1261 X,
2017 1177 2514 1260 Bezzenbergeri
2557 1196 2761 1241 anna-

513 1278 682 1343 libus
727 1278 958 1361 quibus
1000 1279 1368 1345 inscribitur
1412 1280 1713 1363 Beitrage
1758 1301 1870 1345 zur
1914 1279 2133 1346 kunde
2177 1280 2292 1346 der
2321 1279 2762 1363 indogerman.

514 1381 849 1465 spraehen‚
893 1381 1058 1446 aliis.

686 1485 914 1549 Restat
965 1489 1034 1548 ut
1089 1503 1170 1549 ex
1216 1484 1417 1549 animi
1464 1483 1784 1551 sententia
1826 1483 2072 1568 gratias
2116 1504 2306 1567 agam
2353 1503 2546 1566 quum
2591 1484 2672 1548 iis
2718 1502 2761 1547 a

517 1585 748 1669 quibus
794 1586 857 1649 in
906 1586 1094 1651 rebus
1139 1607 1180 1651 a
1222 1585 1575 1670 philologia
1634 1587 2080 1652 remotioribus
2138 1586 2443 1653 benevole
2497 1585 2762 1668 adjutus

516 1708 674 1771 sum,
731 1693 863 1752 tum
913 1687 989 1754 G.
1033 1689 1717 1773 Dittenberger0‚
1782 1690 1890 1772 qui
1953 1709 2083 1772 qua
2125 1676 2652 1754 est'liberalitate
2695 1696 2762 1753 et

516 1789 966 1855 benevolentia
1028 1791 1280 1874 roganti
1352 1791 1507 1856 mihi
1572 1792 1656 1856 de
1720 1791 1909 1857 rebus
1975 1791 2257 1859 maxime
2322 1791 2761 1877 epigraphieis

514 1908 843 1975 nunquam
890 1891 1114 1957 defuit.
2441 1896 2450 1904 '
