3166 4871
2512 309 2638 370 259

401 483 510 541 etsi
544 481 687 541 illud
723 472 1232 561 ψευδησιόδειου
1263 530 1274 540 .
1311 528 1323 540 .
1362 529 1372 540 .
1408 483 1689 543 observo:
1732 477 1895 561 μηδὲ
1930 476 2156 562 δίκην“
2210 484 2314 556 (sc.
2353 470 2639 559 δικάσῃς,

400 577 562 661 πρὶν
608 570 860 662 ἀμφοῖν
900 582 1131 663 μῦθον
1177 569 1488 662 ἀκούσῃς)
1532 590 1887 661 argumento
1932 604 2063 645 esse
2106 604 2239 646 eum
2289 587 2347 646 in
2394 587 2637 648 Hesiodi

401 686 763 747 carminibus
809 687 1080 764 legendis
1123 707 1363 766 operam
1408 688 1736 748 collocasse
1768 708 1959 765 nemo,
2003 690 2234 765 opinor,
2276 690 2525 766 putabit.
2554 721 2637 730 —

399 789 598 865 Atque
634 790 759 868 jam
807 809 1013 850 omnes
1055 791 1228 851 attuli
1277 790 1585 851 Ciceronis
1629 791 1812 869 locos,
1856 792 1957 868 qui
2003 791 2077 851 ad
2111 791 2435 852 Hesiodum
2483 793 2635 871 ejus·

397 910 516 968 que
561 893 826 952 carmina
856 892 1174 968 pertinent.
1261 893 1567 971 Ejusmodi
1613 894 1883 971 profecto
1928 899 2085 970 sunt,
2129 897 2195 953 ut
2223 900 2383 954 recte
2414 893 2639 956 dixisse

399 995 536 1053 mihi
607 993 817 1054 videar
876 995 1035 1055 illum
1092 997 1241 1056 hacc
1298 997 1566 1057 carmina
1634 1000 1740 1056 aut
1795 1014 2002 1073 parurn
2059 1000 2164 1055 aut
2217 998 2455 1057 omnino
2517 1016 2633 1059 non

399 1097 657 1158 novisse.
749 1098 917 1158 Haec
989 1098 1193 1170 habui,
1274 1117 1428 1175 quae
1488 1098 1563 1159 de
1636 1100 1935 1176 epicorum
1998 1098 2362 1159 Graecorum
2421 1100 2636 1160 studiis

397 1199 806 1260 Ciceronianis
851 1200 1107 1260 dicenda
1149 1205 1441 1279 putarem.

564 1302 681 1364 Sed
721 1304 1002 1381 quoniam
1050 1303 1124 1363 de
1155 1303 1400 1363 Hesiodi
1452 1304 1788 1381 „Operibus
1831 1308 1891 1364 et
1922 1302 2182 1364 Diebus“
2210 1305 2335 1382 jam
2367 1305 2637 1383 exposui,

396 1405 562 1465 locus
591 1405 845 1466 idoneus
887 1406 1141 1479 videtur,
1188 1407 1288 1467 ubi
1337 1408 1628 1467 nonnulla
1672 1407 1885 1467 addam
1933 1407 2008 1468 de
2052 1407 2425 1486 philosophis
2454 1408 2632 1469 Grae·

396 1527 597 1568 corum
632 1508 985 1587 antiquioris
1014 1509 1297 1587 temporis
1330 1510 1706 1581 carminibus,
1752 1528 2004 1587 qnorum
2040 1510 2246 1571 Cicero
2279 1512 2632 1572 mentionem

395 1611 548 1670 fecit.
639 1611 831 1686 Quam
877 1631 1002 1672 rem
1049 1612 1395 1673 brevissime
1447 1613 1762 1674 absolvere
1825 1612 1995 1684 licet,
2059 1632 2193 1673 cum
2240 1614 2634 1691 Empedoclis,

392 1714 800 1787 Parmenidis,
901 1715 1292 1792 Xenophanis
1385 1715 1729 1794 hujusmodi
1825 1715 2090 1775 carmina
2175 1716 2408 1776 nonnisi
2495 1735 2633 1777 raro

393 1818 826 1878 memoraverit.
921 1818 1106 1878 Novit
1163 1821 1389 1888 autem,
1445 1819 1494 1877 si
1552 1816 1791 1895 quidem
1850 1817 1945 1887 iis,
2009 1834 2164 1893 quae
2221 1816 2397 1894 dixit,
2457 1817 2632 1878 fidem

391 1918 612 1979 habere
669 1919 833 1996 licet,
909 1920 1147 1979 illorum
1209 1919 1284 1979 de
1355 1939 1552 1980 rerum
1626 1924 1842 1978 natura
1917 1924 2192 1994 poemata
2261 1920 2633 1998 maximeque

392 2020 722 2080 delectatus
775 2026 867 2081 est
925 2021 1302 2099 Empedoclis
1354 2023 1650 2081 versibus.
1744 2023 1900 2081 Nam
1955 2020 2011 2080 d.
2071 2040 2155 2081 or.
2215 2026 2277 2099 1,
2337 2026 2458 2083 217
2517 2024 2633 2083 An-

391 2124 635 2199 tonium,
679 2142 855 2200 quem
905 2125 1095 2201 ipsum
1145 2142 1380 2183 carmen
1428 2123 1574 2184 illud
1625 2124 1928 2200 cognitum
1975 2123 2254 2184 habuisse
2299 2126 2401 2184 vix
2445 2125 2633 2186 credi·

389 2225 507 2286 bile
552 2223 769 2298 est⁷¹)‚
830 2225 1123 2286 dicentem
1180 2226 1411 2286 inducit
1463 2225 1627 2285 illum
1688 2227 1991 2303 egregium
2054 2244 2266 2304 poema
2307 2226 2530 2289 'fecisse
2574 2234 2634 2289 et

387 2329 494 2389 Ac.
521 2346 609 2405 pr.
642 2332 696 2399 2,
731 2331 808 2390 74
854 2329 983 2406 ipse
1012 2328 1268 2389 Lucullo
1308 2329 1388 2388 ita
1418 2328 1773 2405 respondet:
1811 2330 2076 2400 „Furere
2105 2330 2215 2390 tibi
2242 2330 2635 2408 Empedocles

393 2428 757 2511 videm-⁷2),
815 2437 879 2492 at
932 2431 1071 2491 mihi
1132 2431 1534 2510 dignissimum
1585 2431 1764 2492 rebus
1808 2422 1913 2504 iis,
1968 2431 2045 2493 de
2090 2432 2309 2510 quibus
2353 2433 2637 2512 loquitur,

388 2553 600 2595 sonum
646 2534 952 2596 fundere.“
1047 2536 1213 2609 Quas
1257 2535 1466 2595 laudes
1510 2536 1610 2596 vix
1658 2537 1716 2595 in
1765 2554 1899 2596 eum
1946 2535 2221 2597 conferre
2268 2538 2476 2613 potnit,
2522 2538 2632 2598 nisi

389 2642 619 2716 partem
687 2645 847 2700 certe
915 2638 1192 2699 carminis
1263 2639 1392 2716 ejus
1460 2639 1720 2715 legisset.
1828 2639 2244 2700 Parmenidem
2312 2643 2506 2700 autem
2576 2645 2636 2701 et

389 2742 819 2819 Xenophanem
851 2742 1059 2803 eodem
1091 2742 1224 2802 loco
1255 2743 1450 2802 minus
1480 2742 1672 2803 bonos
1703 2759 1933 2820 versus,
1978 2759 2158 2819 quam
2186 2741 2372 2812 illum,
2418 2742 2636 2802 fecisse

390 2842 549 2903 dicit.
663 2844 844 2904 Aliud
900 2863 1046 2904 vero
1104 2843 1180 2904 de
1239 2845 1476 2921 poetica
1536 2843 1746 2903 horum
1808 2843 2094 2903 facultate
2145 2843 2437 2921 judicium
2500 2863 2634 2904 cum

392 2945 552 3023 apud
596 2963 730 3006 enm
778 2965 897 3006 non
945 2950 1153 3017 exstet,
1200 2945 1350 3006 nihil
1386 2946 1512 3023 jam
1546 2944 1755 3022 babeo,
1799 2963 1955 3023 quae
1987 2945 2125 3004 huic
2155 2946 2313 3022 parti
2342 2944 2636 3023 adJiciam.

560 3048 860 3124 Sequitur,
906 3052 1179 3124 utquam
1227 3046 1672 3107 accuratissime
1716 3064 2090 3124 quaeramus,
2137 3046 2281 3123 quid
2314 3047 2387 3107 de
2432 3046 2636 3124 lyricis

390 3150 492 3226 qui
547 3154 841 3210 vocantur
899 3151 1120 3228 poeti8‚
1178 3149 1387 3210 Cicero
1445 3149 1715 3209 senserit.
1803 3148 1891 3208 Ac
1952 3148 2206 3226 primum
2265 3147 2506 3225 quidem
2568 3153 2635 3208 ut

388 3252 677 3312 nonnulla
717 3253 778 3311 in
827 3252 1172 3312 universum
1221 3251 1548 3329 disputem,
1604 3251 1704 3310 vix
1750 3250 2009 3310 dubitari
2053 3254 2284 3328 potest,
2329 3251 2475 3327 quin
2521 3250 2634 3310 hoe

389 3354 713 3414 carminum
746 3373 967 3431 genere
1017 3355 1209 3415 minus
1241 3371 1416 3432 quam
1452 3352 1670 3413 ceteris
1701 3351 2034 3413 delectatus
2073 3370 2145 3412 ac
2174 3353 2402 3414 minore
2434 3351 2633 3413 studio

391 3457 448 3515 in
497 3475 570 3517 eo
616 3462 893 3517 versatus
940 3458 1033 3517 sit.
1120 3457 1381 3516 Primum
1432 3455 1588 3515 enim
1635 3454 1828 3531 lyrica
1868 3454 2132 3514 carmina
2174 3473 2284 3532 per
2328 3471 2394 3514 se
2439 3455 2634 3515 minus

390 3557 606 3619 idonea
648 3564 818 3631 sunt,
880 3577 1036 3636 quae
1082 3557 1574 3619 exercitationum
1624 3557 1931 3616 materiam
1993 3559 2055 3617 et
2097 3557 2369 3635 exempla
2412 3556 2635 3617 oratori

389 3661 743 3738 praebeant3
790 3659 1005 3721 deinde
1038 3661 1178 3738 quia
1208 3660 1403 3719 minus
1434 3659 1783 3730 sententias,
1815 3677 1993 3736 quam
2025 3676 2236 3719 sensus
2267 3659 2543 3738 pingunt,
2572 3660 2631 3719 in

388 3764 553 3824 libris
600 3764 676 3825 de
720 3762 1104 3842 philosophia
1148 3762 1503 3839 conscriptis
1548 3761 1625 3821 ad
1672 3762 1985 3839 opiniones
2028 3761 2126 3822 vel
2168 3761 2489 3822 firmandas
2534 3761 2630 3822 vel

387 3865 804 3946 infringendas
831 3865 935 3925 vix
981 3865 1072 3925 his
1103 3863 1379 3925 versibus
1409 3865 1495 3924 uti
1528 3867 1769 3942 poterat
1797 3864 2038 3941 Cicer03
2083 3866 2207 3924 tum
2241 3883 2359 3925 non
2404 3865 2456 3925 is
2485 3868 2633 3943 erat,

558 4117 625 4182 ⁷¹)
660 4112 731 4169 cf.
756 4130 881 4169 cum
909 4114 1141 4182 reliqua,
1179 4127 1324 4182 quae
1350 4113 1404 4166 d.
1429 4128 1506 4166 or.
1532 4115 1581 4180 2,
1608 4116 1803 4166 59—61
1847 4111 2092 4180 disserit,
2129 4115 2245 4164 tum
2270 4108 2409 4166 haee
2426 4083 2487 4182 ’(9
2512 4115 2627 4176 61);

390 4202 625 4264 „Poetae
661 4200 885 4255 omniuo
921 4199 1084 4269 quasi
1108 4198 1218 4252 alia
1250 4197 1487 4266 quadam
1515 4198 1708 4266 lingua
1731 4198 1950 4251 locutos
1975 4211 2085 4251 non
2110 4211 2281 4251 conor
2304 4195 2627 4264 attingere.“

557 4289 624 4354 ⁷²)
659 4284 736 4341 cf.
770 4285 990 4342 Luculli
1027 4283 1198 4340 verba
1231 4283 1366 4339 ibid.
1408 4287 1485 4337 14.
