3166 4871
1038 310 1125 365 De
1159 311 1361 364 nomin.
1393 310 1452 365 in
1487 327 1654 374 -αιος.
1726 313 1760 376 s
1797 313 1879 363 68.
2502 311 2611 373 181

364 489 527 562 Quid
585 488 982 549 Callimachus
1038 488 1309 549 derivato
1381 487 1720 563 significare
1778 464 2061 564 volucrit,
2117 486 2437 546 obscurum
2498 491 2619 564 θεῖς

365 593 630 652 fortasse
675 610 884 670 rupem
929 591 1166 669 angulis
1211 594 1529 667 carentem,
1574 596 1839 650 retusam
1885 607 2136 667 eamque
2180 589 2257 649 ob
2296 607 2420 649 rem
2450 589 2620 649 voln-

365 694 566 755 bilem.
653 695 746 754 An
793 694 946 755 forte
989 694 1302 771 abruptam
1322 694 1352 753 ¹?

539 789 900 874 δίκραιος
962 814 1094 855 cum
1141 795 1427 855 derivatis
1471 782 1798 874 δικραιόω
1844 783 2226 873 δικραιότης
2273 794 2347 854 ab
2393 794 2619 870 Hippo·

366 904 536 959 crate
592 902 925 974 usurpatur
982 917 1095 975 pro
1154 902 1259 959 att.
1318 892 1591 976 δίκροος
1644 891 1889 975 δίκρος.
1981 895 2257 957 Dubitari
2314 915 2435 955 nou
2489 901 2619 974 pot-

365 1007 463 1061 est
511 1001 658 1077 quin
705 993 1003 1076 δίκραιος
1047 1001 1244 1061 ionica
1285 1004 1516 1060 tantum
1561 999 1755 1060 forma
1806 1001 1882 1060 sit
1924 1000 2091 1059 attici
2148 999 2306 1059 illius
2352 992 2621 1077 δίκροος

363 1096 614 1181 diacone.
708 1098 990 1182 Δίκροος
1031 1108 1230 1164 autem
1277 1123 1314 1162 a
1358 1090 1665 1163 veteribus
1709 1103 2064 1179 plerumque
2103 1102 2179 1162 ad
2222 1095 2419 1179 κέρας
2449 1120 2619 1162 revo-

363 1206 617 1266 cabatur
672 1204 898 1280 (varias
952 1206 1184 1266 illorum
1247 1206 1576 1266 sententias
1635 1224 1691 1264 v.
1737 1224 1833 1282 ap.
1876 1205 1991 1264 ΕΜ
2036 1201 2180 1280 276,
2224 1200 2298 1259 21
2336 1201 2480 1280 sq.)‚
2535 1204 2621 1263 sic

363 1309 544 1367 etiam
591 1326 629 1366 a
671 1308 961 1386 Benfeyio
1008 1309 1081 1386 11,
1134 1305 1250 1365 174
1312 1307 1374 1381 (a
1416 1301 1653 1385 κεραία
1698 1307 2035 1368 derivatum
2094 1300 2395 1386 δίκραιος
2450 1311 2623 1383 putat

363 1413 631 1471 Passow.
661 1406 722 1471 in
756 1410 915 1486 Iex),
957 1413 1033 1473 ad
1077 1401 1265 1491 κρόω
1309 1417 1556 1472 revocat
1585 1411 1732 1472 Lob.
1764 1412 1989 1487 Phryn.
2033 1430 2090 1487 p.
2121 1406 2262 1486 233,
2307 1410 2385 1469 ad
2429 1397 2623 1487 κάρα,

227 1502 236 1509 ’
362 1513 494 1573 rad.
549 1530 680 1592 παρ
742 1514 1005 1592 Fritsch,
1063 1515 1139 1576 de
1198 1515 1387 1575 vocal.
1445 1514 1546 1576 Gr.
1606 1514 1893 1591 hyphaer.
1938 1512 2108 1574 stud.
2158 1513 2262 1587 VI,
2316 1509 2430 1570 105
2493 1509 2617 1588 (qui

364 1635 555 1693 quum
599 1616 860 1677 adhibet*
886 1618 1047 1677 Hdu.
1091 1620 1170 1695 11,
1215 1613 1338 1676 385
1385 1611 1623 1696 δίκρον
1667 1611 1783 1675 καὶ
1827 1611 2104 1694 δίκρουν
2147 1605 2228 1674 τὸ
2275 1608 2621 1693 δίκρανον,

359 1718 598 1779 fallitur
653 1718 746 1779 his
807 1720 1005 1779 verbis
1049 1719 1380 1780 Herodiani
1427 1719 1503 1779 de
1547 1719 1882 1796 veriloquio
1930 1717 2285 1779 sententiam
2327 1714 2619 1776 contineri

361 1826 604 1898 putans.
679 1822 1050 1882 Posteriores
1079 1823 1237 1882 enim
1265 1841 1375 1899 pro
1424 1815 1694 1901 δίκροος
1740 1820 1938 1881 dicere
1981 1820 2188 1881 solitos
2233 1836 2368 1879 esse
2399 1813 2619 1896 δίκρα-

361 1939 485 1992 voc
543 1922 847 2000 intelligas
907 1942 981 1983 ex
1035 1924 1386 2002 Phrynicho
1431 1943 1489 2001 p.
1521 1919 1678 1983 233:
1744 1918 2106 2003 dlxpavov:
2150 1919 2356 1980 τοῦτο
2403 1911 2469 1979 οὶ
2512 1903 2620 1999 ἄρ’

359 2032 546 2102 χαῑοι
569 2020 850 2104 δικροῦν
871 2024 1214 2086 καλοῦσιν.
1285 2027 1385 2088 Sic
1410 2027 1586 2087 etiam
1612 2026 1955 2103 Hesychius
1978 2025 2270 2102 explicat:
2317 2017 2616 2100 δίκρουν.

363 2122 630 2206 ὅισχιδῆ
675 2114 717 2206 ἢ
765 2123 1131 2206 δίκρανον).
1221 2129 1337 2190 Sed
1395 2148 1469 2193 ex
1515 2123 1714 2208 κέρας
1757 2130 1859 2189 vel
1900 2118 2077 2207 κάρα
2123 2127 2379 2187 derivari
2426 2125 2622 2203 potuit

363 2223 699 2306 δίκραιος,
773 2250 890 2291 non
957 2232 1154 2310 potuit
1227 2225 1512 2311 δίκροος.
1627 2232 1814 2292 Immo
1880 2232 1995 2292 hoc
2069 2227 2618 2306 conjunctissimum

361 2331 608 2392 videtur
662 2351 796 2394 cum
843 2328 1137 2405 δίπλοος.
1227 2336 1318 2396 De
1362 2334 1675 2397 vocabulis
1734 2336 1796 2394 in
1852 2329 2109 2404 -πλοῦς
2152 2349 2477 2408 eorumque
2523 2348 2618 2390 co-

361 2435 570 2510 gnatis
627 2437 753 2513 egit
811 2438 864 2497 J.
908 2437 1178 2499 Schmidt
1219 2439 1323 2500 KZ
1377 2433 1482 2516 16,
1543 2434 1666 2496 430
1713 2455 1802 2515 sq.
1905 2439 2107 2514 Atque
2170 2435 2311 2496 huic
2376 2433 2618 2511 quidem

361 2524 586 2608 ἁπλός
645 2525 910 2610 ἁπλοῦς
968 2539 1158 2617 (quod
1217 2560 1293 2601 ex
1351 2527 1684 2616 ἁπλο·]“ος
1730 2544 1934 2601 natum
1979 2543 2179 2618 putat,
2237 2557 2422 2616 quum
2466 2534 2619 2596 Fick

360 2638 457 2701 11³
488 2637 632 2719 670,
675 2641 743 2701 L.
773 2643 981 2719 Meyer
1025 2644 1129 2704 KZ
1162 2644 1291 2720 VII,
1335 2641 1458 2701 212
1506 2645 1582 2703 al.
1626 2643 1875 2706 formam
1922 2643 2281 2722 primitivam
2325 2627 2619 2710 &xaofog
2658 2617 2672 2632 χ

361 2743 557 2804 fuisse
582 2741 946 2817 existiment)
967 2734 1224 2818 διπλός,
1244 2747 1514 2820 simpla-5,
1536 2748 1780 2821 duplus,
1804 2740 2055 2820 δίπλαξ
2075 2743 2182 2817 (---·
2205 2738 2620 2818 ὄιπλ(ο)·ακ),

361 2836 599 2908 διπλά·
603 2842 765 2921 ὀιος,
808 2836 1155 2922 διπλάσιος
1185 2847 1293 2923 (=
1325 2843 1412 2908 δι·
1415 2847 1575 2908 πλα-
1576 2847 1768 2928 effug),
1810 2854 1932 2926 got.
1973 2848 2166 2922 tvee'fls
2204 2848 2332 2906 sive
2375 2845 2617 2906 descen·

363 2950 518 3010 dere
563 2949 842 3013 videntur
884 2970 920 3011 a
963 2951 1071 3011 rad
1107 2967 1240 3026 par
1283 2949 1424 3024 (scr.
1455 2951 1735 3046 ekapqra
1764 2951 1917 3029 cet.)‚
1963 2952 2090 3011 sive
2135 2968 2270 3009 cum
2315 2966 2433 3008 scr.
2476 2946 2622 3005 lcum

361 3051 728 3130 cohaerere;
793 3054 867 3114 ab
924 3055 1016 3114 his
1073 3056 1335 3114 secernit
1376 3059 1497 3131 got.
1541 3054 1753 3130 -falfis
1795 3051 2062 3128 (einfalfi
2108 3053 2271 3128 cet),
2335 3051 2419 3110 lit.
2461 3063 2617 3128 vem}

360 3149 587 3236 Ιτὰνιᾳ,
644 3153 725 3215 du
767 3153 981 3228 kar-tit,
1043 3175 1200 3234 quae
1259 3156 1337 3217 ad
1390 3175 1505 3219 scr.
1547 3156 1669 3215 lcar
1726 3155 1930 3216 facere
1990 3159 2253 3215 revocat.
2340 3151 2457 3212 Sed
2502 3168 2615 3227 ego

361 3277 495 3320 non
570 3258 859 3337 intelIigO,
926 3278 1035 3320 cur
1093 3278 1216 3320 uon
1274 3261 1474 3320 omnia
1530 3259 1681 3319 haec
1733 3258 2031 3320 vocabula
2099 3256 2173 3317 ab
2234 3273 2358 3315 una
2415 3253 2618 3314 radice

358 3361 709 3440 pullulasse
765 3365 1120 3446 statuamus,
1177 3361 1526 3439 praesertim
1588 3378 1774 3440 quum
1837 3378 1879 3418 x
1935 3361 1997 3420 in
2057 3352 2327 3437 δίκροος
2379 3357 2618 3433 egregie

361 3468 674 3540 congruat
734 3483 868 3525 cum
926 3465 1010 3527 lit.
1069 3462 1150 3525 dic
1207 3461 1413 3524 karta.
1517 3464 1587 3525 In
1646 3465 1775 3543 ipsa
1804 3464 2039 3541 .lingua
2097 3461 2329 3523 Graeca
2383 3459 2619 3537 saepius

360 3568 534 3626 inter
577 3584 644 3628 se
689 3567 904 3629 mutari
947 3584 1000 3626 π
1045 3573 1106 3628 et
1148 3585 1190 3625 κ
1235 3572 1440 3652 notum
1488 3571 1607 3646 est,
1666 3567 1763 3628 cui
1810 3567 1896 3627 rei
1940 3570 2181 3643 praeter
2224 3564 2326 3625 illa
2368 3579 2514 3631 πως
2561 3569 2620 3622 et

359 3685 530 3746 κως,
576 3661 783 3740 ἵππος
821 3663 1011 3740 ἴκκος
1048 3668 1388 3731 testimonio
1418 3674 1560 3731 sunt
1591 3670 1886 3730 vocabula
1915 3670 1973 3729 in
2006 3666 2246 3738 -πολος
2275 3670 2335 3727 et
2378 3662 2618 3734 κολος.·

357 3759 724 3852 βουκόλος,
768 3761 1070 3846 αἰπόλος,
1113 3762 1449 3852 θεηκόλος
1477 3791 1612 3834 voc.
1642 3772 1875 3850 Eleum,
1917 3764 2298 3852 θεηπολέω,
2342 3787 2499 3847 quae
2544 3766 2619 3826 ab

363 3872 592 3935 eadem
637 3874 837 3935 radice
878 3874 1213 3953 repetenda
1253 3892 1388 3935 esse
1433 3880 1703 3953 apparet.
1788 3874 1978 3935 Plane
2021 3873 2229 3934 eadem
2273 3877 2471 3933 autem
2529 3875 2623 3931 est

357 3975 731 4053 significatio
753 3978 917 4038 latini
937 3979 1066 4038 colo
1086 3975 1287 4052 (deum
1307 3982 1369 4038 et
1383 3974 1639 4054 agrum),
1662 3978 1884 4050 incola,
1915 3978 2282 4052 inquilinus;
2312 3991 2619 4052 quumque

357 4079 641 4141 eiusdem
672 4080 922 4157 originis
943 4079 1224 4140 videatur
1250 4079 1425 4140 etiam
1457 4080 1680 4157 phylae
1703 4080 1942 4140 Atticae
1974 4098 2188 4140 nomen
2221 4071 2621 4157 Αἰγικορεῖς,

356 4197 583 4244 omues
621 4181 730 4242 has
773 4200 955 4242 voces
996 4182 1072 4242 ab
1117 4200 1239 4244 una
1281 4182 1486 4243 radice
1529 4182 1685 4262 kar„
1713 4201 1867 4260 quae
1912 4182 1974 4242 in
2018 4182 2368 4243 sanseritica
2412 4180 2621 4255 lingua

355 4291 551 4383 sonat
604 4300 715 4343 car
770 4291 833 4352 et
883 4284 1182 4363 significat
1223 4285 1483 4364 moveri,
1540 4285 1897 4362 ambulares
1928 4285 2187 4362 versari,
2246 4286 2616 4362 propagatas
