3166 4871
610 277 693 339 68
1612 268 1874 325 zacher

610 452 745 510 usui
791 450 1175 526 destinatum,
1220 450 1401 527 quod,
1446 453 1513 509 ut
1557 450 1748 525 ipsum
1798 441 1889 527 ιδ,
1951 452 2272 526 cognatum
2334 452 2428 508 est
2479 466 2612 508 cum
2659 466 2772 508 scr.
2813 454 2855 507 ῖ.

609 552 679 613 Id
725 550 889 629 quod
936 552 1075 611 mihi
1124 551 1441 637 admodum
1490 550 1802 627 probabile
1846 551 2102 610 videtur.
2189 550 2306 612 Sed
2367 551 2482 611 hoc
2524 549 2744 612 suffixo
2791 545 2858 609 ιᾶ

610 656 893 716 feminina
952 655 1079 716 fere
1137 674 1256 715 non
1316 655 1669 714 derivantur
1727 654 1839 714 nisi
1896 673 1932 713 a
1973 653 2262 731 stirpibus
2314 654 2373 713 in
2432 659 2856 715 consonantem

611 758 1053 818 desinentibus:
1099 746 1396 830 πότν-ια,
1442 750 1688 816 θέαινα
1718 775 1794 816 ex
1825 755 2116 830 &sav-ja,
2147 750 2517 830 βασίλεῌα,
2563 750 2858 815 αἴθουσα

610 879 719 936 pro
767 854 1135 933 amon-ja,
1182 848 1526 937 ψάλτρ-ια,
1569 852 1740 935 πέζα
1786 877 1858 919 ex
1905 851 2131 931 xeo-ja
2171 858 2272 935 al.;
2316 859 2666 935 praesertim
2697 858 2858 918 femi-

611 965 754 1021 nina
783 962 1211 1040 adjectivorum
1236 966 1295 1021 ct
1317 962 1797 1039 participiorum:
1839 958 2170 1038 μελαν-Ῑα,
2200 960 2502 1033 ,navt-ja,
2535 959 2857 1040 avom-ja,

611 1054 892 1143 ἡδεΙῑ-Ῑα.
981 1064 1067 1124 Cf.
1113 1064 1301 1141 Bopp.
1348 1065 1485 1141 Vgl.
1530 1064 1632 1124 Gr.
1680 1062 1717 1135 ἦ
1758 1059 1893 1141 119,
1938 1063 2006 1122 L.
2039 1064 2253 1140 Meyer
2289 1064 2431 1140 Vgi.
2461 1062 2562 1123 Gr.
2609 1064 2687 1142 11,
2718 1060 2856 1124 404.

568 1202 581 1209 -
613 1164 753 1227 490.
815 1166 1029 1226 Misteli
1089 1166 1150 1226 in
1207 1166 1313 1226 KZ
1358 1164 1527 1225 XVII
1596 1162 1704 1223 161
1752 1183 1841 1242 sq.
1898 1165 2042 1224 XIX
2092 1162 2212 1222 114
2269 1182 2356 1241 sq.
2456 1163 2856 1239 Quamobrem

612 1269 867 1329 fortasse
927 1270 1149 1328 rectius
1212 1287 1329 1327 nou
1393 1268 1636 1346 yepafo
1699 1262 1806 1327 sed
1864 1267 2076 1346 yeoaf
2128 1267 2311 1327 fuisse
2380 1267 2627 1328 formam
2698 1268 2860 1329 unde

612 1368 827 1432 suffixo
872 1371 1197 1431 semininali
1245 1370 1447 1430 addito
1495 1375 1554 1429 et
1599 1371 1856 1448 ypaf-cg
1900 1372 1964 1429 et
2002 1370 2272 1450 ypaf-ca
2310 1369 2595 1430 fluxerint
2638 1375 2858 1431 statue·

614 1493 762 1552 mus,
821 1479 881 1533 et
938 1473 1101 1547 haud
1161 1473 1282 1533 scio
1341 1492 1417 1532 au
1479 1473 1720 1532 omnino
1780 1492 1899 1532 non
1962 1490 2112 1550 opus
2173 1472 2250 1533 sit
2305 1472 2379 1531 ad
2439 1472 2858 1550 explicandum

494 1643 507 1653 ⁶
610 1574 815 1657 γραῦς
863 1580 922 1635 et
964 1564 1167 1656 γρηῦς
1210 1575 1428 1636 suffixo
1472 1576 1574 1635 illo
1622 1569 1708 1647 ιδ,
1754 1575 1858 1635 sed
1904 1594 1976 1634 cx
2006 1575 2242 1654 yones-<3
2272 1573 2499 1635 factum
2530 1575 2606 1636 sit
2648 1573 2854 1655 γραῦς

612 1666 817 1759 γρηῢς
862 1683 928 1738 ιιι
972 1697 1045 1737 ex
1091 1678 1252 1748 vafg
1296 1675 1460 1747 ναῦς
1506 1664 1688 1757 νηΰς,
1757 1696 1832 1737 ex
1876 1680 2095 1755 xpafg
2137 1667 2356 1758 πρηύς
2399 1675 2501 1752 (cf.
2530 1678 2690 1739 infra
2729 1697 2774 1738 s.
2804 1696 2858 1738 v.

610 1778 868 1864 πρᾷος).
956 1778 1123 1851 ναῦς
1168 1780 1405 1858 quidem
1452 1799 1572 1840 non
1622 1798 1696 1840 ex
1744 1781 1910 1840 vaso
1955 1781 2064 1840 sed
2094 1799 2169 1843 ex
2215 1781 2351 1840 vaf
2385 1781 2629 1841 fluxisse
2674 1784 2857 1842 testes

614 1888 754 1944 sunt
811 1902 923 1944 scr.
982 1878 1165 1963 ndns,
1242 1883 1342 1943 lat.
1404 1885 1590 1943 navis·
1694 1882 1920 1943 Eadem
1989 1887 2188 1944 autem
2251 1884 2481 1944 ratione
2535 1883 2689 1944 haec
2743 1884 2858 1943 tria

612 1987 908 2046 vocabula
952 1985 1207 2046 formata
1250 2004 1408 2064 esse,
1468 1990 1572 2046 aut
1626 1987 1735 2065 ita,
1793 1992 1861 2046 ut
1905 2004 1979 2045 ex
2022 1986 2073 2045 f
2109 1986 2332 2047 factum
2378 1987 2453 2047 sit
2494 1987 2555 2046 in
2600 2004 2758 2047 nom.
2801 2004 2859 2065 v,

612 2089 837 2149 vocalis
882 2089 1252 2166 praecedens
1295 2090 1354 2148 in
1398 2089 1538 2149 dial.
1569 2091 1688 2148 ion.
1718 2088 2016 2166 producta
2043 2088 2136 2167 sit,
2181 2093 2288 2149 aut
2328 2089 2431 2168 ita,
2477 2092 2543 2149 ut
2587 2090 2860 2166 primitus

620 2193 939 2252 habuerint
983 2190 1259 2251 suffixum
1309 2210 1332 2249 ι
1378 2186 1565 2269 (qnod
1612 2191 1686 2251 de
1727 2188 1893 2260 ναῦς
1940 2190 2104 2252 Curt.
2134 2191 2228 2251 Et.
2259 2211 2315 2252 n.
2347 2188 2470 2249 430
2515 2191 2863 2252 dubitanter

613 2312 758 2355 sane
803 2294 1073 2371 conjicit:
1120 2294 1193 2353 cf.
1226 2294 1293 2353 L.
1323 2295 1533 2371 Meyer
1562 2295 1638 2373 11,
1676 2285 1840 2373 172),
1885 2297 2356 2354 consentaneum
2404 2297 2520 2354 est.-
2583 2295 2667 2355 At
2693 2294 2858 2355 nullo

619 2398 799 2476 plane
843 2397 1097 2474 vestigio
1143 2397 1350 2457 relicto
1396 2396 1458 2457 in
1503 2396 1696 2458 tribus
1739 2396 1902 2458 hisce
1947 2396 2196 2458 vocibus
2250 2398 2568 2458 evanuisse
2613 2415 2662 2477 ι,
2719 2414 2861 2459 sane

615 2518 736 2561 non
783 2505 874 2560 est
915 2500 1231 2560 verisimile
1265 2499 1512 2568 (namin
1544 2501 1820 2577 stirpium
1861 2501 1922 2560 in
1968 2500 2076 2560 oft
2121 2500 2518 2561 declinatione
2560 2501 2860 2562 interdum

615 2608 814 2663 tamen
875 2605 1178 2662 servatum
1239 2608 1332 2663 est
1374 2620 1428 2675 ι,
1488 2606 1556 2662 ut
1615 2604 1697 2670 iu*
1737 2621 1867 2664 voc.
1912 2600 2097 2675 casu).
2187 2603 2375 2664 Multo
2436 2604 2577 2664 mihi
2623 2604 2858 2680 quidem

615 2705 1005 2764 verisimilius
1052 2705 1316 2784 videtur,
1380 2710 1447 2766 ut
1505 2699 1695 2785 γραΐς
1750 2708 1834 2765 sic
1895 2706 2070 2765 etiam
2131 2702 2362 2785 γραῦις
2422 2704 2545 2780 (vel
2601 2706 2860 2767 fortasse

615 2807 839 2868 rectius
884 2800 1139 2887 γραυΐς)
1188 2827 1223 2867 a
1267 2805 1476 2887 γραῦς
1521 2803 1855 2868 derivatum
1903 2824 2056 2884 esse,
2099 2808 2199 2869 vel
2243 2810 2301 2868 in
2350 2809 2554 2885 aliqua
2598 2807 2858 2869 dialecto

616 2915 771 2988 qu'ae
817 2910 1112 2987 digamma
1154 2910 1469 2987 retineret,
1514 2912 1572 2970 in
1624 2910 1990 2971 nominativo
2036 2910 2240 2990 you-fg
2284 2929 2405 2970 non
2450 2911 2501 2970 f
2537 2927 2666 2972 esse
2711 2912 2774 2971 in
2818 2927 2861 2969 v
2913 2961 2922 2972 .

617 3017 926 3091 mutatum,
971 3013 1074 3073 sed
1121 3023 1425 3072 servatum
1473 3021 1531 3072 et
1574 3013 1732 3072 inter
1774 3013 1826 3071 f
1847 3017 1907 3073 ct
1935 3031 1969 3083 ς
2012 3014 2524 3091 pronuntiationis
2576 3013 2860 3074 facilioris

616 3135 800 3177 causa
844 3118 1131 3176 insertum
1179 3133 1229 3194 ι,
1276 3116 1434 3193 quod
1498 3134 1574 3176 cx
1633 3131 1936 3176 consonae
1982 3129 2021 3175 σ
2065 3119 2282 3176 natura
2327 3118 2579 3176 sonante
2623 3120 2686 3176 et
2728 3129 2858 3176 cnm

617 3237 640 3277 ι
687 3222 945 3296 cognata
990 3217 1163 3278 facile
1208 3220 1403 3296 potnit
1447 3219 1632 3278 nasci.
1720 3218 2121 3291 Quamobrem
2167 3223 2366 3298 γραῖα
2396 3219 2536 3279 mibi
2570 3237 2646 3278 ex
2676 3220 2862 3296 stirpe

613 3322 791 3400 ypaf
825 3322 1143 3397 repetitum
1188 3320 1455 3397 videtur,
1514 3335 1674 3399 quae
1730 3322 1792 3381 in
1834 3318 2040 3400 γραῦς
2082 3310 2286 3402 γρηΰς
2331 3327 2437 3383 est.
2521 3322 2691 3382 Haec
2717 3321 2860 3399 ipsa

615 3427 812 3483 autem
859 3425 1041 3501 stirps
1086 3423 1384 3500 quomodo
1432 3441 1506 3483 ex
1551 3424 1753 3484 radice
1794 3439 1911 3498 {sar
1956 3425 2227 3486 derivata
2282 3427 2384 3503 sit,
2443 3424 2683 3485 difficile
2727 3437 2859 3503 per-

614 3529 824 3602 spectu
873 3531 980 3587 est.
1067 3527 1348 3586 Fortasse
1392 3526 1712 3587 admodum
1768 3528 1966 3604 priseo
2027 3527 2284 3605 quodam
2342 3529 2609 3604 tempore
2662 3528 2864 3589 sonuit

612 3644 866 3707 yarava,
910 3633 979 3688 ut
1021 3630 1196 3689 ctiam
1246 3628 1381 3687 vaf
1416 3629 1720 3706 quondam
1749 3625 1907 3688 nava
1935 3631 2211 3691 sonuisse
2240 3627 2482 3691 videtur
2522 3621 2624 3708 (G.
2655 3627 2863 3708 Meyer

614 3729 782 3792 stud.
830 3732 898 3810 V,
944 3727 1078 3811 91),
1143 3732 1422 3810 idemque
1479 3733 1654 3793 etiam
1713 3732 1789 3791 de
1846 3719 2065 3813 πρηΰς
2125 3736 2399 3795 statuam.
2501 3733 2861 3810 Quanquam

619 3852 739 3893 non
784 3835 964 3912 plane
1012 3841 1355 3913 congruunt
1396 3836 1547 3897 haec
1593 3837 1706 3896 tria
1751 3835 2063 3914 vocabula,
2107 3854 2238 3896 cam
2286 3836 2362 3897 ob
2394 3853 2656 3912 causam,
2697 3834 2861 3912 quod

615 3953 658 3993 α
701 3939 842 3996 ante
884 3937 933 3996 f
971 3939 1225 4014 positum
1271 3939 1326 3997 iu
1375 3935 1541 4009 ναῦς
1586 3941 1646 3998 et
1688 3925 1909 4017 πρηΰς
1954 3938 2170 3999 radicis
2216 3943 2336 4017 est,
2390 3939 2455 3998 in
2499 3935 2706 4018 γραῦς
2750 3957 2861 4017 pro

617 4039 912 4117 yso-afig
955 4039 1153 4100 suffixi
1200 4040 1508 4100 cniusdam
1553 4040 1831 4116 primitus
1875 4040 1953 4100 ad
2001 4042 2261 4102 radicem
2306 4041 2598 4120 adJuncti.

785 4142 876 4201 Ex
920 4143 1119 4221 xpus,
1162 4142 1324 4220 quod
1368 4143 1430 4202 in
1467 4129 1705 4222 πρηΰς,
1749 4160 1858 4220 per
1887 4144 2019 4203 suff.
2049 4160 2114 4202 ιο
2145 4142 2475 4204 derivatum
2508 4148 2600 4204 est
2626 4141 2858 4225 πρᾷος.

615 4245 761 4305 Item
809 4262 883 4305 cx
931 4244 1199 4325 y(s)(›af,
1246 4243 1407 4322 quod
1443 4245 1500 4304 in
1537 4231 1758 4325 γρηῦς,
1804 4245 2011 4306 eodem
2043 4245 2259 4307 suffixo
2294 4235 2580 4326 γρήιος
2607 4245 2862 4321 (Gallim.
