3166 4871
601 278 727 340 380

1651 443 1691 529 ς
1738 448 1796 509 2.

959 562 1293 631 Coloniae
1340 581 1515 645 quae
1562 564 1827 631 desunt
1871 564 2094 630 indici
2145 564 2500 630 Pliniano.

773 707 1006 766 Desunt
1046 706 1321 767 Pliniano
1371 706 1550 765 indici
1598 706 1894 778 coloniae,
1941 725 2097 783 quae
2142 713 2247 766 aut
2291 726 2327 765 a
2372 708 2698 782 Borghesio
2744 711 2851 767 aut

601 828 639 869 a
683 810 853 870 nobis
899 809 1167 869 coloniae
1214 807 1559 868 iudicantur
1606 810 1876 884 exceptis
1923 810 2008 878 iis,
2055 828 2212 885 quae
2254 809 2382 868 sola
2423 810 2555 867 libri
2586 809 2849 868 colonia-

601 930 732 971 rum
766 911 1119 971 auctoritate
1152 912 1437 988 nituntur,
1480 910 1629 970 hae:
1687 910 1899 970 Abella
1929 910 2268 969 Abellinum
2321 911 2540 970 Cumae
2583 910 2849 970 Nuceria

601 1013 875 1076 Castrum
936 1031 1154 1072 novum
1220 1010 1471 1085 (Piceni)
1529 1012 1844 1072 Florentia
1906 1013 2154 1072 Perusia
2212 1014 2554 1072 Parentium
2612 1014 2848 1072 Verona

602 1117 876 1194 Augusta
921 1113 1385 1192 Bagiennorum.
1476 1115 1801 1175 Videamus
1847 1115 1995 1191 quid
2041 1115 2116 1175 de
2161 1116 2234 1174 iis
2278 1115 2595 1174 dicendum
2643 1117 2732 1174 sit.

1555 1279 1831 1345 Abella.
1861 1283 1903 1358 ¹)

776 1388 836 1450 C.
867 1389 936 1460 X,
983 1407 1039 1465 p.
1076 1392 1213 1450 136.
1269 1388 1540 1448 Abellam
1587 1389 1879 1448 coloniam
1926 1387 2109 1448 fuisse
2154 1389 2515 1465 perspicitur
2558 1406 2633 1448 ex
2677 1388 2846 1447 titulo

603 1491 902 1568 Trajanae
932 1489 1144 1550 aetatis
1174 1491 1244 1549 X.
1278 1510 1330 1548 n.
1369 1493 1527 1549 1202
1562 1490 1668 1557 (=
1707 1487 1915 1566 1947),
1950 1490 2047 1548 ubi
2082 1491 2304 1567 legitur
2336 1491 2452 1559 „N.
2488 1491 2710 1549 Marcio

605 1592 778 1655 donis
823 1591 1043 1653 donato
1088 1611 1125 1650 a
1169 1592 1308 1651 divo
1355 1593 1624 1652 Traiano
1672 1635 1686 1650 .
1718 1637 1732 1652 .
1762 1636 1777 1651 .
1823 1600 2075 1668 patrono
2124 1594 2232 1652 col.
2280 1592 2334 1650 d.
2382 1591 2473 1651 d.“
2568 1592 2684 1652 Sed
2730 1595 2845 1653 iam

603 1696 862 1772 Augusti
906 1700 1177 1769 tempore
1221 1693 1459 1753 colonia
1504 1693 1645 1764 fuit,
1717 1695 1890 1753 cuius
1937 1696 2022 1754 rei
2083 1696 2484 1754 testimonium
2546 1695 2848 1754 invenitur

600 1798 811 1859 titulus
854 1817 910 1857 n.
961 1799 1124 1857 1210
1169 1790 1276 1872 (=
1325 1795 1529 1869 1958),
1579 1796 1680 1856 ubi
1728 1795 1949 1874 legitur
1998 1797 2273 1866 „colonei
2317 1801 2377 1856 et
2421 1793 2775 1868 incolae“.²)

1518 1959 1946 2026 Abellinum.

607 2068 669 2132 C.
700 2068 771 2129 X.
801 2086 858 2144 p.
893 2072 1028 2130 127.
1089 2069 1341 2144 Nomen,
1375 2068 1535 2145 quod
1571 2069 1830 2129 innotuit
1853 2088 1927 2128 ex
1960 2069 2133 2129 titulo
2161 2069 2229 2129 X.
2252 2089 2306 2128 n.
2330 2074 2488 2129 1117
2523 2067 2630 2141 (=
2658 2067 2842 2140 1875)

604 2169 911 2247 singulare
973 2187 1171 2244 neque
1225 2171 1498 2230 lectionis
1557 2189 1805 2247 prorsus
1849 2175 2048 2230 certae
2119 2169 2463 2244 „Ven(eria)
2512 2172 2682 2230 Livia
2726 2171 2848 2232 Au·

605 2277 782 2349 gusta
814 2272 1111 2331 Alexam.
1172 2292 1267 2333 ina
1306 2272 1769 2333 Abellinatium“
1822 2274 2115 2332 incertum
2164 2273 2464 2349 relinquit,
2509 2293 2644 2333 num
2693 2276 2849 2333 inter

603 2374 866 2452 Augusti
913 2375 1175 2434 colonias
1221 2379 1381 2434 recte
1430 2374 1748 2435 referenda
1791 2376 1911 2448 sit.⁴
1948 2404 2035 2414 —
2101 2377 2384 2435 Fortasse
2431 2395 2644 2435 nomen
2694 2378 2848 2445 „Ve-

605 2478 808 2538 neria“
858 2477 1162 2538 Sullanam
1212 2477 1501 2554 originem
1548 2483 1857 2538 monstrat.

1587 2639 1869 2707 Cumae.

605 2750 667 2810 C.
690 2750 759 2809 X.
791 2770 847 2826 p.
879 2753 1017 2811 351.
1052 2779 1134 2788 -
1163 2748 1222 2809 Si
1256 2751 1464 2809 titulos
1497 2751 1563 2808 X.
1589 2769 1646 2810 n.
1671 2755 1836 2811 3703
1869 2750 1974 2818 (=
1993 2749 2185 2822 2568)
2219 2758 2279 2810 et
2311 2756 2475 2812 3704
2507 2751 2613 2825 (=
2636 2752 2849 2828 2569),

605 2852 702 2911 ubi
745 2852 966 2912 Cumae
1011 2852 1250 2911 colonia
1292 2858 1563 2923 vocatur,
1611 2853 1857 2929 respicis
1903 2871 2100 2929 neque
2143 2854 2404 2913 Petronii
2448 2856 2846 2913 narrationem

605 2974 655 3014 c.
701 2959 780 3015 57
829 2954 1103 3031 negligis,
1147 2973 1268 3031 qua
1312 2954 1703 3031 probabiliter
1748 2954 1968 3015 Cumae
2013 2956 2441 3030 significantur,
2489 2957 2707 3018 Cumas
2751 2975 2847 3015 co·

603 3058 818 3117 leniam
866 3058 1119 3132 Augusti
1166 3056 1351 3117 fuisse
1397 3056 1567 3117 facile
1616 3057 1927 3117 concede&
2015 3057 2190 3131 Quod
2238 3059 2468 3117 Plinius
2514 3059 2730 3118 Cumas
2785 3059 2846 3119 in

605 3159 798 3219 indice
858 3177 968 3218 suo
1029 3158 1255 3233 omisit,
1316 3159 1569 3218 fortasse
1631 3159 1705 3219 ob
1770 3178 1897 3218 eam
1964 3178 2203 3219 causam
2250 3160 2376 3219 fieri
2424 3162 2648 3238 potnit,
2706 3163 2852 3238 quia

604 3262 718 3320 iam
764 3263 824 3319 in
870 3278 977 3320 ora
1019 3259 1414 3319 describenda
1458 3259 1540 3335 (3,
1573 3265 1680 3330 61)
1730 3279 1832 3321 eas
1878 3268 2463 3321 commemoraverat.
2549 3263 2682 3322 Alio
2715 3263 2848 3321 loco

604 3364 661 3421 in
711 3380 972 3422 errorem
1020 3364 1357 3439 oppositum
1406 3361 1703 3423 deductus
1749 3367 1868 3423 est:
1947 3363 1982 3433 ἓ
2019 3368 2138 3425 104
2193 3366 2506 3424 Venusiam
2553 3366 2706 3424 inter
2751 3384 2848 3424 co-

604 3465 793 3525 lonias
838 3468 1131 3540 recenset,
1176 3464 1392 3524 deinde
1439 3466 1655 3526 iterum
1701 3467 1856 3526 inter
1904 3467 2151 3544 oppida.

1578 3628 1883 3695 Nuceria

605 3736 666 3798 C.
691 3738 759 3796 X.
790 3756 847 3812 p.
876 3740 1014 3797 124.
1059 3739 1189 3795 erat
1218 3737 1375 3796 inter
1407 3737 1614 3797 Italiae
1645 3738 2123 3814 splendidissima
2154 3738 2377 3827 oppida
2409 3744 2550 3798 ante
2583 3758 2846 3815 pugnam

603 3838 1042 3914 Philippensem
1093 3838 1389 3897 veteranis
1442 3837 1757 3899 destinata.
1819 3870 1906 3880 —-
1971 3842 2184 3915 Neque
2228 3840 2418 3899 solum
2468 3860 2504 3900 a
2549 3841 2740 3900 Plinio
2788 3848 2853 3901 et

781 4003 819 4063 ¹)
856 3998 1082 4053 Beloch.
1120 4016 1172 4068 p.
1198 4005 1313 4054 412.

773 4087 820 4153 ²)
854 4083 1048 4138 titulus
1086 4083 1126 4137 1.
1156 4084 1219 4137 N.
1260 4100 1311 4137 ιι.
1356 4089 1482 4138 ¹945
1520 4109 1590 4131 =
1625 4084 1693 4138 X.
1731 4100 1784 4138 n.
1825 4089 1952 4138 1200
1989 4084 2192 4139 adferri
2232 4101 2343 4139 nou
2379 4093 2584 4155 potest.
2656 4086 2850 4141 Solum

604 4168 749 4222 enim
788 4167 889 4222 hoc
924 4174 1184 4236 superest
1254 4168 1398 4221 SEX
1435 4168 1583 4223 POM

1251 4237 1384 4291 COS
1420 4237 1604 4291 PA'rI
