3166 4871
2508 280 2629 343 113

386 450 567 511 Cuius
628 452 773 511 artis
833 452 1093 513 studium
1157 456 1266 514 etsi
1314 453 1603 531 imprimis
1648 453 1708 512 in
1757 453 2191 531 „epithetorum
2238 454 2527 515 electione
2572 460 2633 514 et

384 553 590 629 vigore
635 555 1091 615 translationum
1138 560 1320 633 atque
1383 555 1833 615 similitudinum
1883 562 1943 616 et
1984 557 2044 615 in
2109 574 2304 616 rerum
2351 560 2630 616 accurata

386 661 445 714 et
486 654 644 715 facta
688 655 1127 732 quodammodo
1161 657 1563 734 descriptione
1589 650 1671 727 ’Ὗι
1716 659 2001 736 cernitur,
2045 663 2240 718 tamen
2289 677 2407 718 non
2439 659 2631 717 minus

384 758 765 834 perspicuum
813 764 904 818 est
947 761 1006 818 in
1052 761 1389 836 praesentis
1420 766 1877 837 ceterorumque
1920 765 2251 838 temporum
2286 779 2397 820 usu
2428 760 2636 821 subtili

386 861 446 919 et
490 864 635 937 apta
676 862 1026 921 variatione.

558 979 710 1038 Nam
755 999 887 1040 cum
921 982 1135 1041 ceteris
1168 986 1289 1042 tum
1321 982 1419 1042 vel
1464 983 1714 1042 maxime
1748 982 2090 1042 dramaticis
2137 982 2330 1058 poetis
2361 981 2425 1041 id
2456 1000 2631 1059 agen·

388 1081 526 1140 dum
575 1086 680 1156 est,
728 1086 792 1142 ut
836 1083 1126 1160 quidquid
1152 1085 1250 1143 vel
1293 1085 1411 1155 fiat,
1456 1085 1555 1143 ve'l
1602 1085 1660 1143 in
1705 1103 2096 1160 personarum
2130 1085 2341 1143 animis
2382 1103 2634 1145 commo-

386 1189 615 1255 veatur,
646 1184 704 1243 id
735 1191 1137 1262 spectatorum
1171 1187 1417 1246 auribus
1449 1188 1759 1263 oculisque
1804 1186 1885 1245 ita
1930 1188 2298 1264 obversetur,
2344 1191 2410 1245 ut
2455 1188 2631 1247 etiam

388 1285 720 1346 absentium
766 1306 963 1347 rerum
1010 1289 1297 1366 imagines
1341 1296 1693 1366 praesentes
1739 1290 1963 1349 habere
2010 1289 2094 1348 illi
2142 1289 2251 1349 sibi
2299 1289 2635 1349 videantur.

386 1389 524 1448 Non
585 1390 738 1449 enim
797 1396 1038 1451 enarrat
1091 1392 1452 1451 dramaticus
1511 1398 1692 1468 poeta
1748 1393 1904 1452 sicut
1965 1393 2199 1468 epicus‚
2256 1410 2410 1468 quae
2452 1392 2635 1470 „irre-

391 1491 677 1550 vocabilis
749 1492 1063 1553 abstulerit
1133 1495 1244 1553 iam
1318 1494 1648 1570 praeterita
1718 1485 1947 1570 aetas,“
2020 1493 2126 1553 sed
2202 1512 2358 1570 quae
2436 1499 2636 1554 mente

391 1599 451 1652 et
514 1594 874 1670 cogitatione
949 1596 1298 1672 complexus
1376 1600 1468 1656 est
1536 1598 1621 1655 ita
1697 1597 1959 1671 explicat
2035 1600 2095 1655 et
2167 1596 2227 1655 in
2307 1600 2635 1672 conspectu

389 1697 587 1771 ponit,
636 1700 699 1755 ut
754 1715 952 1756 rerum
1011 1698 1180 1757 initia
1238 1704 1297 1757 et
1354 1698 1582 1777 fontes,
1644 1699 1957 1768 decursus,
2019 1698 2170 1757 fines
2214 1704 2396 1775 atque
2441 1698 2635 1758 exitus

390 1798 538 1874 ipsis
596 1799 784 1858 oculis
845 1800 1354 1878 contemplemur,
1429 1807 1493 1860 ut
1553 1800 1811 1876 denique
1872 1801 2229 1876 sentiamus,
2290 1800 2637 1876 cogitemus,

388 1901 661 1960 vivamus
725 1919 858 1960 cum
926 1902 1012 1961 eis
1079 1920 1227 1978 quas
1286 1909 1467 1979 poeta
1533 1903 1590 1961 in
1654 1920 1893 1961 scenam
1957 1901 2237 1977 producit
2297 1901 2632 1961 fabularum

390 2020 680 2078 personis.

565 2123 756 2196 Quam
802 2140 1089 2183 summam
1136 2129 1197 2183 et
1239 2125 1488 2200 primam
1523 2123 1891 2184 dramaticae
1937 2124 2081 2183 artis
2127 2124 2322 2201 legem
2354 2122 2642 2200 Aeschyli

393 2244 629 2285 manum
679 2225 1000 2297 direxisse,
1046 2226 1180 2302 quis
1248 2245 1365 2286 non
1429 2225 1608 2285 habet
1667 2226 2071 2303 exploratum,
2132 2227 2236 2304 qui
2279 2226 2639 2303 considerat,

391 2328 556 2387 illum
604 2328 849 2387 Homeri
895 2327 1046 2387 adeo
1091 2327 1277 2387 fuisse
1322 2328 1672 2402 studiosum,
1716 2334 1782 2387 ut
1827 2345 1968 2387 suas
2012 2328 2352 2405 tragoedias
2394 2316 2639 2406 τεμάχη

389 2427 533 2488 τῶν
565 2411 851 2510 Ὁμήρου
892 2419 1202 2508 μεγάλων
1247 2422 1544 2490 δείπνων
1591 2448 1723 2490 esse
1756 2429 2160 2491 confiteretur.
2247 2430 2324 2490 Et
2367 2431 2471 2507 qui
2517 2450 2638 2492 non

392 2532 740 2610 quiescebat
797 2535 856 2594 in
919 2535 1084 2612 rupis
1142 2541 1504 2611 praeruptae
1550 2533 1648 2605 (cf.
1696 2533 1905 2611 Suppl.
1954 2536 2074 2594 792
2099 2536 2288 2610 seqq.)
2335 2538 2440 2593 aut
2496 2539 2637 2593 tem·

392 2636 642 2712 pestatis
686 2637 1239 2696 vehementissimae
1286 2635 1507 2709 (Prom.
1543 2639 1707 2697 1080
1732 2634 1922 2712 seqq.)
1967 2641 2071 2695 aut
2114 2636 2431 2713 Typhonis
2479 2634 2641 2708 (ibid.

394 2743 472 2801 35
497 2737 688 2816 seqq.)
722 2747 825 2798 aut
853 2745 1078 2815 septem
1111 2739 1346 2799 illorum
1392 2739 1496 2815 qui
1526 2739 1772 2797 Thebas
1818 2738 2172 2798 obsidebant
2218 2738 2433 2797 ducum
2466 2756 2640 2796 accu-

400 2842 700 2900 ratissima
724 2840 1146 2918 descriptione,
1177 2842 1278 2917 qui
1305 2841 1664 2916 pennigeras
1687 2840 2033 2916 appellabat
2055 2842 2226 2899 nives
2257 2841 2473 2908 (Prom.
2500 2842 2642 2901 993.

392 2935 822 3021 λευκοπτέρῳ
864 2972 951 2990 -—
992 2927 1280 3017 νιφάδι),
1326 2943 1428 3018 qui
1487 2942 1689 3001 multis
1732 2943 1864 3000 aliis
1909 2942 2118 3018 rebus,
2164 2959 2316 3018 quas
2362 2960 2482 3001 non
2530 2942 2640 3000 nisi

395 3045 751 3122 cogitatione
813 3045 1293 3121 complectimur,
1359 3045 1530 3118 quasi
1593 3060 1812 3118 corpus
1872 3042 2182 3115 induebat,
2244 3044 2401 3103 idem
2464 3044 2638 3102 etiam

394 3153 728 3223 temporum
792 3164 962 3205 usum
1023 3147 1107 3205 ita
1152 3146 1495 3204 moderatus
1540 3149 1664 3219 est,
1722 3151 1789 3204 ut
1848 3163 2044 3204 rerum
2092 3163 2268 3220 quam
2331 3146 2638 3204 maximam

395 3249 663 3309 efficeret
690 3250 1202 3326 perspicuitatem,
1246 3255 1314 3307 ut
1357 3250 1552 3307 varias
1583 3247 1887 3324 cogitandi
1930 3247 2346 3323 sentiendique
2377 3248 2642 3307 rationes

397 3352 707 3428 detegeret
750 3357 810 3412 et
853 3354 1023 3428 quasi
1067 3354 1306 3411 intimos
1351 3369 1595 3411 suarum
1642 3369 2036 3427 personarum
2090 3350 2319 3409 animos
2364 3352 2639 3428 aperiret.

567 3472 701 3546 Quo
746 3473 807 3531 in
852 3472 1047 3532 studio
1095 3489 1226 3530 cum
1273 3489 1394 3531 non
1441 3470 1818 3530 mediocriter
1863 3470 2255 3530 adiuvaretur
2301 3471 2449 3529 mira
2495 3489 2640 3547 qua·

398 3573 531 3633 dam
593 3593 847 3651 graecae
906 3574 1150 3649 linguae
1209 3579 1269 3633 et
1328 3574 1701 3633 volubilitate
1747 3578 1806 3632 et
1851 3572 2150 3649 elegantia
2197 3572 2642 3648 formarumque

399 3676 688 3753 ubertate,
729 3684 927 3735 tamen
972 3678 1029 3735 in
1078 3677 1367 3736 sermonis
1414 3674 1813 3735 constituendi
1862 3693 2108 3733 munere
2170 3674 2242 3734 ab
2289 3674 2417 3733 eius
2464 3673 2642 3734 laude

398 3780 542 3839 nihil
590 3780 931 3856 derogatur,
976 3777 1295 3838 dummodo
1342 3778 1732 3855 respiciamus
1763 3796 1941 3853 quam
1989 3776 2185 3837 subtili
2232 3777 2455 3836 iudicio
2501 3783 2644 3836 tem·

568 4013 614 4076 ⁷)
650 4007 733 4065 Cf.
779 4008 1045 4064 Lechner.
1089 4009 1122 4062 l.
1156 4010 1189 4062 l.
1226 4025 1279 4077 p.
1317 4012 1398 4062 25.
1480 4007 1824 4077 Bernhardy.
1862 4007 1895 4060 l.
1930 4007 1965 4060 l.
2003 4023 2056 4076 p.
2093 4011 2220 4062 256:
2286 4006 2491 4070 „Unter
2538 4007 2649 4062 den

400 4093 1038 4164 Eigenthiimliehkeiten
1076 4093 1262 4148 seines
1280 4092 1415 4147 Stils
1451 4092 1568 4146 und
1594 4091 2002 4147 dichterischen
2021 4093 2236 4147 Genius
2272 4092 2398 4146 tritt
2421 4090 2647 4145 charak-

399 4181 681 4235 teristiscb
722 4179 919 4234 hervor
958 4180 1058 4233 das
1094 4178 1219 4233 Bild
1252 4179 1365 4231 und
1394 4177 1488 4232 die
1534 4176 1821 4244 figurliche
1857 4177 2205 4245 Redeweise,
2244 4176 2453 4231 welche
2493 4177 2647 4231 seine

398 4266 791 4336 Komposition
830 4263 931 4319 auf
960 4265 1105 4319 allen
1139 4263 1403 4319 Punkten
1441 4262 1808 4318 beleuchtet.“

2174 4367 2243 4417 δί·
