3166 4871
2620 197 2701 260 73
2755 217 2761 223 ’

1518 363 1655 427 130.

631 498 756 564 Καὶ
802 495 928 583 γὰρ
977 488 1422 584 Ἀθηναίοισιν
1467 496 1816 582 ἐπέρχεται
1859 490 2086 582 ἄγριος
2131 491 2381 582 ὄμβρος

635 588 990 685 ἡγεμόνων
1033 596 1386 687 κακότητι·
1429 601 1849 687 παραιφασίη
1895 599 1968 665 δέ
2006 623 2108 678 τις
2153 596 2367 666 ἔσται·

629 694 672 788 ἦ
713 697 917 787 τάχος
961 694 1284 788 ἦμόσουσι
1325 699 1553 784 πόλιν,
1597 704 1857 769 τίσουσι
1902 704 1974 768 δὲ
2018 699 2284 790 ποινήν.

1518 962 1655 1025 131.

635 1090 892 1180 Φράζεο
939 1086 1019 1182 δὴ
1061 1091 1372 1181 Σπάρτη,
1418 1096 1658 1181 καίπερ
1701 1092 2112 1182 μεγάλαυχος
2157 1095 2383 1175 ἐοῦσα,

627 1188 714 1280 μθ·
765 1197 969 1263 σέθεν
1012 1189 1379 1283 ἀρτίποδος
1423 1193 1673 1282 βλάστῃ
1713 1199 1902 1284 χωλή
1952 1199 2264 1278 βασιλεία.

633 1295 842 1386 δηρὸν
885 1291 1011 1385 γὰρ
1055 1296 1308 1384 μόχθοι
1352 1319 1426 1366 σε
1471 1297 2008 1386 κατασχήσουσιν
2051 1295 2334 1367 ἄελπτοι

631 1398 1130 1488 φθερσίβροτόν
1175 1394 1233 1468 τ’
1281 1402 1392 1469 ἐπὶ
1438 1405 1613 1487 κῦμα
1658 1404 2106 1487 κυκωομένου
2148 1404 2496 1487 πολέμοιο.

1519 1661 1655 1725 132.

622 1787 942 1880 Ὁπλίτην
983 1789 1362 1860 κελάδοντα
1405 1787 1836 1877 φυλάξασθαί
1881 1814 1953 1861 σε
1997 1790 2248 1860 κελεύω

633 1898 751 1983 γῆς
793 1920 862 1961 τε
912 1887 1240 1983 δράκονθ’
1284 1893 1439 1962 υἱὸν
1483 1893 1719 1964 δόλιον
1768 1894 2186 1964 κατόπισθεν
2230 1893 2445 1963 ἰόντα.

641 2172 784 2249 130)
829 2178 1004 2237 Paua.
1032 2179 1086 2237 X
1117 2174 1173 2256 9,
1209 2177 1318 2237 11:
1372 2163 1458 2236 τά
1502 2173 1572 2236 δὲ
1620 2166 1811 2256 ἕτερα
1854 2169 1928 2236 ἐκ
1978 2172 2334 2238 Μουσαίου
2387 2175 2706 2258 χρησμῶν

461 2268 992 2358 μνημονεύουσι·
1043 2274 1175 2339 Καὶ
1219 2270 1345 2359 γὰρ
1390 2278 1533 2338 κτλ.
1576 2282 1586 2295 ’

634 2382 696 2443 in
747 2401 801 2444 v.
834 2377 871 2459 3
918 2402 1029 2461 pro
1061 2390 1344 2461 corrupto
1377 2383 1540 2461 quod
1586 2387 1781 2444 exstat
1810 2380 2120 2464 ητταλοις
2148 2384 2358 2460 scripsi
2404 2367 2446 2464 ἦ
2488 2371 2705 2461 τάχος.

637 2486 713 2546 cf.
773 2486 1005 2563 Synesii
1073 2488 1246 2564 epist.
1294 2487 1546 2547 LXXIII
1615 2487 1929 2557 [Hercheri
2006 2487 2350 2564 epistulogr.
2425 2505 2483 2564 p.
2531 2482 2707 2556 6841:

465 2582 779 2667 πατέρων
848 2574 1017 2647 αυτὸ
1089 2575 1190 2658 [τό
1267 2578 1524 2667 λόγιον]
1600 2582 1709 2648 καὶ
1784 2578 2093 2647 πάππων
2157 2574 2538 2669 ἠκούσαμεν
2600 2574 2707 2648 ὅτι

422 2743 430 2750 .
472 2688 717 2769 φθερεῖ
771 2676 856 2749 τὰ
898 2680 1176 2765 Λιβύων
1235 2677 1627 2772 ,ἡγεμόνων
1683 2676 2038 2771 xaxdtngf‘
2097 2674 2263 2748 αὐτὸ
2316 2675 2441 2770 γὰρ
2502 2675 2708 2749 τοῦτό

468 2785 611 2851 ἐστι
654 2789 781 2853 τοῦ
824 2790 1126 2873 χρησμοῦ
1169 2784 1252 2853 τό
1297 2784 1632 2872 τεμάχιον.
2032 2810 2035 2811 ’

643 2909 786 2985 131)
869 2914 1047 2973 Pane.
1100 2915 1188 2975 lII
1232 2910 1300 2992 8,
1348 2910 1414 2973 9:
1493 2911 1594 2992 τῷ
1680 2897 2040 2993 Αγησιλάῳ
2121 2906 2237 2970 καὶ
2318 2905 2708 2989 Λεωτυχίδῃ

466 3008 787 3094 παρέσχεν
832 3008 896 3084 ἐς
938 3010 1155 3075 πλέον
1195 3007 1277 3074 τὸ
1320 3007 1664 3094 μάντευμα
1707 3000 2100 3094 ἀντιλογίαν
2153 3001 2234 3074 τὸ
2289 3007 2364 3073 ἐκ
2407 3010 2708 3089 Δελφῶν,

467 3104 743 3196 γεγονὸς
784 3111 908 3196 μὲν
953 3111 1112 3191 ἐκεῖ,
1155 3109 1310 3197 ἔχον
1356 3113 1426 3177 δὲ
1473 3103 1685 3177 οὕτω·
1738 3103 2000 3196 Φράζεο
2048 3116 2192 3176 κτλ.

636 3221 789 3281 adde
846 3221 1000 3282 Plut.
1046 3225 1221 3299 Ages,
1265 3222 1374 3281 111.
1449 3221 1714 3298 Lysand.
1757 3221 1941 3280 XXII.
1998 3221 2075 3281 de
2112 3220 2306 3298 *Pytlu
2351 3220 2436 3280 o‘r.
2479 3221 2581 3279 XI.
2627 3219 2701 3280 cf.
2816 3292 2827 3307 ,

467 3324 615 3383 Xon.
657 3324 813 3384 Heu.
843 3325 931 3384 111
964 3323 1022 3402 3,
1052 3321 1109 3385 34
1388 3336 1394 3342 ·
2680 3305 2684 3308 ⁴

637 3426 698 3484 in
729 3444 784 3485 v.
815 3422 885 3485 3:
913 3423 1151 3485 νοῦσοι
1179 3445 1291 3504 pro
1318 3415 1569 3505 μόχθοι
1599 3428 1758 3486 Plut.
1786 3426 1849 3486 in
1878 3426 2004 3485 vIta
2032 3425 2213 3502 Ages,
2243 3418 2266 3501 ΙΙ
2333 3422 2400 3483 4:
2432 3418 2709 3502 φθισίμ-

469 3524 717 3603 βροτον
763 3531 823 3586 et
866 3522 1320 3607 φθισίβροτον
1363 3531 1546 3607 P1ut.3
1591 3517 2086 3607 φθερσιβρότου
2127 3534 2232 3587 ant
2259 3515 2708 3606 φθισιβρότου

472 3627 700 3688 malunt
742 3627 1054 3690 Bekkerus
1098 3636 1158 3690 et
1200 3632 1477 3692 Simonis·
1508 3627 1530 3709 ΙΙ
1606 3615 2096 3709 κυλινδόμενον
2140 3622 2350 3707 Plutfl

642 3727 713 3789 3:
741 3718 990 3809 μόχθοι
1019 3724 1557 3813 κατασχήσουσιν
1590 3737 1656 3794 nt
1685 3734 1846 3811 apud
1878 3734 2202 3795 Homerum
2226 3728 2430 3811 γῆρας
2449 3725 2712 3808 κατέχει

470 3830 581 3893 Od.
609 3834 694 3893 XI
728 3828 847 3891 497
896 3852 1058 3911 saep.

643 3950 789 4027 132)
832 3954 991 4015 Plut.
1033 3955 1177 4033 Lyn.
1205 3956 1431 4015 XXIX:
1483 3934 1570 4033 ἦν
1623 3945 1746 4033 γὰρ
1804 3937 1898 4026 ὡς
1950 3946 2125 4014 ἔοικε
2179 3949 2281 4033 τῷ
2332 3942 2709 4032 Λυσάνδρῳ

470 4049 824 4135 δεδομένος
863 4042 1154 4137 χρησμὸς
1198 4044 1419 4126 οὕτως
1463 4046 1670 4134 ἔχων·
1708 4038 1886 4116 Ὁπλ.
1938 4055 2077 4115 κτλ.

642 4156 704 4220 1:
746 4149 885 4237 πὰρ
928 4146 1241 4238 ποταμὸν
1283 4147 1655 4217 κελάδοντα
1700 4158 1766 4219 Il.
1796 4159 1992 4218 XVIII
2024 4155 2165 4217 576.
2198 4152 2221 4235 Ι

2235 4270 2303 4321 5·
