3166 4871
949 297 1036 353 De
1073 297 1279 354 nomin.
1313 298 1375 352 in
1407 317 1574 365 -αιος.
1643 302 1677 367 8
1714 302 1796 354 20.
1901 244 1930 263 φ
2470 304 2542 367 71

301 474 402 536 Gr.
444 475 483 546 ξ
521 471 660 555 166,
689 472 747 555 2,
790 476 938 537 Lob.
980 478 1144 555 path.
1189 478 1261 538 el.
1306 479 1350 556 Ι,
1395 497 1453 556 p.
1487 475 1586 556 71,
1631 477 1704 538 cf.
1748 478 1955 538 Rhem.
1991 474 2130 557 191,
2187 479 2442 539 Duucan
2487 480 2547 539 in
2636 493 2643 501 ’

300 578 417 638 lex,
462 578 821 639 vocabulum
865 583 1114 656 propter
1158 578 1650 657 significationem
1695 581 1897 641 viatici
1956 581 2029 641 ab
2090 574 2260 639 ἰέναι
2319 581 2550 658 imperf.

296 667 452 759 ἢιον
500 681 876 742 derivabant.
961 684 1210 744 Rectius
1246 684 1373 761 Jam
1419 687 1689 744 veterum
1722 684 2242 761 grammaticorum
2276 684 2550 744 nonnulli

308 781 446 858 (EM
482 780 630 863 410,
680 781 782 858 12)
827 785 902 846 de
946 786 1393 864 propinquitate
1447 776 1706 863 quadam
1750 787 1909 847 inter
1951 773 2065 865 ἤια
2120 790 2181 847 et
2223 776 2362 863 ζειά
2404 785 2553 847 ador

295 887 750 966 cogitaverunt,
809 890 971 965 quod
1042 908 1206 949 nunc
1275 889 1549 967 plerique
1621 895 1986 967 receperunt
2043 888 2242 963 (Beuf.
2304 890 2359 967 1,
2404 884 2549 967 683,

293 989 534 1065 Brugm.
580 984 748 1051 Stud.
794 992 895 1069 IV,
945 988 1096 1067 151,
1154 991 1493 1052 dubitanter
1548 992 1792 1053 Curtius
1837 988 1960 1052 Et.³
1983 988 2135 1049 571:
2196 993 2420 1068 optime
2475 1009 2548 1052 ea

294 1091 365 1151 de
425 1110 493 1153 re
558 1094 683 1169 egit
726 1093 1046 1170 Legerlotz
1090 1093 1193 1154 KZ
1222 1094 1370 1169 VII·‚
1413 1090 1581 1165 296).
1669 1095 1762 1153 Ex
1806 1093 2102 1170 primitivo
2135 1091 2346 1167 „iuvas
2384 1093 2546 1170 quod

291 1196 533 1255 omniuo
590 1195 956 1256 frumentum
1016 1196 1387 1274 significasse
1449 1197 1687 1256 videtur
1749 1194 1888 1270 (ser.
1947 1211 2101 1273 yava
2160 1195 2545 1273 frumentum,

291 1294 603 1377 hordeum,
647 1314 965 1374 μανίη-ωε
1005 1317 1282 1376 gramen,
1326 1299 1499 1359 zend.
1543 1314 1702 1373 yava
1743 1299 1950 1376 fruges
1989 1284 2208 1377 campi,
2251 1299 2336 1358 lit.
2358 1294 2544 1373 jdvas

290 1398 574 1477 granum)
621 1401 952 1462 derivatum
999 1405 1091 1461 est
1134 1404 1195 1462 et
1236 1390 1377 1476 ζειά
1420 1426 1504 1448 =
1536 1401 1776 1479 jau-ja,
1836 1405 1896 1461 et
1939 1386 2093 1480 ἦιον
2135 1425 2220 1447 --
2252 1401 2545 1478 jan-jo-v,

292 1502 449 1579 quod
497 1503 581 1563 ad
627 1521 699 1563 ea
742 1503 1086 1564 denotanda
1129 1502 1567 1582 usurpabatur,
1627 1521 1782 1580 quae
1828 1503 2166 1564 hordeacea
2211 1507 2382 1578 suut,
2427 1504 2461 1561 i.
2493 1521 2544 1562 e.

289 1606 414 1665 sive
478 1607 693 1683 paleas
753 1605 1001 1682 hordei,
1062 1607 1189 1666 sive
1253 1605 1568 1682 alimenta,
1638 1606 1815 1665 etiam
1886 1606 2243 1682 generaliter
2311 1623 2542 1665 omnem

290 1708 514 1784 eibum,
564 1728 747 1786 quum
789 1713 935 1769 tunc
979 1708 1208 1769 hordeo
1256 1709 1576 1786 praecipue
1619 1709 1955 1769 alerentur:
2001 1708 2076 1767 cf.
2120 1710 2291 1768 Hom.
2314 1706 2356 1782 β
2385 1703 2542 1765 289:

289 1793 623 1870 ὅπλισσόν
679 1795 740 1870 τ’
781 1797 897 1891 ἤια
956 1806 1070 1870 καὶ
1115 1797 1388 1890 ἄγγεσιν
1452 1796 1666 1891 ἄρσον
1712 1795 2013 1871 ἅπαντα·
2061 1800 2256 1870 οἶνον
2308 1803 2381 1868 ἐν
2427 1794 2543 1888 άμ-

292 1909 663 1992 φιφορεῦσι
722 1908 838 1973 καὶ
898 1900 1226 1990 ἄλφιτα,
1286 1903 1599 1992 μυελὸν
1661 1898 2007 1993 ἀνδρῶν,
2081 1907 2407 1993 Δέρμασιν
2469 1904 2543 1971 ἐν

287 2010 700 2075 πυκίνοισιν.
798 2017 875 2076 Et
919 2034 949 2075 ε
974 2012 1097 2074 266
1157 2016 1611 2094 distinguuntur
1665 2008 1750 2093 ᾑα
1811 2019 1872 2076 et
1930 2002 2103 2093 ὄψα,
2149 2017 2183 2075 i.
2214 2033 2264 2074 e.
2307 2015 2403 2074 far
2445 2015 2541 2075 vel

289 2119 459 2194 panis
524 2117 690 2178 farre
750 2119 969 2197 factus,
1026 2135 1147 2196 quo
1204 2118 1283 2178 ad
1338 2119 1662 2178 vivendum
1710 2136 1863 2196 opus
1909 2122 2029 2195 est,
2087 2122 2149 2178 et
2191 2135 2401 2177 carnes
2446 2118 2541 2177 vel

291 2216 453 2280 ole‘ra
496 2221 603 2281 vel
643 2221 806 2280 aliud
853 2221 998 2299 quid
1047 2221 1209 2299 quod
1257 2220 1333 2280 ad
1379 2239 1595 2299 panem
1643 2221 1977 2282 comeditur
2021 2239 2140 2281 non
2186 2200 2540 2281 necessitate

294 2322 453 2383 vitae
497 2321 611 2384 sed
668 2323 844 2383 animi
901 2341 1100 2385 cansa.
1145 2353 1228 2364 —
1272 2323 1388 2384 Sed
1448 2309 1605 2402 ἦιον
1663 2342 1784 2384 ιιοιι
1845 2342 1920 2384 ex
1961 2323 2241 2397 Jaftov
2298 2322 2406 2383 sed
2464 2342 2541 2383 ex

279 2424 568 2497 jefcov
638 2425 858 2487 factum
935 2445 1097 2504 esse,
1169 2425 1284 2488 hae
1357 2427 1920 2506 lexicographorum
1994 2426 2228 2506 glossae
2294 2425 2540 2487 docent:

298 2527 580 2605 Hesych.
640 2521 828 2588 εἰαί·
887 2526 1031 2588 τῶν
1092 2515 1400 2609 ὀσπρίων
1457 2520 1544 2587 τὰ
1604 2514 2165 2608 άποκαθάρματα.
2231 2560 2315 2569 -
2375 2520 2537 2587 ἑΐα·

208 2681 247 2698 .,
292 2625 563 2708 λέγεται
608 2625 683 2690 δὲ
728 2626 842 2690 καὶ
884 2621 1308 2705 δισυλλάβως
1353 2620 1422 2690 εἶ
1431 2644 1510 2690 α
1559 2625 2005 2691 ἐπισκεπτέον
2049 2625 2141 2709 δέ,
2185 2624 2241 2690 εἰ
2287 2615 2540 2690 ταύτόν

289 2724 427 2792 ἐστι
474 2719 596 2812 ἤια
650 2728 764 2793 καὶ
824 2726 942 2794 sta.
1030 2718 1199 2794 ὅταν
1253 2724 1377 2815 γὰρ
1436 2724 1517 2794 τὸ
1570 2754 1613 2814 η
1668 2729 1999 2815 γίγνηται,
2054 2731 2318 2812 βρῶμα,
2372 2718 2539 2793 όταν

292 2827 363 2893 δὲ
406 2827 493 2896 τὸ
542 2851 608 2908 ε,
669 2820 753 2896 οὗ
796 2833 1031 2917 βρῶμα
1074 2823 1223 2897 ἀλλ’
1281 2823 1323 2916 ἢ
1376 2827 1620 2917 χόρτος
1674 2832 1789 2896 καὶ
1830 2824 1872 2916 ἡ
1916 2825 2292 2917 παράθεσις
2333 2835 2538 2910 (finem

283 2939 521 3015 glossae
555 2942 901 3017 corruptam
941 2957 1075 3001 esse
1104 2938 1313 3019 patet).
1344 2969 1427 2981 —-
1459 2928 1533 2999 εἶ
1541 2957 1617 3000 οι
1642 2952 1656 2967 ·
1688 2924 1993 3020 ὀσπρίων
2025 2938 2179 3014 (cod.
2210 2923 2537 3018 ὀστρέων)

287 3030 371 3099 τὰ
411 3030 843 3121 καθάρματα.
887 3072 973 3083 -
1016 3042 1212 3104 Suid.:
1258 3035 1421 3102 εἷα·
1465 3032 1728 3121 χόρτος,
1773 3028 1884 3123 ἤια
1930 3035 2002 3102 δὲ
2044 3030 2416 3120 βρώματα].

463 3169 543 3259 [θ
562 3167 745 3258 ἡιον
788 3177 896 3241 Od.
937 3197 979 3257 χ
1024 3175 1147 3238 493
1194 3199 1268 3241 ex
1298 3173 1538 3239 θέΙ-ἰον
1585 3198 1622 3238 a
1665 3179 1793 3239 rad.
1839 3177 1953 3257 θυ,
1996 3178 2155 3238 uude
2188 3176 2352 3255 quod
2382 3175 2536 3236 idem

294 3277 417 3341 sere
467 3280 768 3358 significat
795 3271 989 3352 θύος.
1050 3281 1228 3358 Apud
1262 3283 1491 3343 Atticos
1523 3287 1583 3342 et
1613 3282 1980 3358 posteriores
2015 3278 2227 3340 θετον.
2285 3273 2536 3352 θέειον,

290 3401 411 3459 qua
456 3382 651 3443 forma
693 3390 933 3462 praeter
989 3385 1145 3445 illam
1192 3385 1490 3446 Homerus
1548 3386 1766 3463 utitur,
1823 3403 1898 3444 ex
1941 3383 2257 3443 θεΙ-ἐσιον
2310 3382 2536 3443 factum

288 3490 393 3544 est.
468 3486 633 3547 Cart.
662 3487 755 3547 Et.
786 3482 1015 3554 m320.
1073 3487 1308 3548 Fritsch
1341 3487 1510 3549 stud.
1538 3489 1642 3566 VI,
1677 3484 1813 3547 116.
1883 3486 2167 3564 Mangold
2198 3485 2335 3547 ibid.
2366 3474 2537 3567 204}

462 3618 523 3682 A
569 3616 743 3682 καίω
786 3624 823 3683 i.
851 3641 902 3683 e.
945 3623 1165 3697 xafjoe
1210 3621 1310 3697 (cf.
1349 3608 1602 3696 καύσω,
1648 3613 1918 3698 ἔκαυσα,
1961 3619 2183 3699 καῦμα
2227 3625 2341 3683 cet.
2371 3622 2537 3683 Curt.

289 3722 383 3784 Et.
428 3744 486 3785 n.
516 3722 625 3797 44)
671 3724 1049 3786 descendunt
1093 3724 1243 3785 haec
1281 3726 1395 3788 tria
1426 3725 1719 3786 vocabula
1761 3724 1863 3800 (de
1895 3743 2150 3803 quarum
2181 3724 2536 3786 formatione

286 3843 345 3885 v.
386 3844 575 3904 supra
619 3845 678 3904 p.
710 3823 790 3884 25
821 3826 961 3904 sq.):

456 3933 867 4024 ἢλιοκαΐα.
952 3947 1124 4007 Paul.
1161 3945 1378 4024 Aegiu.
1419 3966 1477 4024 p.
1522 3944 1625 4026 60,
1665 3944 1778 4005 51:
1841 3941 2398 4025 φυλαττομένους
2427 3989 2443 4005 .
2472 3990 2488 4006 .
2517 3990 2535 4007 .

292 4043 529 4107 σιτίων
574 4038 954 4128 διαφθορὰς
994 4042 1111 4108 καὶ
1140 4039 1275 4129 πρὸ
1318 4038 1604 4109 πάντων
1645 4037 2013 4128 ἡλιοκαΐαις.
2104 4051 2282 4111 Falso
2313 4049 2536 4126 legitur

290 4150 653 4213 vocabulum
699 4166 797 4227 ap.
840 4151 1010 4228 Diog.
1054 4152 1123 4212 L.
1169 4148 1226 4230 7,
1261 4150 1312 4230 1,
1356 4152 1431 4212 de
1478 4170 1599 4228 quo
1643 4170 1700 4212 v.
1748 4150 1926 4211 Dind.
1968 4153 2029 4212 in
2074 4151 2255 4213 Thes.
2297 4169 2344 4211 s.
2374 4168 2428 4209 v.

456 4260 919 4346 λυχνοκαΐα
960 4268 1178 4331 festum
1223 4270 1528 4349 quoddam
1557 4270 2015 4350 Aegyptiorum,
2058 4270 2228 4330 cuins
2267 4268 2535 4330 meminit
