3166 4871
1061 285 1148 340 De
1185 284 1394 340 nomin.
1428 284 1488 340 in
1522 303 1690 351 -αιος,
1743 287 1777 350 s
1813 287 1894 340 29.
2507 290 2588 351 8ss

340 463 573 540 misque
615 461 1040 524 obversaretur
1081 462 1520 525 substantivum
1550 463 1795 541 aliquod
1828 462 2091 524 feminini
2122 464 2375 540 generis.
2460 465 2591 524 Hac

339 565 446 625 ille
490 567 789 626 sententia
831 584 1015 644 saepe
1058 566 1166 627 sed
1211 585 1328 627 non
1361 584 1602 645 semper
1632 585 1840 627 verum
1872 567 2086 646 tetigit,
2129 571 2208 644 et,
2251 565 2308 627 id
2342 567 2501 643 quod
2536 568 2589 627 ei

338 666 587 746 saepius
669 668 913 746 accidit,
990 669 1236 746 regulae
1307 668 1764 748 investigandae
1850 669 2046 729 studio
2128 669 2409 747 abreptus
2472 689 2589 730 non

340 788 561 849 aquam
608 770 820 848 modo,
882 775 949 831 ut
992 772 1191 849 aiunt,
1252 771 1360 833 sed
1405 773 1601 849 ipsum
1664 772 1951 832 infantem
2016 791 2090 831 ex
2152 772 2301 832 solio
2363 773 2596 836 effudit.

340 874 536 934 Nemo
581 873 739 935 enim
785 876 1131 953 negaverit,
1173 892 1470 953 persaepe
1514 874 1813 953 adjectiva
1855 875 2147 953 paulatim
2193 875 2415 937 donata
2458 893 2592 936 esse
2706 955 2715 956 ἶ

341 978 589 1036 notione
633 976 1080 1056 substantivali,
1141 996 1264 1054 qua
1325 977 1400 1038 de
1445 996 1511 1038 re
1557 977 1859 1054 copiosius
1904 978 2058 1037 idem
2104 978 2227 1056 egit
2273 979 2331 1038 in
2380 980 2595 1056 quinta

343 1079 839 1156 paralipomenon
885 1080 1319 1141 dissertatione.
1404 1080 1523 1142 Sed
1567 1099 1765 1158 neque
1810 1082 2011 1141 omnia
2056 1099 2212 1158 quae
2256 1081 2598 1144 Lobeckius

341 1184 629 1244 tractavit
671 1202 985 1261 paragoga
1028 1182 1310 1261 adjectivi
1355 1182 1849 1261 significationem
1904 1185 1980 1244 ab
2024 1184 2193 1244 initio
2238 1185 2596 1264 habuerunt,

343 1289 406 1344 et
451 1284 697 1346 diversa
724 1303 1061 1364 paragoges
1089 1303 1318 1363 genera
1348 1287 1689 1347 accuratius
1731 1290 1873 1347 sunt
1913 1286 2353 1365 distinguenda.
2440 1289 2592 1348 Nam

350 1406 536 1464 quum
583 1406 934 1466 paragogen
979 1388 1235 1449 ionicam
1279 1406 1457 1467 passa
1501 1406 1633 1450 esse
1677 1389 1953 1450 dicantur
2009 1408 2081 1450 ea
2135 1394 2367 1450 tantum
2420 1409 2597 1452 voca-

343 1488 519 1567 bula,
576 1508 735 1568 quae
779 1491 1245 1570 significatione,
1300 1492 1431 1568 ipso
1477 1510 1758 1570 corpore,
1817 1491 2076 1569 denique
2134 1511 2355 1569 genere
2414 1495 2594 1571 plane

343 1594 516 1670 paria
575 1593 709 1654 sola
775 1593 1151 1672 diphthongo
1217 1611 1286 1654 αι
1351 1599 1491 1656 ante
1562 1594 2045 1657 terminationem
2120 1596 2292 1672 quasi
2364 1596 2595 1666 inttu'sa

346 1695 658 1776 differunt,
715 1696 1091 1774 sejtmgenda
1141 1701 1283 1759 sunt
1338 1701 1399 1758 et
1441 1698 1759 1776 separatim
1806 1699 2136 1776 spectanda
2195 1717 2595 1778 quaecunque

344 1804 452 1860 ant
495 1799 931 1876 significatione
974 1805 1080 1861 aut
1121 1818 1345 1878 genere
1389 1820 1426 1861 a
1467 1803 1810 1879 prototypis
1841 1803 2201 1881 discrepant.
2288 1805 2371 1865 Ut
2400 1820 2595 1883 κορυ-

347 1896 519 1976 φαία
561 1900 737 1976 (Lob.
769 1904 805 1963 l.
837 1903 875 1962 l.
904 1921 963 1980 p.
994 1899 1164 1982 308),
1206 1887 1472 1978 αὐλαία,
1516 1899 1772 1982 θυραία
1817 1903 1918 1978 (ib.
1948 1923 2004 1982 p.
2036 1902 2202 1983 309),
2245 1900 2598 1984 καλαμαία,

347 1999 605 2064 πυλαία
649 2004 750 2078 (ib.
779 2023 838 2084 p.
867 2000 1048 2084 311),
1100 1999 1451 2066 τελευταία
1497 2003 1599 2079 (ib.
1630 2025 1688 2084 p.
1721 2003 1905 2084 315),
1950 2002 2228 2087 σημαία,
2288 2003 2599 2088 σπειραία

351 2104 436 2184 (p.
484 2102 635 2181 318)
696 2109 880 2186 plane
940 2107 1180 2169 diversa
1239 2111 1494 2170 utuntur
1553 2107 1989 2186 significatione
2051 2129 2231 2187 quam
2297 2111 2600 2188 primitiva

350 2198 654 2289 κορυφή,
713 2195 923 2291 αὐλή,
975 2200 1193 2290 θύρα,
1251 2200 1548 2291 καλάμη,
1607 2199 1793 2290 πύλη
1837 2216 1950 2273 cet.
2036 2211 2274 2274 Genere
2319 2219 2517 2274 autem
2563 2233 2600 2275 a

352 2314 698 2391 prototypis
742 2312 983 2375 diversa
1023 2320 1166 2376 sunt
1207 2333 1263 2374 v.
1295 2333 1345 2375 c.
1383 2303 1763 2391 κεφάλαιον
1807 2312 1888 2393 (p.
1920 2309 2087 2393 308),
2131 2300 2381 2376 ὄπαιον
2422 2314 2599 2391 (falso

352 2414 500 2477 Lob.
546 2400 755 2476 ὄπαία
797 2438 856 2495 p.
888 2411 1033 2489 309)
1079 2421 1141 2479 et
1183 2435 1339 2496 quae
1385 2435 1443 2497 p.
1475 2414 1599 2476 319
1658 2421 1973 2480 enumerat
2030 2397 2270 2497 genens
2325 2419 2598 2480 neutrius

350 2523 662 2580 κοιταῖον
700 2504 975 2579 εὖναῑον
1001 2508 1395 2601 προθύραια
1422 2510 1820 2602 προπύλαια
1848 2527 2237 2582 κασταναῑα.
2324 2522 2601 2598 Denique

350 2623 703 2701 seponenda
748 2641 967 2684 censeo
1012 2641 1168 2702 quae
1210 2622 1451 2685 omnino
1497 2642 1618 2684 non
1662 2643 1699 2683 a
1757 2626 2097 2702 prototypis
2148 2625 2380 2703 primae
2422 2625 2601 2685 decli-

353 2726 614 2787 nationis
672 2726 860 2787 ducta
916 2732 1087 2803 sunt,
1146 2712 1420 2799 α’λκαία,
1482 2712 1759 2807 ὁλκαίη,
1819 2713 2143 2801 ὁλκαῑον,
2201 2720 2603 2808 προνομαία,

350 2823 680 2907 τροπαία,
726 2824 979 2910 δοχαίη,
1023 2823 1283 2903 τοναία,
1327 2823 1613 2909 τριβαία,
1668 2846 1823 2906 quae
1867 2828 2026 2890 infra
2069 2829 2294 2891 docebo
2338 2829 2417 2890 ab
2458 2830 2604 2908 ipsis

351 2932 574 2995 verbis*
603 2951 737 2995 esse
782 2932 1069 2993 derivata.

524 3036 637 3097 His
694 3036 879 3113 igitur
940 3036 1275 3113 segregatis
1334 3052 1673 3113 permagna
1727 3039 1935 3096 restat·
1974 3034 2293 3096 multitudo
2352 3052 2605 3112 parago-
2687 3030 2691 3037 ⁴

358 3158 578 3217 gerum
623 3156 757 3200 cnm
802 3138 1143 3217 prototypis
1193 3138 1370 3215 plane
1431 3138 1945 3198 consentientium.
2043 3138 2211 3198 Haec
2263 3155 2449 3214 quum
2494 3136 2607 3196 Lo-

353 3240 609 3303 beckius
654 3241 816 3302 dicat
859 3242 1101 3319 proprie
1141 3240 1442 3319 adjectiva
1470 3240 1657 3302 fuisse
1688 3241 1796 3301 sed
1824 3239 2115 3319 paulatim
2146 3243 2606 3319 prototyporum

352 3344 780 3422 significationi
848 3344 1035 3421 magis
1113 3345 1427 3421 magisque
1499 3342 1849 3405 assimulata
1920 3343 2181 3420 denique
2255 3343 2312 3403 in
2392 3343 2606 3403 horum

355 3449 621 3525 ipsorum
677 3448 872 3509 locum
932 3446 1329 3524 surrepsisse,
1383 3447 1446 3507 in
1505 3447 1707 3507 multis
1767 3450 2201 3507 assentatorem
2260 3463 2354 3505 me
2410 3444 2610 3505 habet.

355 3551 511 3611 Nam
569 3553 637 3611 ut
694 3554 1004 3610 κοιταῖον
1061 3553 1121 3610 et
1181 3535 1459 3608 ev'valov
1514 3550 1761 3628 proprie
1821 3547 2163 3628 significant
2208 3548 2270 3608 id
2323 3548 2486 3624 quod
2530 3545 2608 3608 ad

355 3647 601 3732 κοίτην
630 3657 691 3713 et
722 3636 928 3731 εὐνήν
969 3652 1250 3730 pertinet,
1293 3651 1512 3713 deinde
1556 3653 1752 3729 ipsum
1783 3655 2002 3731 torum,
2046 3652 2131 3712 sic
2162 3652 2336 3712 etiam
2368 3634 2611 3709 ἀκταία

361 3756 660 3834 primitus,
687 3754 1008 3817 subaudito
1041 3749 1147 3833 γῆ,
1177 3753 1533 3831 significavit
1563 3759 1790 3816 terram
1820 3755 2189 3832 maritimam,
2219 3752 2438 3813 deinde
2468 3753 2612 3812 litus

361 3859 576 3936 ipsum.
665 3859 742 3918 Et
784 3875 930 3918 vero
976 3857 1152 3919 etiam
1198 3846 1587 3937 παρθενική
1631 3875 1744 3936 pro
1773 3850 2141 3937 παρθένος,
2185 3846 2459 3934 θήλειαι
2500 3873 2612 3931 pro

361 3965 709 4040 γυναῖκες,
765 3953 1116 4041 ποιητικοί
1173 3979 1285 4039 pro
1347 3954 1626 4040 ποιηταί
1686 3964 1921 4020 veteres
1982 3959 2205 4019 dixisse
2266 3955 2613 4017 Lobeckins

364 4062 799 4126 demonstravit
842 4081 902 4141 p.
933 4059 1075 4123 305.
1161 4063 1259 4123 Ab
1303 4064 1396 4124 his
1440 4067 1640 4124 autem
1678 4062 1747 4123 'et
1784 4061 2071 4122 similibus
2102 4079 2275 4121 orsus
2301 4060 2365 4121 in
2397 4060 2613 4120 disser-

363 4168 589 4229 tatione
634 4168 690 4227 V
733 4165 1226 4246 paralipomenon
1247 4212 1264 4246 ,
1323 4184 1479 4244 quae
1540 4166 1617 4226 de
1662 4160 2000 4227 nominibus
2044 4164 2326 4241 adjectivi
2372 4166 2434 4224 et
2475 4163 2614 4223 sub-

363 4271 604 4331 stantivi
654 4269 892 4347 gencris
936 4267 1230 4346 ambiguis
1276 4275 1385 4348 est,
1429 4290 1465 4330 a
1494 4269 1850 4331 certioribus
1880 4266 2273 4347 progrediens
2305 4266 2382 4326 ad
2417 4265 2613 4324 minus

2132 4377 2205 4432 G·
