3166 4871
519 279 642 341 276

519 453 781 513 haben.“
829 484 913 493 —
959 452 1028 513 V.
1061 453 1270 514 Clavcl
1315 458 1510 514 autem
1561 472 1807 530 prorsus
1853 454 2061 532 aliam,
2105 455 2150 513 si
2212 454 2352 531 quid
2413 454 2621 523 video,
2685 453 2756 512 de

519 557 633 615 hac
689 573 752 614 re
817 556 1128 636 amplexus
1187 560 1278 616 est
1337 557 1694 633 opinionem.
1787 555 2056 617 Affirmat
2115 557 2266 616 enim
2327 557 2364 616 l.
2412 557 2448 616 1.
2493 575 2628 634 pag.
2676 560 2759 617 60
2804 616 2809 621 ,

524 656 878 734 Sophoclem
937 657 1205 720 Ciceroni
1267 658 1449 718 multo
1508 659 1809 719 meliorem
1872 657 1945 718 ad
2005 658 2356 719 vertendum
2412 658 2762 736 praebuisse

525 760 851 835 materiam,
881 778 1057 838 quam
1095 760 1458 839 Euripidem,
1489 779 1603 821 nec
1634 761 1829 820 minus
1858 779 1991 840 pag.
2028 764 2146 823 107
2167 758 2243 834 9ὅ)
2283 764 2342 821 et
2370 780 2508 839 pag.
2541 757 2759 832 11996)

526 863 657 941 ejus
704 862 763 922 in
809 862 971 923 iulus
1016 867 1226 941 poetae
1272 863 1419 923 locis
1463 863 1768 923 vertendis
1828 868 2014 924 artem
2063 864 2290 941 magnis
2336 864 2597 925 cumulat
2638 864 2759 923 lau-

523 965 712 1025 dibus.
739 972 746 977 “
787 965 876 1024 Ex
910 964 1130 1042 quibus
1161 966 1360 1026 verbis
1391 984 1524 1025 cnm
1556 966 1671 1026 hoc
1708 970 1995 1043 appareat
2040 966 2395 1045 Sophoclem
2428 986 2502 1027 ex
2532 967 2603 1025 V.
2633 966 2760 1027 Cla·

523 1069 621 1128 vel
669 1067 948 1145 opinione
993 1068 1252 1128 omnium
1314 1069 1676 1145 tragicorum
1724 1069 1977 1129 maxime
2024 1069 2329 1130 Ciceronis
2384 1068 2762 1146 respondisse

521 1171 791 1248 ingenio,
837 1169 972 1247 quis
1016 1169 1274 1243 dubitat,
1329 1170 1473 1248 quin
1519 1172 1571 1230 is
1616 1174 1787 1248 putet
1829 1171 1992 1231 illum
2055 1172 2106 1231 ei
2153 1171 2482 1250 principem
2540 1172 2598 1231 in
2645 1172 2761 1231 hoc

523 1291 744 1350 genere
774 1274 967 1334 locum
1014 1278 1221 1333 tenere
1254 1273 1443 1333 visum
1476 1272 1655 1333 esse?
1743 1274 1933 1349 Quam
1982 1274 2054 1335 ob
2086 1292 2207 1334 rem
2256 1291 2476 1350 operae
2504 1275 2759 1352 pretium

523 1376 760 1436 videtur
826 1375 1164 1435 accuratius
1213 1393 1538 1453 quaerere,
1604 1380 1740 1436 ntra
1800 1377 2093 1436 sententia
2151 1394 2298 1437 vera
2342 1374 2617 1437 habenda
2672 1376 2766 1452 sit,

526 1477 872 1555 praesertim
921 1496 1052 1537 cum
1085 1474 1414 1555 Sophocles
1458 1481 1518 1537 et
1551 1477 1867 1555 Euripides
1913 1479 2038 1538 sine
2071 1477 2254 1538 dubio
2302 1478 2457 1538 inter
2500 1495 2564 1537 se
2596 1477 2763 1537 dissi-

526 1578 750 1640 millimi
780 1580 913 1640 sint.
985 1576 1137 1640 Sunt
1166 1583 1362 1639 autem
1395 1579 1552 1656 apud
1581 1578 1927 1640 Ciceronem
1959 1581 2091 1657 loci,
2121 1598 2193 1640 ex
2226 1581 2442 1658 quibus
2472 1597 2763 1657 apparere

529 1682 821 1754 videatur,
868 1682 1032 1743 illum
1066 1682 1139 1742 ab
1186 1700 1259 1743 eo
1289 1683 1620 1759 principem
1654 1682 2016 1759 tragicorum
2050 1699 2181 1744 esse
2218 1683 2569 1761 judicatum.
2649 1680 2763 1756 Qui

527 1786 641 1845 loci
687 1803 817 1845 cnm
872 1786 1000 1864 jam
1047 1803 1230 1862 snpra
1275 1784 1491 1863 prolati
1538 1784 1675 1855 sint,
1732 1785 1876 1845 satis
1920 1785 2032 1867 erit
2091 1803 2274 1845 unum
2332 1803 2587 1863 eumque
2631 1803 2765 1862 gra-

525 1888 826 1947 vissimum
871 1888 928 1947 in
963 1887 1303 1948 memoriam
1335 1904 1671 1947 revocasse.
1730 1884 1830 1947 Or.
1863 1890 1903 1948 4
1948 1888 2102 1947 enim
2148 1888 2230 1947 ita
2260 1886 2524 1947 disserit:
2572 1887 2764 1959 „Nam

526 1989 586 2050 in
619 1991 810 2068 poetis
856 2008 977 2050 non
1009 1991 1272 2050 Homero
1319 1989 1426 2050 soli
1455 1990 1626 2050 locus
1672 1993 1763 2050 est
1804 2020 1891 2030 —
1936 1995 2002 2051 nt
2046 1990 2121 2051 de
2153 1989 2396 2050 Graecis
2439 1990 2654 2067 loquar
2681 2019 2767 2030 -

528 2099 634 2154 aut
665 2091 1023 2153 Archilocho
1052 2096 1158 2152 ant
1188 2091 1472 2171 Sophocli
1502 2098 1607 2153 aut
1635 2091 1917 2163 Pindaro,
1964 2092 2069 2153 sed
2115 2093 2323 2152 horum
2358 2092 2454 2152 vel
2484 2090 2769 2152 secundis

527 2198 624 2257 vel
667 2196 827 2256 infra
885 2194 1240 2256 secundos.“
1330 2196 1546 2272 Neque
1594 2213 1736 2255 vero
1796 2213 2026 2255 omnem
2089 2195 2181 2254 his
2226 2194 2566 2272 talibusque
2623 2193 2771 2255 locis

529 2297 794 2360 amoveri
859 2297 1286 2359 dubitationem
1341 2298 1464 2377 jam
1524 2316 1598 2357 ex
1642 2298 1712 2356 iis
1772 2298 2055 2375 colligere
2114 2315 2456 2375 possumne,
2513 2315 2669 2375 quae
2715 2294 2771 2355 d.

529 2420 613 2462 or.
647 2405 704 2481 3,
735 2403 812 2463 27
862 2401 1116 2463 Crassus
1162 2399 1446 2472 affirmat,
1502 2399 1830 2479 Aeschylo,
1891 2400 2189 2477 Sophocli,
2250 2399 2515 2479 Euripidi
2563 2416 2768 2477 parem

529 2522 722 2584 paene
766 2502 1004 2564 landem
1066 2504 1123 2563 in
1173 2502 1439 2564 dissimili
1488 2503 1784 2563 scribendi
1835 2521 2052 2580 genere
2097 2503 2306 2580 tribui3
2364 2521 2498 2562 nam
2546 2520 2625 2562 ne
2670 2502 2768 2561 mi·

529 2607 689 2668 nima
752 2604 992 2684 quidem
1053 2610 1441 2682 caussaest,
1503 2623 1612 2665 cur
1673 2609 1953 2683 putemus
2016 2624 2146 2666 enm
2210 2606 2323 2665 hoc
2383 2605 2516 2665 loco
2571 2623 2690 2665 non
2739 2622 2771 2664 e

530 2708 834 2771 Ciceronis
890 2707 1093 2768 dicere
1150 2708 1461 2768 sententia.
1507 2737 1594 2748 —
1637 2707 1759 2768 Illis
1806 2711 2003 2768 autem
2049 2707 2225 2786 locis,
2269 2725 2523 2785 quorum
2586 2725 2772 2785 supra

530 2811 887 2873 mentionem
932 2809 1068 2889 feci,
1112 2809 1409 2870 adiciendi
1458 2815 1598 2870 sunt
1641 2810 1914 2870 nonnulli
1960 2809 2086 2888 alii,
2146 2810 2247 2870 nbi
2294 2806 2573 2887 Sophocli
2619 2828 2770 2870 snm·

397 2933 412 2940 ⁶
531 2933 660 2975 mae
706 2915 1055 2976 tribuuntur
1083 2913 1312 2991 laudes,
1357 2917 1423 2972 ut
1467 2912 1520 2971 d.
1553 2912 1673 2972 div.
1710 2917 1761 2984 1,
1794 2917 1875 2974 54
1920 2913 2003 2973 ita
2046 2912 2458 2990 praedicatur:
2508 2911 2772 2988 „Adiun-

533 3035 747 3096 gamus
776 3016 1153 3094 philosophis
1176 3014 1578 3076 doctissimum
1605 3015 1919 3086 hominem,
1951 3020 2184 3092 poetam
2218 3015 2456 3093 quidem
2491 3014 2773 3086 divinum,

531 3117 938 3197 Sophoclem.“
1050 3118 1265 3195 Neque
1327 3136 1397 3178 ea
1454 3118 2044 3196 neglegendasnnt,
2101 3136 2255 3196 quae
2300 3118 2353 3177 d.
2402 3116 2500 3177 fin.
2533 3122 2590 3197 5,
2621 3122 2658 3180 3
2704 3116 2775 3192 Q.

537 3223 748 3285 Cicero
796 3221 1111 3300 disputans
1155 3220 1476 3281 inducitur.
1565 3220 1711 3282 Cum
1745 3220 1898 3281 enim
1947 3221 2004 3280 in
2053 3238 2157 3280 eos
2203 3220 2473 3281 homiues
2512 3220 2775 3281 illustres

531 3323 808 3385 inciderit
853 3342 1066 3395 sermo,
1112 3340 1367 3402 quorum
1401 3324 1682 3384 memoria
1714 3323 2085 3384 Athenarum
2118 3327 2363 3400 aspectu
2400 3323 2776 3400 excitaretur,

534 3428 635 3488 ille
684 3426 759 3487 de
790 3425 1088 3504 Sophocle
1134 3427 1250 3486 hoc
1294 3425 1470 3486 dicit:
1521 3426 1747 3501 „Quem
1794 3426 1908 3485 scis
1954 3444 2128 3503 quam
2170 3425 2428 3486 admirer
2474 3425 2775 3503 quamque

535 3548 604 3591 eo
651 3529 937 3590 delecter“
983 3527 1263 3607 idemque
1309 3529 1512 3607 paullo
1558 3534 1697 3606 post
1739 3526 2068 3606 Oedipodis
2114 3527 2359 3589 Colonei
2406 3527 2773 3606 prooemium

534 3632 937 3694 mollissimum
971 3631 1240 3709 appellat
1287 3649 1544 3691 carmen.
1631 3631 1847 3708 Neque
1878 3648 2022 3691 vero
2069 3630 2325 3691 dubitari
2356 3634 2585 3709 potest,
2630 3631 2772 3707 quin

703 3831 771 3897 ⁹⁵)
805 3828 981 3892 „Dum
1003 3842 1154 3896 vero,
1182 3834 1245 3882 ut
1264 3827 1512 3897 singulas
1532 3828 1831 3883 verborum
1849 3842 2142 3897 rerumque
2167 3826 2468 3883 varietates
2492 3826 2778 3895 exprimat,

532 3914 787 3982 enititur,
834 3913 882 3967 si
926 3929 1186 3983 magnum
1225 3913 1541 3980 Homerum,
1576 3918 1694 3967 tum
1741 3913 1929 3984 copia,
1976 3919 2094 3967 tum
2129 3912 2411 3967 brevitate
2456 3910 2780 3980 mirabilem,

531 3999 823 4068 convertit,
849 4005 1149 4055 enervatus
1183 3999 1427 4068 languet,
1460 3998 1508 4054 si
1533 3997 1882 4068 Sophoclem,
1918 4014 2046 4055 vere
2071 4003 2255 4067 poeta,
2282 3997 2483 4068 Grajae
2519 4011 2777 4051 camenae

531 4083 756 4141 afflatus
793 4085 1158 4154 spiritu...
1196 4085 1392 4138 merito
1418 4083 1757 4155 judicatur.“

703 4174 772 4238 ⁹⁸)
809 4170 903 4235 „In
922 4169 1166 4241 jambeis
1191 4169 1386 4223 melior
1408 4175 1616 4224 tantam
1642 4169 1885 4239 adeptus
1909 4174 1996 4224 est
2017 4123 2355 4236 facultatem,
2378 4172 2444 4222 ut
2463 4166 2778 4222 incredibili

533 4255 769 4325 quadam
809 4253 1102 4324 diligentia
1135 4253 1391 4310 Herculis
1427 4252 1724 4324 Sophoclei
1761 4255 2182 4309 lamentationes
2217 4251 2604 4324 expresserit.·‘
