3166 4871
2522 294 2598 355 51

1429 462 1528 524 70.

400 598 461 674 a)
528 588 757 660 Καλόν
803 617 911 660 τοι
954 586 1037 660 τὸ
1082 591 1330 678 μεταξύ
1374 596 1728 681 Κορίνθου
1772 598 1887 662 καὶ
1930 599 2292 675 Σικυῶνος
2311 617 2325 631 ·

528 686 676 761 ἄλλ’
721 686 853 763 ου’κ
898 691 1210 781 οἰκήσεις,
1254 688 1402 765 οὐδ’
1447 697 1506 763 εἰ
1546 695 1963 784 παγχάλκεος
2007 700 2157 786 εἴης.

525 796 875 887 Σατύρων
919 794 1182 886 φράζου
1227 797 1564 886 Τάραντός
1606 792 1667 868 τ’
1714 792 1964 888 άγλαόν
2005 796 2193 889 ὕδωρ

533 901 646 967 καὶ
693 903 926 987 λιμένα
972 898 1210 969 σκαιὸν
1252 903 1367 968 καὶ
1411 894 1590 970 ὅπου
1634 900 1883 991 τράγος
1927 897 2229 992 ἁλμυρὸν
2272 900 2472 990 οἶδμα

401 1006 439 1067 5
528 993 899 1093 άμφαγαπᾷ
940 1005 1199 1090 τέγγων
1243 997 1456 1092 ἄκρον
1498 1011 1773 1072 πολιοῖο
1817 1009 2117 1092 γενείου·

532 1103 705 1173 ἔνθα
758 1102 1065 1194 Τάραντα
1106 1112 1314 1175 ποιοῦ
1358 1107 1471 1176 ἐπὶ
1514 1102 1866 1196 Σατύριον
1906 1113 2228 1194 βεβαῶτα.

396 1315 459 1391 b)
520 1303 873 1398 Σατύριόν
916 1336 1026 1381 τοι
1070 1310 1295 1381 ἔδωκα
1347 1306 1655 1400 Τάραντά
1699 1338 1771 1382 τε
1814 1317 2024 1382 πίονα
2068 1317 2285 1403 δῆμον

525 1412 789 1502 οἰκῆσαι
832 1417 946 1483 καὶ
988 1420 1174 1503 πῐμα
1220 1407 1587 1504 Ἰαπύγεσσι
1628 1418 1964 1503 γενέσθαι.

1430 1643 1530 1707 71.

508 1761 754 1858 ’Ereta'
797 1763 919 1859 ἠδὲ
962 1771 1327 1861 Κράτωνος
1374 1766 1703 1861 άγακλέος
1746 1774 1852 1842 υἱὲ
1898 1775 2208 1863 δαΐφρον,

522 1871 843 1955 ἐλθόντες
886 1870 1187 1963 Σικελὴν
1227 1874 1450 1963 χθόνα
1494 1879 1704 1945 πίονα
1749 1881 2019 1946 ναίετον
2065 1903 2286 1965 αμφω,

522 1974 900 2064 δειμάμενοι
943 1982 1361 2065 πτολίεθρον
1406 1976 1579 2067 ομοῦ
1622 1983 1916 2069 Κρητῶν
1948 1976 2229 2049 Ῥοδίων
2272 2007 2344 2048 τε

521 2072 662 2169 πὰρ
704 2074 1006 2168 προχοὰς
1047 2096 1384 2169 ποταμοῖο
1429 2085 1609 2151 Γέλα
1652 2081 2146 2170 συνομώνυμον
2194 2073 2423 2170 αγνόν.

348 2310 510 2387 path.
540 2305 659 2369 136
694 2310 878 2388 idque
907 2311 1125 2389 probat
1148 2311 1489 2374 Meinokius
1518 2313 1579 2372 in
1603 2312 1878 2374 vIndiciis
1900 2312 2312 2375 Strabonianie
2333 2333 2393 2392 p.
2415 2310 2516 2374 63.
2548 2308 2571 2392 ΙΙ

352 2405 572 2491 παρὲκ
602 2409 776 2473 θεοῦ
806 2414 1086 2477 Dindorf.
1119 2409 1141 2494 ss
1214 2430 1424 2495 παρες
1453 2415 1647 2478 Strab.
1679 2416 1851 2478 codd.
1889 2415 2051 2478 unde
2080 2416 2339 2479 Meinek.
2369 2411 2603 2498 παρεὶς

360 2515 619 2577 coniecit
662 2518 701 2576 l.
741 2536 791 2578 ο.
824 2510 847 2595 ΙΙ
933 2511 1138 2578 σέθεν
1195 2537 1307 2596 pro
1360 2503 1532 2579 θεὸν
1580 2518 1775 2580 Strab.
1809 2513 1831 2597 ΙΙ
1915 2507 2377 2599 ἄλλοῖδΐωΜ
2451 2541 2507 2581 v.
2538 2517 2602 2580 2:

349 2606 688 2697 κλάσματα
734 2606 1048 2700 θηρεύεις
1093 2620 1287 2683 Strab.
1319 2615 1342 2700 ΙΙ
1418 2614 1720 2682 ἐπαινεῖν
1763 2622 1960 2684 Strab.
1991 2616 2014 2699 ΙΙ

521 2735 627 2812 70)
672 2739 918 2800 Diodor.
951 2740 1097 2800 VIII
1127 2737 1228 2819 21,
1260 2737 1332 2801 3:
1378 2786 1390 2800 .
1443 2788 1454 2799 .
1503 2733 1569 2801 οἱ
1631 2735 1705 2801 δὲ
1764 2734 2172 2801 ἐπευνακταὶ
2213 2736 2601 2822 πέμψαντες

350 2833 416 2914 ἐς
456 2827 754 2916 Δελφοὺς
799 2827 1174 2922 ἐπηρώτων
1218 2836 1275 2902 εἰ
1323 2836 1602 2903 δίδωσιν
1644 2827 1875 2915 αὐτοῖς
1919 2834 2047 2922 τὴν
2091 2839 2505 2905 Σικυωνίαν·
2551 2827 2594 2924 ἡ

351 2937 423 3003 δὲ
452 2933 613 3024 ἔφη·
663 2933 894 3004 Καλόν
923 2961 1031 3003 τοι
1061 2943 1208 3004 κτλ.
1256 2929 1666 3018 ἀκούσαντες
1714 2940 1785 3005 δὲ
1834 2931 2153 3025 ἠγνόουν.
2200 2935 2242 3028 ἡ
2286 2940 2357 3006 δὲ
2401 2962 2601 3023 φανε-
2663 2968 2667 2972 ⁴

349 3035 650 3127 ρώτερον
696 3037 847 3127 ἔφη·
895 3035 1242 3127 Σατύριον
1284 3047 1423 3107 κτλ.

525 3152 587 3220 a)
635 3146 702 3209 3:
749 3138 1013 3229 φράζου
1058 3161 1141 3209 συ
1184 3151 1365 3211 Dind.
1396 3144 1419 3230 ΙΙ
1495 3144 1843 3230 Σατυρίου
1885 3151 2068 3212 Dind.
2099 3145 2121 3228 ΙΙ

518 3250 582 3326 b)
629 3252 1080 3314 etiam‘Strabo
1134 3254 1404 3314 servavit
1447 3254 1530 3314 VI
1574 3273 1634 3332 p.
1666 3249 1808 3313 279.
1851 3271 1910 3312 v.
1942 3250 2007 3312 7:
2053 3248 2238 3313 δῶκα
2282 3253 2478 3316 Strab.
2524 3252 2598 3314 of.

348 3353 513 3416 Mun.
559 3353 770 3417 histor.
815 3373 905 3432 gr.
948 3355 1022 3415 fr.
1053 3357 1082 3415 I
1126 3374 1186 3433 p.
1222 3350 1360 3416 184.

516 3477 572 3517 v.
603 3452 672 3515 2:
719 3441 866 3518 οὐδ’
927 3450 985 3516 εἰ
1041 3448 1459 3537 παγχάλκεος
1501 3444 1760 3536 εὔχεται
1803 3445 1975 3517 εἶναι
2017 3458 2085 3518 11.
2113 3459 2225 3519 XX
2259 3455 2396 3519 102.
2427 3453 2450 3537 ΙΙ
2526 3455 2596 3520 3:

349 3541 603 3637 άγλαόν
630 3545 816 3637 ὕδωρ
861 3561 931 3620 11.
962 3561 1021 3620 II
1053 3556 1372 3645 307>saep.
1405 3553 1427 3638 ΙΙ
1503 3558 1569 3620 4:
1620 3545 1922 3639 ἁλμυρὰν
1965 3547 2148 3641 ὕδωρ
2187 3561 2297 3624 Οᾱ.
2327 3563 2444 3622 XII
2472 3557 2596 3621 236

346 3678 509 3740 saep.
541 3656 564 3741 ΙΙ
640 3657 713 3720 8:
756 3657 945 3742 πῆμα
987 3656 1305 3740 γενέσθαι
1358 3656 1571 3743 Τρωσί
1616 3663 1686 3722 11.
1715 3663 1888 3723 XXII
1917 3660 2058 3723 421.
2091 3659 2114 3742 ΙΙ

518 3761 626 3838 71)
668 3764 846 3826 Diod.
888 3766 1035 3826 VIII
1080 3761 1191 3841 23,
1241 3764 1313 3824 1:
1374 3749 1478 3823 ὅτι
1539 3751 1929 3846 Ἀντίφημος
1996 3760 2108 3825 καὶ
2155 3752 2458 3845 Ἔντιμος
2529 3759 2596 3826 οὶ

344 3859 564 3927 Γέλαν
622 3862 970 3940 κτίσαντες
1021 3853 1382 3948 ἠρώτησαν
1421 3852 1550 3946 τὴν
1595 3861 1872 3927 Πυθίαν
1915 3863 2030 3927 καὶ
2074 3859 2303 3950 ἔχρησε
2346 3864 2591 3928 ταῦτα·

332 3953 578 4048 ”Εντιμ’
606 3968 746 4031 κτλ.
778 3969 852 4031 cf.
882 3972 1025 4031 Her.
1060 3971 1172 4031 VII
1208 3965 1345 4030 153.
1376 3971 1555 4030 Pane.
1590 3971 1734 4032 VIII
1764 3967 1863 4030 46.
1895 3971 2082 4032 schol.
2112 3971 2285 4033 Pind.
2316 3972 2392 4032 ol.
2415 3972 2472 4032 II
2501 3968 2595 4031 16.

346 4071 549 4149 Steph.
591 4073 737 4149 Byz.
784 4066 984 4132 Γέλα.
1034 4072 1252 4133 Athen.
1284 4072 1400 4134 VII
1431 4069 1530 4132 51.
1574 4073 1771 4149 Etym.
1815 4075 1894 4134 M.
1935 4094 1995 4153 p.
2025 4071 2168 4135 225.

517 4170 583 4235 23
627 4169 837 4235 πίονα
880 4194 957 4237 ex
1002 4174 1157 4236 coni.
1199 4173 1425 4235 addidi.
1472 4161 1770 4255 Σικελὴν
1813 4163 2030 4258 καλὴν
2069 4165 2290 4256 χθόνα
2336 4175 2593 4238 Cobetus

344 4276 406 4338 in
451 4295 589 4338 nov.
632 4278 770 4340 lect.
810 4297 870 4358 p.
901 4273 1042 4338 484.
1075 4271 1097 4357 ΙΙ
1174 4275 1246 4338 4:
1292 4270 1366 4338 ἐν
1409 4273 1705 4357 προχοῇς
1747 4276 2065 4358 ποταμοῦ
2111 4278 2223 4343 od.
2253 4279 2338 4340 XI
2368 4276 2511 4341 242.
