3166 4871
2549 312 2629 370 55

563 472 799 557 Φοίβῳ
843 465 1256 560 άκερσεκόμῃ
1300 474 1500 562 νίκην
1543 468 1937 560 ὑποχείριον
1979 472 2146 561 ἕξεις
2437 556 2442 561 ¹

558 575 674 639 καὶ
715 570 1015 661 μάκαρος
1057 572 1308 662 Λιβύης
1351 573 1895 660 καλλιστεφάνου
1940 575 2343 659 βασιλεύσεις

560 667 764 755 αύτός
806 678 917 743 καὶ
963 677 1156 763 γένος
1197 668 1398 764 ὗμόν·
1445 673 1591 765 ἄγει
1637 680 1712 745 δέ
1753 699 1826 746 σε
1872 684 2123 760 Φοῖβος
2167 672 2530 750 Ἀπόλλων.

1464 886 1564 951 80.

560 1000 649 1067 Αἰ
691 1003 774 1067 τύ
817 1002 972 1088 ἐμεῦ
1015 999 1271 1089 Λιβύην
1311 999 1754 1090 μηλοτρόφον
1797 999 1984 1083 οἶδας
2037 998 2326 1092 ἄμεινον,

558 1100 647 1191 μὴ
690 1101 919 1171 ἐλθών
964 1102 1290 1184 ἐλθόντος
1336 1099 1506 1191 ἄγαν
1551 1102 1797 1193 ἄγαμαι
1841 1108 2084 1196 σοφίην
2128 1126 2261 1175 σευ.

1378 1332 1391 1337 ·
1466 1314 1563 1377 81.

548 1421 654 1506 Ὃς
700 1429 774 1495 δέ
817 1452 937 1495 κεν
979 1428 1044 1508 ἐς
1087 1426 1345 1517 Λιβύην
1386 1427 1821 1518 πολυήρατον
1863 1425 2148 1518 ὕστερον
2194 1429 2359 1518 ἔλθῃ

562 1533 682 1616 γᾶς
725 1522 1231 1619 ἀναδαιομένας,
1274 1530 1439 1620 μετά
1462 1531 1557 1619 ἱοἵ
1591 1531 1779 1600 ποκά
1819 1559 1986 1621 φαμι
2028 1531 2358 1621 μελήσειν.

1468 1741 1567 1806 82.

564 1852 800 1937 Βάττε,
838 1853 920 1922 τὸ
948 1853 1211 1943 πρόσθε
1242 1855 1458 1924 κακὸν
1486 1855 1567 1924 τὸ
1600 1859 1671 1925 δὲ
1704 1855 2018 1946 δεύτερον
2047 1856 2304 1927 ἐσθλὸν
2333 1859 2633 1950 ἐρευνᾷς·

565 1957 772 2044 ἔρχεο,
817 1954 990 2042 λεῖφ’
1034 1953 1232 2026 ἁλίαν
1268 1953 1536 2047 χώραν·
1582 1954 1860 2048 ἤπειρος
1907 1952 2210 2048 ἀμείνων.

564 2052 743 2149 ήῷος
785 2058 1127 2149 πρότερον
1173 2059 1387 2148 δόμον
1430 2061 1690 2144 ἔκβαλε,
1732 2064 1973 2130 πείθεο
2015 2060 2232 2150 μύθῳ.
2281 2126 2288 2141 ,

565 2344 621 2386 v.
652 2321 722 2387 6:
767 2310 1140 2399 Παλλάς·τ’
1185 2316 1503 2406 ἐγρεμάχη
1549 2328 1751 2406 hymn.
1796 2328 1962 2389 Dem.
1993 2320 2190 2405 424„
2266 2324 2334 2388 7:
2390 2325 2640 2403 Φοῖβος

399 2410 845 2509 ἀκερσεκόμης
887 2430 959 2491 11.
985 2431 1096 2491 XX
1128 2425 1226 2491 39.
1256 2422 1281 2508 ΙΙ

572 2526 676 2602 80)
721 2533 864 2593 Her.
893 2534 975 2593 IV
1013 2531 1165 2593 157·
1274 2579 1287 2592 .
1334 2518 1706 2594 ἀπέπλωον
1761 2527 1852 2604 εἰς
1895 2519 2190 2610 Δελφοὺς
2244 2518 2640 2611 ἀπικόμενοι

401 2625 473 2693 δὲ
536 2624 647 2692 ἐπὶ
713 2619 795 2694 τὸ
849 2624 1257 2717 χρηστήριον
1316 2629 1667 2716 ἐχρέοντο,
1727 2626 2012 2722 φάμενοι
2075 2628 2321 2695 οἰκέειν
2380 2653 2452 2694 τε
2515 2622 2639 2716 τὴν

400 2726 657 2817 Λιβύην
699 2731 815 2796 καὶ
859 2723 1059 2798 οὐδὲν
1102 2725 1379 2817 ἄμεινον
1420 2729 1741 2820 πρήσσειν
1786 2731 2142 2809 οἰκέοντες.
2205 2757 2247 2818 η
2293 2730 2365 2797 δὲ
2411 2731 2640 2817 Πυθίη

401 2849 515 2914 σφι
559 2824 732 2920 πρὸς
774 2837 987 2900 ταῦτα
1026 2838 1155 2923 χρᾷ
1198 2830 1389 2901 τάδε·
1438 2834 1526 2902 Αἰ
1569 2839 1712 2902 κτλ.

569 2942 723 3003 adde
768 2944 923 3004 Plut.
968 2944 1044 3004 de
1088 2944 1264 3020 Pyth.
1310 2962 1394 3004 or.
1438 2945 1662 3004 XXVII
1706 2962 1765 3022 p.
1798 2938 1938 3002 408.
1983 2943 2164 3003 Anth.
2209 2943 2336 3003 Pal.
2373 2942 2510 3002 XIV
2544 2937 2644 3001 84.

403 3042 477 3103 of.
521 3044 708 3122 praef.
752 3065 810 3124 p.
848 3043 941 3105 16.

573 3167 630 3207 v.
667 3147 729 3206 1:
777 3137 1036 3222 Λιβύαν
1077 3136 1515 3227 μαλοτρόφον
1560 3135 1802 3217 οἶσθας
1844 3132 2072 3226 ἄρειον
2117 3146 2274 3206 Plut.
2306 3139 2328 3222 ΙΙ

577 3245 682 3322 81)
727 3251 871 3312 Her.
913 3252 997 3312 IV
1044 3248 1190 3314 159:
1228 3235 1552 3330 Ἕλληνας
1607 3237 1870 3320 πάντας
1930 3234 2193 3328 ὥρμησε
2250 3236 2547 3328 χρήσασα
2602 3230 2644 3327 ἡ

405 3346 634 3432 Πυθίη
687 3342 946 3412 πλώειν
1006 3343 1531 3434 συνοικήσοντας
1574 3345 2016 3431 Κυρηναίοισι
2060 3339 2353 3430 Λιβύην·
2408 3342 2643 3408 ἐπεκα-

406 3447 648 3514 λέοντο
712 3440 838 3536 γὰρ
904 3447 967 3515 οὶ
1020 3454 1401 3538 «Κυρηναῖοι
1463 3447 1573 3515 ἐπὶ
1629 3451 1753 3536 γῆς
1814 3438 2196 3533 ἀναδασμῷ
2283 3442 2510 3533 ἔχρησε
2573 3446 2646 3511 δὲ

405 3538 536 3616 ὦδε
582 3548 853 3637 ἔχοντα·
883 3547 994 3631 Ὃς
1039 3558 1183 3619 κτλ.

576 3660 734 3722 adde
778 3663 941 3723 anth.
984 3663 1111 3722 Pal.
1139 3662 1277 3723 XIV
1309 3658 1408 3721 85.
1494 3679 1550 3721 v,
1580 3656 1646 3720 2:
1693 3676 1860 3739 φημι
1904 3660 2067 3719 anth.
2113 3658 2239 3718 Pal.

538 3755 688 3836 '82)
734 3764 931 3827 schol.
984 3765 1156 3825 Pina
1209 3765 1387 3842 Pyth.
1426 3764 1512 3824 lv
1560 3761 1669 3823 10:
1716 3746 2145 3841 ἀποδημήσας
2195 3754 2287 3832 εἰς
2349 3748 2647 3834 Δελφοὺς

407 3854 666 3939 Βάττος
720 3853 947 3949 ήροότα
1008 3862 1164 3947 περὶ
1223 3862 1343 3946 τῆς
1406 3855 1701 3936 στάσεως
1766 3853 2061 3943 πότὲρον
2135 3856 2646 3942 διαγωνίσονται

407 3964 560 4049 περὶ
622 3964 738 4050 τῆς
803 3964 870 4043 ἐς
933 3956 1058 4050 τὴν
1129 3963 1421 4049 πατρίδα
1491 3961 2008 4047 ἐπαναστροφῆς
2068 3952 2111 4045 ἢ
2175 3956 2462 4045 ἑτέρωσέ
2527 3981 2646 4024 ποι

409 4055 732 4133 ἀποικίαν
777 4068 1187 4134 στείλωνται.
1234 4061 1359 4131 τὸν
1405 4064 1476 4131 δὲ
1519 4056 1690 4130 θεὸν
1730 4064 1970 4149 χρῆσαι
1993 4083 2006 4095 ·
2052 4057 2276 4128 Βάττε
2317 4065 2459 4127 κτλ.

580 4176 654 4237 ef.
695 4177 895 4238 Tm
937 4177 1013 4237 ad
1060 4178 1207 4254 Lyo.
1238 4170 1379 4235 886.
1466 4175 1648 4268 Mun·
1680 4174 1814 4235 hist.
1857 4171 1929 4233 fr.
1961 4172 2042 4232 Ν
2085 4190 2142 4249 p.
2174 4167 2316 4231 449.

580 4299 680 4341 vv.
726 4277 763 4338 3
811 4285 872 4341 et
916 4278 954 4336 4
1003 4280 1272 4357 corrupti
1319 4285 1476 4339 sunt.
1562 4278 1830 4338 Priorem
1892 4295 1965 4336 ex
2026 4275 2377 4336 coniectura
2431 4275 2648 4350 Heynii
