3166 4871
2491 299 2565 359 41

1401 466 1500 528 44.

502 553 714 682 [Ᾰίζῃ]
759 609 884 662 ποῖ
925 619 1007 663 τυ
1052 593 1283 677 λαβών
1328 589 1524 679 [ἄξω]
1570 599 1682 662 καὶ
1732 611 1858 664 ποῖ
1898 622 1983 663 τυ
2027 599 2310 681 καθίξω.

498 799 700 882 [ἔνθα
742 826 825 867 τυ
868 797 1024 882 τάν]
1071 801 1334 888 οἴκησιν
1379 800 1553 886 ἔχειν
1601 797 1754 887 ἁλιῆ
1803 826 1869 868 τε
1917 788 2305 889 κεκλῆσθαι.

1398 1064 1498 1126 45.

483 1187 743 1275 Ὄλβιος
786 1185 993 1272 οὗτος
1037 1185 1205 1282 άνὴρ
1252 1190 1327 1273 ὃς
1372 1192 1534 1281 ἐμόν
1581 1192 1792 1281 δόμον
1840 1187 2301 1282 άμφιπολεύει,

483 1291 785 1374 ςΗσίοδος
828 1294 1137 1381 Μούσῃσι
1183 1299 1523 1382 τετιμένος
1569 1290 1984 1382 ἀθανάτῃσι·

493 1402 616 1466 τοῦ
662 1390 720 1465 δ’
766 1396 917 1486 ἤτοι
961 1401 1155 1478 κλέος
1200 1399 1384 1467 ἔσται
1429 1393 1598 1467 ὅσον
1643 1392 1701 1466 τ’
1746 1401 2164 1469 ἐπικίδναται
2208 1394 2381 1488 ἠώς·

500 1494 665 1569 α’λλὰ
712 1499 863 1581 Διὸς
906 1500 1258 1587 πεφύλαξο
1305 1505 1596 1589 Νεμείου
1641 1501 1974 1590 κάλλιμον
2020 1499 2262 1583 ἄλσος·

493 1611 674 1672 κεῖθι
720 1606 796 1671 δέ
836 1630 942 1671 τοι
986 1603 1322 1672 θανάτοιο
1365 1607 1561 1684 τέλος
1605 1609 2057 1695 πεπρωμένον
2102 1607 2304 1674 ἐστίν.

493 1883 599 1961 44)
657 1886 862 1964 Steph.
920 1888 1069 1963 Byz.
1124 1874 1350 1958 Ἁλιεῖς
1408 1877 1609 1959 πόλις
1672 1872 2062 1967 Ἀργολικῆς.
2154 1874 2438 1968 Ἔφορος
2498 1883 2568 1948 δὲ

319 1979 394 2046 ἐν
447 1985 545 2067 τῷ
601 1979 777 2067 ἕκτῳ
835 1972 942 2047 ὅτι
1011 1978 1362 2067 Τιρύνθιοὶ
1425 1982 1595 2049 εἰσιν
1659 1973 1852 2050 οὗτοι
1911 1984 2025 2048 καὶ
2087 1981 2569 2066 ἐξαναστάντες

321 2080 769 2163 ἐβουλεύοντο
837 2084 1050 2151 οἰκεῖν
1122 2109 1277 2151 τινα
1350 2081 1569 2151 τόπον
1640 2087 1750 2152 καὶ
1827 2077 2110 2173 ἠρώτων
2184 2083 2309 2152 τὸν
2382 2083 2567 2154 θεόν.

321 2182 549 2273 ἔχρησε
598 2187 669 2252 δὲ
716 2179 971 2264 οὕτως·
1029 2199 1157 2254 ποῖ
1212 2212 1298 2253 τυ
1340 2193 1484 2255 κτλ.
1578 2195 1777 2256 Verba
1822 2214 1977 2273 quae
2022 2196 2173 2256 umis
2220 2196 2567 2256 inclusimus

319 2313 356 2355 a
399 2296 697 2357 Meinekio
742 2299 1100 2376 Interposita
1142 2303 1300 2359 sunt-

491 2414 597 2490 45)
644 2416 959 2480 Certamen
990 2419 1236 2479 Homeri
1275 2423 1335 2480 et
1365 2418 1613 2480 Hesiodi
1654 2439 1712 2496 p.
1751 2415 1823 2476 17
1872 2416 2276 2493 (Nietzsche):
2325 2415 2452 2479 τοῦ
2496 2411 2568 2478 δὲ

321 2504 581 2598 ἀγῶνος
654 2514 1097 2593 διαλυθέντος
1169 2515 1558 2581 διέπλευσεν
1634 2504 1672 2580 ὃ
1738 2509 2041 2592 Ἡσίοδος
2114 2513 2204 2592 εἰς
2271 2506 2568 2596 Δελφοὺς

315 2612 725 2702 χρησόμενος
789 2617 899 2682 καὶ
965 2619 1086 2703 τῆς
1156 2619 1343 2705 νίκης
1419 2608 1718 2703 ἀπαρχὰς
1790 2622 1891 2702 τῷ
1965 2621 2108 2703 θεῷ
2180 2608 2564 2703 ἀναθήσων.

322 2720 875 2806 Προσερχομένου
976 2722 1045 2786 ‹st
1144 2713 1362 2786 αι’τοῦ
1460 2722 1559 2806 τῷ
1633 2721 1773 2805 ναῷ
1876 2717 2121 2787 ἔνθεον
2203 2720 2569 2806 γενομένην

321 2816 447 2905 τὴν
527 2823 870 2909 προφῆτίν
957 2843 1165 2906 φασιν
1237 2822 1484 2889 εἰπεῖν·
1550 2818 1808 2903 Ὄλβιος
1878 2828 2023 2887 κτλ.
2101 2829 2178 2888 cf.
2243 2829 2572 2889 Nietzsohii

324 2929 596 2991 adnotat.

500 3050 562 3111 1:
608 3041 770 3130 ἐμὸν
816 3042 1027 3129 δόμον
1073 3037 1548 3130 άμφιπολεύει.·
1594 3051 1800 3130 hymn.
1829 3051 2024 3111 XXIV
2061 3050 2113 3129 1,
2142 3047 2217 3107 2:
2329 3065 2356 3076 ²

570 3155 763 3250 Ἱστίη
807 3159 849 3254 ἣ
891 3189 964 3230 τε
1010 3158 1304 3242 ἄνακτος
1348 3156 1771 3242 ,Ἀπόλλωνος
1816 3160 2087 3229 ἑκάτοιο

590 3271 829 3334 Πυθοῖ
866 3267 942 3333 ἐν
984 3258 1239 3354 ἠγαθέῃ
1283 3263 1466 3353 ἱερὸν
1512 3263 1724 3350 δόμοι·
1772 3258 2281 3350 άμφιπολεύει]

489 3390 561 3453 2:
605 3383 913 3472 Μούσῃσι
944 3388 1326 3473 τετιμένος.·
1356 3393 1468 3456 od.
1497 3394 1642 3453 XIII
1677 3388 1826 3451 128:
1873 3391 2091 3451 λαοῖσι
2123 3383 2477 3471 τετιμένος.
2513 3385 2535 3470 ΙΙ

319 3492 389 3554 3:
432 3497 499 3556 Il.
531 3498 641 3557 VII
675 3494 835 3556 458:

392 3599 403 3606 ’
448 3601 570 3675 σόν
616 3602 675 3676 ‹5’
719 3603 761 3697 ἦ
804 3633 908 3677 τοι
955 3610 1152 3689 κλέος
1198 3608 1379 3676 ἔσται
1427 3602 1592 3676 ὅσον
1636 3599 1694 3674 τ’
1738 3607 2158 3675 ἐπικίδναται
2200 3600 2354 3694 ἠώς.
2391 3608 2413 3693 ΙΙ

493 3735 563 3795 5:
612 3727 942 3797 θανάτοιο
986 3732 1178 3809 τέλος
1221 3730 1674 3816 πεπρωμένον
1718 3727 1933 3795 ἐστιν·
1990 3736 2060 3796 11.
2091 3736 2176 3816 III
2210 3731 2364 3792 309:
2407 3724 2566 3805 Ζεὺς

317 3827 456 3898 οἱδε
506 3821 876 3919 ὁπποτέρῳ
921 3829 1255 3899 θανάτοιο
1301 3833 1492 3911 τέλος
1535 3832 1987 3916 πεπρωμένον
2029 3831 2279 3916 {athan
2329 3887 2338 3890 -

491 3960 564 4021 of.
608 3961 800 4021 Thno.
847 3961 932 4020 111
977 3956 1089 4019 96:
1153 3945 1589 4037 αὐλισάμενος
1654 3953 1724 4018 δὲ
1769 4003 1782 4016 .
1832 4003 1846 4017 .
1902 3950 1976 4016 ἐν
2039 3954 2162 4017 τοῦ
2223 3946 2375 4027 Διὸς
2437 3951 2565 4016 τοῦ

321 4057 611 4140 Νεμείου
654 4058 752 4141 τῷ
797 4054 956 4142 ἱερῷ
1003 4054 1075 4122 ἐν
1121 4046 1177 4142 ᾧ
1210 4049 1510 4134 Ἡσίοδος
1553 4050 1591 4120 ὁ
1636 4052 1921 4142 ποιητὴς
1963 4055 2219 4139 λέγεται
2259 4042 2395 4118 ὑπὸ
2424 4055 2566 4118 τῶν

317 4155 526 4242 ταύτῃ
571 4150 973 4238 άποθανεῖν,
1016 4160 1314 4246 χρησθὲν
1357 4150 1543 4244 αύτῷ
1587 4157 1662 4224 ἐν
1704 4157 1927 4246 Νεμέᾳ
1965 4158 2173 4223 τοῦτο
2215 4160 2467 4221 παθεῖν
2497 4206 2511 4219 .
2547 4205 2563 4221 .
2681 4189 2686 4198 ·

320 4258 683 4348 ἐπορεύετο
730 4314 744 4327 .
793 4315 806 4327 .
854 4314 868 4327 .

2085 4381 2146 4432 3·
