3166 4871
2535 308 2658 369 407

415 483 588 543 etiam
632 480 966 542 hominibus
998 480 1245 557 plebejis
1276 480 1616 556 optimeque
1650 480 1869 538 meritis
1901 479 2159 540 honoros
2191 488 2503 558 equestres
2534 481 2656 542 dati

417 585 549 644 sint.
597 581 887 644 Omnibus
910 589 1106 642 autem
1132 581 1220 659 iis,
1251 600 1405 659 quae
1421 581 1843 641 Wilmannsius
1866 580 1940 641 de
1965 582 2404 659 praefectorum
2432 587 2661 644 castro-

418 705 548 747 rum
595 704 701 763 spe
748 689 809 746 et
852 685 1012 745 curis
1056 684 1462 744 castrensibus
1493 684 1755 760 exponit,
1802 685 2127 744 certissime
2168 684 2539 762 comprobari
2573 687 2662 745 vi·

420 788 628 859 detur,
687 787 1026 864 praefectos
1086 792 1417 847 castrorum
1480 792 1546 846 ut
1602 787 2001 864 primipilares
2061 805 2349 847 summum
2406 789 2660 866 gradum

419 890 648 950 ordinis
693 889 908 968 plebeji
957 909 1072 950 non
1122 889 1469 949 excessisse.

592 1010 716 1072 Sub
761 1009 935 1070 finem
985 1010 1209 1070 saeculi
1256 1009 1504 1070 secundi
1553 1028 1686 1069 cum
1735 1009 2172 1086 praefectorum
2221 1012 2547 1071 auctoritas
2591 1030 2664 1071 ac

423 1119 690 1190 potestas
751 1119 1108 1190 augeretur,
1181 1114 1261 1172 ita
1320 1117 1387 1172 ut
1445 1131 1519 1171 ex
1581 1112 1963 1172 curatoribus
2022 1119 2350 1173 castrorum
2413 1115 2664 1191 legionis

424 1215 709 1293 praefecti
756 1213 995 1289 fierent,
1054 1214 1229 1273 etiam
1275 1231 1442 1292 spem
1491 1214 1945 1290 primipilarium
1996 1234 2356 1292 magnopere
2404 1218 2664 1276 crevisse

426 1317 755 1393 putandum
802 1321 926 1391 est;
973 1335 1106 1375 nam
1147 1314 1234 1375 illi
1277 1334 1516 1392 quoque
1564 1334 1638 1375 ex
1687 1317 2146 1392 primipilarium
2182 1335 2430 1378 numcro
2464 1318 2666 1379 videu-

422 1424 520 1479 tur
565 1419 813 1497 profecti
859 1414 1095 1494 esse.³⁰)
2084 1405 2093 1414 ⁶

596 1521 807 1582 Similis
871 1526 1054 1598 atque
1121 1521 1297 1580 ctiam
1366 1520 1555 1598 major
1621 1521 1812 1580 bonor
1882 1519 2068 1580 fuisso
2136 1521 2372 1581 videtur
2450 1522 2667 1582 ducis

428 1624 776 1699 legionis3
839 1621 1023 1682 duces
1067 1652 1152 1662 —
1195 1622 1447 1697 legionis
1496 1622 1590 1682 vel
1637 1623 1936 1682 exercitus
1982 1653 2064 1662 —
2107 1624 2143 1682 ii
2194 1624 2668 1704 nominabantur,

427 1726 644 1803 quibus
706 1726 898 1801 major
957 1743 1119 1802 cura,
1181 1744 1358 1802 quam
1407 1743 1516 1800 pro
1570 1725 1797 1802 gradus
1845 1725 2132 1801 dignitate
2177 1726 2436 1802 solebat,
2496 1731 2667 1788 extra

427 1827 698 1890 ordinem
744 1829 1057 1888 commissa
1102 1825 1350 1904 erat³¹);
1398 1829 1481 1887 ita
1526 1827 1705 1903 legati
1751 1827 2050 1903 legionum
2099 1829 2458 1888 exercitibus
2497 1848 2668 1907 prae·

427 1929 603 2008 positi
636 1931 730 1988 vel
763 1929 1048 2000 homines,
1095 1930 1197 2007 qui
1230 1950 1262 1988 a
1294 1930 1713 1989 centurionatu
1748 1928 2002 2006 profecti
2037 1929 2324 2006 legionem
2351 1931 2669 2004 ducebant,

435 2031 691 2105 „duces“
746 2032 1225 2092 nominabantur.
1332 2033 1465 2091 Duo
1510 2037 1707 2091 autem
1757 2031 2042 2092 habemus
2088 2033 2365 2108 exempla
2409 2034 2670 2111 primipi-

431 2136 675 2206 larium,
737 2136 837 2212 qui
901 2133 977 2195 ad
1040 2135 1194 2193 hauc
1253 2134 1599 2209 dignitatem
1667 2134 1828 2194 nullo
1891 2135 2005 2195 alio
2066 2154 2312 2195 munere
2355 2137 2668 2214 interjecto

431 2238 684 2315 promoti
730 2243 872 2298 suut
930 2236 1054 2310 (16.
1106 2234 1226 2314 17),
1271 2255 1523 2313 quorum
1586 2235 1845 2314 dignitas
1892 2256 1962 2297 eo
2009 2237 2199 2315 major
2244 2238 2519 2298 habenda
2563 2244 2673 2316 est,

431 2335 561 2399 cum
609 2340 906 2416 legiones,
967 2339 1183 2415 quibus
1229 2345 1587 2416 praeerant,
1644 2338 1918 2417 singulae
1979 2341 2037 2399 in
2099 2340 2424 2417 provinciis
2477 2346 2673 2402 castra

432 2444 740 2521 haberent,
783 2444 865 2502 ita
912 2449 977 2503 ut
1020 2443 1202 2503 duces
1249 2443 1422 2502 simul
1468 2443 1833 2519 provinciam
1880 2447 2177 2520 regerent.

603 2544 824 2606 Omnes
854 2546 989 2606 illae
1023 2564 1203 2605 curae
1234 2563 1419 2622 supra
1449 2551 1832 2605 enumeratae
1863 2542 2121 2621 (1—17)
2154 2548 2423 2624 exceptis
2463 2547 2674 2624 paucis

434 2653 761 2708 castrorum
807 2648 1219 2725 praefecturis,
1262 2647 1336 2707 ab
1381 2648 1526 2723 ipsis
1570 2647 2035 2724 primipilaribus
2067 2649 2231 2708 nullo
2275 2648 2393 2712 alio
2427 2668 2673 2709 munere

431 2751 743 2828 interjecto
799 2750 1246 2811 administratae
1305 2755 1461 2809 sunt.
1551 2749 1742 2823 Quam
1809 2749 1883 2809 ob
1929 2769 2052 2810 rem
2099 2756 2260 2810 recte
2309 2751 2384 2811 de
2431 2753 2674 2829 primi·

434 2852 779 2930 pilarium
845 2853 1002 2912 curis
1061 2852 1554 2912 extraordinariis
1610 2852 1722 2911 dici
1781 2853 1986 2927 potuit.
2075 2852 2289 2913 Omnia
2335 2872 2479 2913 vero
2525 2854 2676 2914 haec

432 2953 630 3014 officia
689 2953 1161 3013 extraordinaria
1221 2953 1360 3013 inde
1421 2954 1494 3012 ab
1551 2953 1640 3028 iis,
1702 2970 1857 3029 quae
1903 2954 2144 3013 Tiberio
2199 2955 2531 3031 imperante
2575 2954 2676 3014 ad-

435 3057 767 3116 ministrata
811 3059 968 3132 suut,
1015 3073 1205 3132 usquc
1249 3055 1322 3114 ad
1373 3054 1662 3132 praefecti
1709 3054 1803 3113 vel
1837 3053 2006 3114 ducis
2039 3054 2291 3132 legionis
2322 3055 2674 3132 dignitatem

436 3159 613 3218 valde
682 3159 935 3218 honesta
1000 3138 1067 3216 ct'
1126 3157 1509 3234 equestribus
1580 3156 1799 3215 militiis
1867 3156 2180 3216 ordinariis
2257 3176 2374 3218 non
2445 3159 2678 3218 minora

434 3266 640 3337 erant3
697 3262 1013 3337 omniaque
1058 3278 1188 3319 cum
1237 3259 1555 3319 ordinariis
1603 3259 1822 3318 militiis
1870 3263 1929 3318 ct
1974 3258 2327 3335 dignitatum
2375 3267 2435 3320 et
2481 3278 2679 3320 mune·

436 3383 563 3422 rum
627 3365 932 3438 acquitate
978 3369 1096 3421 tam
1142 3366 1269 3421 arte
1316 3361 1640 3438 conjuncta
1686 3364 1887 3432 erant,
1953 3365 2016 3420 ut
2075 3363 2204 3420 sine
2264 3361 2447 3421 dubio
2503 3361 2677 3423 facile

435 3466 648 3541 aliquis
721 3484 796 3524 cx
867 3464 1073 3524 alteris
1147 3464 1221 3524 ad
1282 3463 1471 3522 altera
1532 3463 1792 3522 transire
1854 3468 2087 3539 posset3
2179 3467 2502 3540 propterea
2569 3482 2677 3524 cur

436 3569 509 3628 ab
569 3570 671 3639 iis,
759 3585 913 3644 quae
973 3585 1159 3643 supra
1217 3566 1589 3637 enumeravi,
1675 3565 2073 3642 sejunxerim,
2134 3566 2466 3643 apparebit.
2585 3566 2676 3626 De

435 3677 765 3732 castrorum
811 3669 1127 3747 praefectis
1171 3675 1559 3746 posteaquam
1608 3668 1853 3727 multum
1900 3666 2183 3745 dubitavi,
2228 3652 2347 3743 quo
2393 3669 2525 3728 loco
2574 3688 2677 3741 eos

435 3776 775 3849 insererem,
850 3772 1138 3849 singulari
1196 3789 1399 3831 eorum
1461 3776 1630 3830 extra
1677 3788 2048 3830 communem
2096 3789 2335 3830 cursum
2382 3771 2675 3831 bonorum

609 4024 677 4090 ³⁰)
715 4021 897 4075 wilm.
948 4020 981 4075 l.
1030 4036 1075 4073 c.
1124 4019 1392 4073 rationem
1441 4018 1770 4073 artissimam
1818 4017 1968 4072 inter
2015 4035 2067 4086 p.
2116 4034 2168 4086 p.
2206 4017 2258 4070 11
2303 4028 2380 4084 (v.
2416 4016 2587 4087 infra)
2622 4025 2681 4073 et

438 4105 752 4177 praefectos
802 4105 1038 4173 legionis
1083 4111 1232 4159 recte
1270 4105 1537 4159 statuisse
1577 4104 1827 4171 videtur,
1876 4119 2204 4171 quamquam
2244 4109 2309 4155 ut
2343 4103 2491 4156 infra
2528 4104 2681 4158 vide-

440 4192 620 4247 bimus
668 4209 721 4261 p.
758 4208 810 4261 p.
848 4189 902 4245 11
937 4190 1103 4246 etiam
1138 4190 1366 4260 saepius
1402 4189 1668 4243 continuo
1704 4189 1775 4242 ad
1815 4194 2229 4257 procuratur-am
2268 4188 2446 4243 evecti
2486 4194 2636 4243 sunt.

608 4282 678 4343 ³¹)
714 4278 1015 4332 Mommsen
1056 4277 1114 4330 in
1149 4276 1457 4346 appendice
1494 4276 1564 4329 ad
1603 4276 1798 4329 Saulet:
1837 4275 2077 4328 Fili-sten
2118 4289 2229 4327 von
2265 4273 2541 4342 Palmyra.
