3166 4871
530 225 654 288 288

529 399 840 477 glorietur,
884 397 1098 476 quales
1143 416 1277 458 esse
1321 374 1597 491 debeant,
1640 416 1774 458 cum
1820 397 2141 477 Euripides
2171 397 2379 475 quales
2408 398 2528 457 sint
2552 396 2773 474 fingat:
2853 412 2857 416 *

531 500 792 562 dubitari
835 502 1078 578 nequit,
1132 499 1279 585 quin
1324 501 1682 561 Aristoteles
1737 500 1799 560 in
1852 500 1965 560 hac
2008 499 2156 560 artis
2198 505 2371 576 parte
2415 498 2773 576 Sophoclem

529 602 886 682 praetulerit
929 601 1224 679 Euripidi.

698 703 977 765 Postulat
1033 705 1188 764 enim
1250 708 1318 764 ut
1375 721 1770 783 personarum
1830 721 2026 764 mores
2078 703 2221 765 boni
2273 703 2394 765 sint
2417 701 2510 776 ¹⁵).
2595 705 2778 766 Bonis

532 806 798 867 moribus
858 809 1056 867 autem
1102 807 1459 867 Aristoteles
1503 824 1608 867 eos
1655 807 1740 868 uti
1800 806 2008 885 docet,
2064 807 2167 884 qui
2225 807 2286 866 in
2345 807 2658 868 affectibus
2717 812 2779 868 et

530 909 866 969 actionibus
925 927 1000 968 ex
1058 909 1209 969 recti
1264 910 1631 970 conscientia
1689 914 1750 970 et
1805 851 2008 971 studio²
2051 908 2309 969 medium
2354 907 2507 969 illud
2553 914 2778 987 tenent,

531 1030 660 1090 qno
699 1012 888 1073 omnis
936 1011 1128 1072 virtus
1174 1012 1532 1072 continetur.

702 1107 780 1174 Hi
832 1113 1014 1190 igitur
1072 1131 1269 1191 neque
1326 1115 1512 1175 amori
1557 1132 1755 1193 neque
1815 1114 1949 1176 odio
2011 1133 2209 1193 neque
2262 1115 2527 1176 laetitiae
2581 1132 2779 1192 neque

534 1215 730 1278 dolori
774 1216 945 1276 nimis
989 1216 1336 1295 indulgent,
1395 1216 1498 1277 sed
1558 1217 1722 1278 illam
1783 1219 1962 1278 animi
2018 1217 2416 1279 conditIonem
2475 1217 2781 1295 exhibent,

534 1338 715 1397 quam
772 1318 987 1379 Graeci
1048 1307 1497 1399 σωφροσύνην
1556 1319 1915 1397 plerumque
1976 1320 2303 1398 appellant.
2401 1319 2777 1397 Quamquam

533 1421 791 1483 oderunt
832 1421 916 1481 illi
962 1420 1205 1499 quidem
1250 1426 1311 1482 et
1352 1427 1558 1482 amant
1603 1426 1671 1482 et
1707 1421 1977 1499 gaudent
2013 1426 2074 1483 et
2112 1421 2335 1500 dolent,
2378 1427 2543 1483 recte
2580 1426 2779 1482 tamen

534 1530 596 1586 et
647 1541 802 1603 quos
856 1522 1151 1602 quibusve
1208 1522 1366 1585 licet.
1453 1523 1779 1601 Indulgere
1835 1527 2032 1585 autem
2106 1525 2417 1585 affectibus
2473 1525 2782 1587 hominum

534 1632 627 1688 est
668 1626 1182 1703 incontinentium,
1225 1626 1437 1701 quales
1481 1630 1624 1687 sunt
1662 1626 1958 1705 plerique.
2056 1626 2231 1701 Quod
2272 1629 2414 1687 cum=
2446 1626 2786 1705 Euripides,

535 1730 649 1791 etsi
691 1726 868 1788 valde
914 1726 1226 1804 augendo,
1284 1728 1607 1789 artificiose
1651 1733 2169 1807 repraesentaret,
2223 1729 2371 1790 illud
2415 1729 2574 1806 fecit,
2618 1728 2782 1807 quod

533 1830 860 1908 Sophocles
905 1829 1054 1890 dixit
1096 1833 1321 1889 ποιεῖν
1365 1815 1501 1889 οἶοι
1545 1821 1728 1889 εἰσίν.
1819 1832 1970 1891 Nam
2019 1831 2183 1908 quod
2226 1832 2396 1891 auxit
2439 1831 2784 1910 Euripides,

535 1934 585 1994 si
610 1936 913 1993 ‘accurate
946 1933 1341 2010 reputaveris,
1386 1951 1507 1992 non
1550 1932 1628 1991 ad
1674 1950 1888 2010 mores,
1931 1933 2038 1994 sed
2084 1933 2162 1994 ad
2193 1934 2444 1993 affectus
2475 1934 2782 2011 pertinere

535 2036 777 2113 senties,
822 2052 953 2095 cum
1001 2052 1197 2094 mores
1241 2034 1420 2094 iidem
1464 2035 1582 2094 sint
1623 2039 1805 2112 atque
1849 2034 1910 2095 in
1956 2036 2255 2113 plerisque
2301 2035 2655 2113 hominibus,
2697 2037 2784 2096 in·

535 2137 902 2215 dulgentiam
962 2136 1096 2197 dico
1153 2140 1214 2197 et
1270 2125 1352 2196 τὸ
1397 2131 1519 2216 ζῆν
1576 2122 1750 2196 κατὰ
1805 2126 2050 2209 πάθος.
2141 2139 2410 2199 Moribus
2468 2143 2668 2199 autem
2694 2135 2784 2217 ¹⁸),

534 2258 656 2301 non
703 2239 1021 2301 affectibus
1065 2239 1336 2301 homines
1381 2237 1738 2300 iudicandos
1782 2258 1912 2301 esse
1956 2245 2166 2302 censet
2205 2240 2576 2301 Aristoteles.

706 2343 921 2419 Itaque
966 2359 1087 2419 quo
1134 2360 1413 2419 quaeque
1458 2341 1691 2419 plenior
1731 2341 1914 2402 valde
1969 2342 2406 2403 concitatorum
2460 2343 2781 2403 affectuum

534 2444 848 2521 tragoedia
892 2449 1052 2521 erat,
1098 2463 1168 2505 eo
1215 2446 1411 2505 minus
1456 2445 1617 2505 illam
1663 2445 1957 2506 bonorum
2003 2437 2233 2533 morum
2280 2446 2504 2507 habere
2549 2446 2779 2506 Aristo-

533 2547 710 2608 telem
772 2547 1037 2608 iudicare
1082 2548 1427 2627 oportebat,
1486 2552 1670 2625 atque
1740 2554 1945 2609 notum
2008 2553 2098 2609 est
2129 2567 2357 2610 .mores
2400 2549 2657 2610 Menelai
2718 2548 2781 2608 in

537 2648 749 2712 Oreste
772 2650 1076 2728 Euripidis
1096 2650 1172 2711 ab
1198 2668 1270 2711 eo
1295 2650 1598 2728 expressis
1623 2650 1821 2711 verbis
1844 2650 1934 2712 bis
1953 2652 2308 2731 'vituperat-i,
2353 2651 2415 2714 C.
2444 2652 2570 2712 XV.
2599 2651 2783 2711 XXV.

536 2753 753 2829 Neque
799 2743 1029 2814 ceteras
1073 2752 1251 2813 huius
1294 2752 1534 2814 fabulae
1576 2770 1870 2830 personas
1900 2772 2019 2814 uno
2051 2759 2307 2832 excepto
2337 2754 2566 2832 Pylade
2595 2751 2779 2813 multo

460 2848 473 2856 ’
538 2855 815 2915 meliores
860 2872 992 2916 esse
1037 2853 1150 2933 ipsi
1195 2858 1430 2916 veteres
1485 2854 2057 2916 animadvertebant.
2079 2853 2151 2929 ¹⁷)
2253 2856 2390 2916 Alia
2432 2857 2549 2916 duo
2596 2856 2780 2917 levio-

536 2957 618 3018 ris
671 2956 983 3035 momenti,
1041 2975 1196 3034 quae
1241 2957 1558 3035 Euripides
1614 2955 1870 3034 deliquit
1928 2958 1990 3017 in
2036 2958 2299 3019 moribus
2357 2956 2781 3036 describendis,

537 3060 887 3121 Aristoteles
930 3060 1107 3120 affert
1150 3060 1214 3121 C.
1256 3060 1384 3140 XV,
1432 3061 1648 3138 1454⁸,
1696 3062 1795 3122 30.
1840 3062 1941 3121 32.

535 3338 597 3396 δὲ
650 3335 879 3405 τούτοις
901 3333 1029 3440 νἐὰν
1073 3335 1402 3444 ἐπιτιμᾶται
1449 3331 1540 3395 ότι
1594 3331 1703 3396 οὔκ
1759 3331 1974 3411 ἀληθῆ,
2020 3332 2145 3396 ἀλλ’
2198 3329 2294 3395 οἷα
2347 3343 2458 3404 δεῖ,
2504 3331 2631 3395 οἷον
2681 3338 2780 3397 καὶ

541 3427 851 3495 Σοφοκλτς
897 3418 1008 3496 ἔφη
1055 3418 1233 3492 αυτὸς
1275 3423 1387 3494 μὲν
1433 3418 1593 3491 οἵους
1636 3429 1726 3481 δεῖ
1763 3432 1980 3492 ποιεῖν,
2025 3417 2341 3498 Ευριπίδην
2385 3423 2446 3482 δὲ
2493 3416 2607 3480 οἷοι
2631 3422 2779 3491 ·,εἰσί

535 3505 714 3580 ταύτῃ
750 3505 971 3566 λυτέον.

710 3598 795 3662 ¹⁸)
808 3596 852 3651 C
903 3595 1027 3652 XV.
1063 3593 1199 3667 περὶ
1233 3594 1295 3654 δὲ
1332 3590 1405 3651 τὰ
1439 3589 1556 3667 ἤθη
1593 3591 1846 3670 τέτταρά
1897 3591 2054 3654 ἐστιν
2099 3585 2182 3652 ὧν
2228 3601 2319 3652 δεῖ
2364 3592 2778 3666 στοχάζεσθαι,

533 3673 600 3737 ἓν
632 3677 743 3748 μὲν
776 3678 878 3737 καὶ
912 3685 1147 3752 πρῶτον
1183 3673 1345 3748 ὅπως
1371 3677 1598 3755 χρηστὰ
1635 3672 1686 3752 ᾗ.

710 3769 775 3833 ¹⁸)
810 3765 939 3821 Eth.
977 3768 1095 3823 Nic.
1132 3767 1214 3836 11,
1250 3772 1298 3821 4.
1341 3770 1520 3837 110512,
1556 3773 1621 3824 30
1660 3787 1731 3824 ου
1766 3762 2070 3838 λεγόμεθα
2110 3763 2263 3822 κατὰ
2299 3762 2370 3822 τὰ
2405 3760 2567 3836 πάθη
2605 3784 2782 3821 σπου-

534 3855 681 3907 δαῖοι
718 3845 751 3922 ἢ
787 3854 1016 3921 φαῦλοι.
1086 3853 1241 3908 Poe't.
1281 3852 1377 3908 VI.
1420 3858 1602 3918 ¹450⁸‚
1647 3859 1696 3908 6.
1742 3848 1816 3908 τὰ
1850 3850 1911 3910 δὲ
1952 3847 2066 3924 ἢθη
2104 3847 2294 3920 (ἐστί),
2330 3843 2472 3907 καθ’
2508 3846 2546 3907 ἃ
2580 3845 2783 3916 ποιούς

534 3955 693 4003 τινας
728 3928 880 3992 εἶναί
912 3955 1106 4006 φαμεν
1143 3933 1279 4003 τοὺς
1312 3934 1692 4010 πράττοντας.

711 4025 777 4091 ¹⁷)
810 4021 881 4078 cf.
909 4014 1222 4088 Ὑπόθεσις
1255 4018 1331 4077 A.
1375 4024 1527 4093 apud
1563 4023 1762 4080 Nauck
1799 4023 1990 4093 Eurip.
2024 4022 2109 4090 11,
2146 4025 2262 4077 244.
2310 4017 2378 4076 τὸ
2427 4025 2618 4093 δρᾶμα
2663 4026 2780 4076 τῶν

536 4102 631 4164 ἐπὶ
654 4112 867 4178 σκηνῆς
889 4099 1367 4175 εὐδοκιμούντων,
1399 4106 1699 4180 χείριστον
1731 4105 1793 4166 δὲ
1819 4115 1939 4174 τοῖς
1962 4101 2159 4179 ἤθεσι·
2195 4101 2345 4176 πλὴν
2374 4102 2488 4178 γὰρ
2513 4102 2779 4182 Πυλάδου

532 4189 743 4258 πάντες
777 4190 994 4264 φαῦλοί
1027 4188 1187 4248 εἰσιν.
