3166 4871
1008 286 1096 343 De
1128 287 1337 342 nomin.
1368 287 1431 342 in
1465 305 1630 353 -αιος,
1701 291 1735 354 s
1772 292 1858 342 57.
2473 295 2592 356 155

350 466 702 529 Derivstum
748 470 842 527 est
881 484 921 525 a
963 455 1302 546 πορφύρα,
1345 484 1632 545 purpura,
1676 485 1795 545 quo
1843 468 1932 528 usi
1981 469 2121 528 sunt
2165 467 2344 546 Soph.
2377 466 2593 528 Aesch.

348 571 500 631 Pht.
541 568 730 631 Arist.
771 570 847 628 al.
891 568 967 630 cf.
1011 587 1201 649 supra
1241 588 1300 647 p.
1329 567 1429 630 55.

517 675 913 743 ποσταῖος
955 675 1144 750 quoto
1186 671 1285 733 die
1327 672 1478 733 Xen.

516 778 1005 854 προτεραῑος
1049 773 1144 835 die
1189 774 1504 853 superiore
1534 773 1677 836 Hdt.
1717 777 1822 835 stt.
1852 791 1974 852 pr.;
2016 774 2373 852 praesertim
2402 773 2595 836 forms

347 876 636 940 feminina
676 870 1051 957 προτεραία
1092 902 1176 924 =
1218 869 1541 956 προτέρα,
1587 877 1715 938 dies
1760 877 2033 955 superior
2075 877 2223 956 ipse.

517 985 975 1059 πρυμναῑος
1018 981 1131 1058 Ap.
1175 981 1286 1041 Rh.
1330 981 1533 1042 Noun.
1577 977 1734 1058 Opp.

516 1086 860 1161 πυγαῑος
901 1082 1046 1143 Hdt.
1088 1083 1272 1144 Arist.
1315 1114 1400 1125 —-
1444 1087 1794 1161 πυγαῑον
1836 1107 1921 1130 --
1962 1072 2144 1162 πυγή
2189 1082 2337 1144 Poll.

518 1192 911 1264 πυγμαῑος
953 1186 1271 1264 pugillaris
1316 1185 1600 1246 Philostr.
1644 1187 1775 1247 EM.
1820 1185 2021 1246 Schol.
2062 1216 2149 1228 —-
2193 1182 2592 1264 Πυγμαῖοι

347 1289 612 1368 populus
645 1288 773 1367 jam
820 1307 915 1366 sp.
961 1289 1303 1350 Homerum.

515 1385 873 1450 πυκναία
914 1392 1023 1452 Ion
1075 1391 1315 1453 videtur
1368 1392 1587 1453 dixisse
1642 1409 1754 1469 pro
1812 1380 2019 1467 πνύξε
2076 1391 2149 1452 cf.
2202 1391 2348 1452 Lob.
2402 1391 2590 1469 paral.

347 1513 406 1572 p.
436 1491 562 1553 319
605 1512 731 1572 sq„
784 1493 948 1573 quod
1007 1513 1128 1557 non
1173 1514 1249 1556 ex
1293 1496 1478 1572 stirpe
1521 1510 1707 1554 πυκν
1749 1495 1883 1573 ipsa
1925 1498 2016 1554 est
2059 1494 2426 1569 derivatum,
2482 1493 2590 1555 sed

345 1617 384 1660 a
423 1585 687 1676 πύκνη,
745 1615 925 1675 quam
968 1596 1214 1658 formam
1261 1598 1537 1658 usitatum
1593 1596 1782 1658 fuisse
1836 1600 2132 1672 testantur
2175 1596 2305 1657 EM.
2335 1592 2449 1675 69,
2507 1591 2587 1653 35

346 1684 482 1760 ἀπὸ
525 1695 674 1759 τῶν
717 1692 811 1770 εἰς
854 1717 938 1780 κη
983 1695 1316 1780 θήλυκῶν
1360 1689 1533 1759 κατὰ
1575 1684 1928 1780 ἀφαίρεσιν
1969 1695 2097 1759 τοῦ
2137 1718 2178 1780 η
2221 1693 2334 1759 καὶ
2371 1694 2591 1778 τροπῇ

344 1799 472 1862 τοῦ
531 1795 1019 1882 προκειμένου,
1085 1820 1126 1861 κ
1189 1795 1282 1874 εἰς
1345 1803 1383 1878 g
1438 1797 1729 1880 γίνεται,
1797 1790 1889 1874 ὥς
1964 1796 2248 1882 Φοινίκη
2330 1798 2623 1878 Φοῖνιξ,1

348 1899 567 1985 Φρίκη
609 1898 797 1983 Φρὶξ,
841 1894 1052 1986 κρόκη
1095 1894 1281 1985 κρόξ,
1324 1894 1555 1984 πυκνή
1600 1894 1811 1982 πνύξ,
1852 1894 1933 1965 τὸ
1979 1897 2054 1964 ἐν
2090 1890 2395 1985 Ἀθήναις
2436 1901 2589 1978 βου-

343 1996 717 2088 λετηήριον.
807 2001 939 2067 Καὶ
980 1992 1197 2079 οὕτως
1241 1992 1412 2088 ἀλκή
1459 1994 1598 2083 ἄλξ.
1666 1997 2027 2079 Μεθόδιος.
2118 2008 2398 2069 Similiter
2449 1993 2587 2067 Phi-

345 2113 499 2174 lemo
558 2113 596 2185 ξ
637 2108 737 2172 27.
845 2110 1123 2172 Photius:
1190 2099 1430 2190 Πύκνη
1493 2097 1535 2190 ὴ
1598 2107 1743 2171 τῶν
1793 2094 2172 2190 Ἀθηναίων
2231 2101 2585 2189 ἐκκλησία·

343 2209 722 2297 Κλείδημος
765 2208 841 2274 δέ
881 2224 1042 2293 φησι
1085 2202 1361 2273 πύκναν
1406 2203 1514 2273 διὰ
1556 2203 1636 2273 τὰ
1680 2203 1809 2295 τὴν
1854 2206 2247 2293 συνοίκησιν
2288 2227 2584 2271 πυκνου-

341 2312 554 2398 μένην
614 2305 801 2378 εἶναι.
909 2315 1090 2393 Apud
1147 2315 1508 2377 Aeschinem
1572 2314 1688 2395 34,
1736 2311 1858 2374 428
1919 2303 2144 2393 πύκνῃ
2204 2334 2316 2393 pro
2375 2309 2588 2374 πυκνί

341 2420 524 2482 tradit
567 2418 701 2482 cod.
747 2418 1056 2498 antiquiss
1099 2418 1278 2481 Coisl.
1307 2418 1374 2481 F.

510 2521 870 2593 πυλαῑος.
963 2524 1056 2583 De
1115 2525 1371 2583 accentu
1429 2523 1589 2583 inter
1643 2540 1710 2583 se
1769 2522 2133 2584 dissentiunt
2196 2523 2587 2602 grammatici,

341 2626 418 2687 cf.
445 2627 564 2687 EM
595 2621 739 2704 696,
770 2621 870 2703 50,
898 2624 1045 2686 Lob.
1073 2625 1258 2703 paral.
1290 2620 1431 2685 342.
1517 2625 1892 2687 Vocabulum
1914 2627 2041 2705 jam
2073 2625 2236 2704 apud
2260 2626 2584 2687 Homerum

339 2729 643 2807 reperitur
700 2727 770 2788 11.
798 2724 861 2786 Β
890 2722 1041 2805 842,
1093 2727 1202 2787 sed
1257 2726 1373 2788 hoc
1428 2729 1561 2789 loco
1623 2732 1712 2789 est
1770 2747 1989 2790 nomen
2044 2728 2351 2807 proprium
2412 2728 2584 2789 ducis

340 2821 656 2893 cuiusdam
700 2830 967 2908 Trojani.
1053 2831 1334 2891 Mercurii
1379 2849 1711 2909 cognomen
1755 2830 1941 2892 fnisse
1983 2830 2235 2892 tradunt
2277 2832 2463 2893 schol.
2506 2831 2582 2892 ad

337 2933 395 2994 h.
436 2935 476 2995 L
563 2933 840 3010 Denique
900 2931 1177 2993 ethnicon
1238 2937 1356 3012 est,
1413 2933 1750 2994 derivatum
1812 2952 1849 2993 a
1906 2922 2167 3007 Πύλος,
2237 2933 2585 3020 auctoribus

337 3036 422 3098 St.
461 3037 610 3114 Byz.
655 3038 717 3097 et
759 3034 923 3097 Suid.
951 3065 1038 3076 -
1065 3035 1257 3096 Multo
1301 3035 1677 3113 frequentius
1720 3040 1813 3097 est
1852 3036 2199 3097 femininum
2243 3029 2584 3112 Πυλαία,

337 3158 557 3201 nomen
602 3136 839 3218 oppidi,
882 3155 1213 3215 cognomen
1259 3138 1495 3201 Cereris
1538 3136 1713 3212 (Gau.
1758 3139 1868 3215 Ep.
1899 3134 2035 3213 40),
2091 3138 2342 3199 maxime
2382 3141 2583 3199 autem

336 3228 378 3321 ἡ
438 3234 739 3302 πυλαία
798 3238 907 3314 (sc.
974 3229 1288 3315 σύνοδος)
1358 3241 1655 3319 significat
1725 3240 2216 3318 amphictyonum
2284 3240 2583 3303 Anthelae

336 3344 499 3422 apud
543 3343 728 3422 Pylas
774 3348 1162 3418 conventum,
1206 3343 1350 3405 Hdt.
1382 3340 1418 3400 7
1433 3389 1451 3422 ,
1480 3339 1633 3422 213,
1676 3360 1858 3421 saepe
1903 3347 2288 3404 memoratum
2335 3344 2410 3405 ab
2454 3362 2583 3406 ors-

336 3447 572 3509 toribus
615 3446 845 3524 atticis3
890 3446 1066 3508 etiam
1111 3447 1172 3508 in
1217 3447 1432 3527 titulis,
1476 3446 1641 3509 Curt-
1685 3446 1799 3508 An.
1843 3447 2059 3526 Delph.
2108 3465 2165 3507 u.
2196 3443 2295 3508 40.
2338 3443 2438 3507 43.
2483 3445 2583 3509 45.

338 3550 413 3612 01
450 3544 645 3628 1694,
673 3545 732 3608 2.
773 3580 861 3592 —
903 3550 1221 3624 Diversum
1279 3553 1370 3611 est
1422 3550 1788 3611 abstractum
1832 3543 2166 3625 πυλαία,
2200 3550 2334 3630 jus,
2388 3553 2458 3611 ut
2497 3551 2584 3612 ita

337 3651 562 3732 dicam,
605 3652 1090 3730 amphictyoniae
1105 3697 1122 3731 ,
1181 3651 1453 3714 condicio
1498 3655 1560 3713 et
1594 3653 1742 3731 jura
1784 3670 1991 3714 eorum
2036 3653 2136 3731 qui
2182 3653 2270 3714 illi
2310 3653 2581 3715 societati
2620 3721 2629 3730 .

337 3755 687 3816 intererant.
771 3755 942 3816 Dem.
973 3753 1046 3834 5,
1088 3751 1189 3815 23.
1233 3751 1304 3836 6,
1332 3751 1433 3816 22.
1474 3785 1562 3797 -
1605 3745 1690 3814 τὰ
1732 3744 2025 3815 πύλαια
2079 3774 2255 3818 sacra
2311 3774 2469 3834 quae
2518 3756 2579 3816 in

336 3857 566 3936 pylseis
609 3857 727 3918 illis
767 3856 990 3919 fiebant
1031 3859 1115 3921 st.
1157 3860 1330 3938 Byz„
1373 3859 1549 3921 etism
1597 3847 1901 3918 τοπικόν.
1948 3890 2032 3899 -
2074 3847 2583 3940 προπύλαιος

341 3960 443 4037 qui
496 3962 638 4021 ante
682 3964 918 4038 portam
964 3964 1071 4039 est,
1117 3961 1218 4021 Ar.
1260 3962 1442 4040 Vesp.
1486 3957 1629 4039 875,
1671 3962 1969 4040 Mercurii,
2012 3961 2325 4040 Apollinis,
2367 3961 2583 4021 Miner-

337 4079 448 4123 vae
493 4079 847 4140 cognomen.
934 4062 1022 4126 of.
1048 4081 1234 4142 supra
1261 4083 1320 4143 p.
1353 4060 1433 4120 74
1477 4057 1793 4143 προναία.
1824 4091 1912 4106 ·--
1941 4053 2020 4123 τὸ
2064 4051 2580 4143 προπύλαιον

338 4163 759 4244 propylsenm,
814 4165 1173 4243 plerumque
1216 4166 1432 4244 plurali
1476 4182 1727 4227 numero
1770 4164 2130 4241 adhibitum,
2189 4153 2276 4223 τὰ
2316 4151 2579 4242 προπύ-

342 4265 515 4341 λαια,
558 4267 721 4347 Hdt„
762 4285 923 4345 pros.
965 4271 1088 4347 stt„
1131 4269 1220 4330 tit.
1250 4273 1355 4330 att.
