<?xml version="1.0" encoding="UTF-8"?>
<!DOCTYPE html PUBLIC "-//W3C//DTD XHTML 1.0 Transitional//EN"
    "http://www.w3.org/TR/xhtml1/DTD/xhtml1-transitional.dtd">
<html xmlns="http://www.w3.org/1999/xhtml" xml:lang="en" lang="en">
 <head>
  <title>
</title>
<meta http-equiv="Content-Type" content="text/html;charset=utf-8" />
  <meta name='ocr-system' content='tesseract 3.04.00' />
  <meta name='ocr-capabilities' content='ocr_page ocr_carea ocr_par ocr_line ocrx_word'/>
</head>
<body>
  <div class='ocr_page' id='page_1' title='image "./dissertationesp00hallgoog_0583.png"; bbox 0 0 3166 4871; ppageno 0'>
   <div class='ocr_carea' id='block_1_1' title="bbox 2509 293 2636 355">
    <p class='ocr_par' dir='ltr' id='par_1_1' title="bbox 2509 293 2636 355">
     <span class='ocr_line' id='line_1_1' title="bbox 2509 293 2636 355; baseline 0.008 -1"><span class='ocrx_word' id='word_1_1' title='bbox 2509 293 2636 355; x_wconf 82' lang='lat'><strong>225</strong></span> 
     </span>
    </p>
   </div>
   <div class='ocr_carea' id='block_1_2' title="bbox 386 464 2637 2597">
    <p class='ocr_par' dir='ltr' id='par_1_2' title="bbox 386 464 2637 2597">
     <span class='ocr_line' id='line_1_2' title="bbox 392 464 2634 545; baseline 0.003 -23"><span class='ocrx_word' id='word_1_2' title='bbox 392 465 733 524; x_wconf 84' lang='lat' dir='ltr'><strong>universum</strong></span> <span class='ocrx_word' id='word_1_3' title='bbox 796 464 870 523; x_wconf 87' lang='lat' dir='ltr'><strong>ad</strong></span> <span class='ocrx_word' id='word_1_4' title='bbox 935 483 1056 525; x_wconf 85' lang='lat' dir='ltr'><strong>rem</strong></span> <span class='ocrx_word' id='word_1_5' title='bbox 1115 466 1478 544; x_wconf 81' lang='lat' dir='ltr'><strong>propositam</strong></span> <span class='ocrx_word' id='word_1_6' title='bbox 1546 470 1710 525; x_wconf 89' lang='lat' dir='ltr'><strong>recte</strong></span> <span class='ocrx_word' id='word_1_7' title='bbox 1768 464 2208 543; x_wconf 79' lang='lat' dir='ltr'><strong>dijudicandam</strong></span> <span class='ocrx_word' id='word_1_8' title='bbox 2270 467 2634 545; x_wconf 82' lang='lat' dir='ltr'><strong>sequendam</strong></span> 
     </span>
     <span class='ocr_line' id='line_1_3' title="bbox 390 567 2637 647; baseline 0.002 -22"><span class='ocrx_word' id='word_1_9' title='bbox 390 583 521 626; x_wconf 88' lang='lat' dir='ltr'><strong>esse</strong></span> <span class='ocrx_word' id='word_1_10' title='bbox 565 570 860 644; x_wconf 87' lang='lat' dir='ltr'><strong>putarem,</strong></span> <span class='ocrx_word' id='word_1_11' title='bbox 901 567 1369 644; x_wconf 78' lang='lat' dir='ltr'><strong>intellegeretur,</strong></span> <span class='ocrx_word' id='word_1_12' title='bbox 1427 567 1504 627; x_wconf 88' lang='lat' dir='ltr'><strong>ad</strong></span> <span class='ocrx_word' id='word_1_13' title='bbox 1550 568 1740 646; x_wconf 81' lang='lat' dir='ltr'>ipsam</span> <span class='ocrx_word' id='word_1_14' title='bbox 1806 570 2217 645; x_wconf 89' lang='lat' dir='ltr'><strong>quaestionem</strong></span> <span class='ocrx_word' id='word_1_15' title='bbox 2264 570 2637 647; x_wconf 87' lang='lat' dir='ltr'><strong>progredior.</strong></span> 
     </span>
     <span class='ocr_line' id='line_1_4' title="bbox 391 668 2635 749; baseline 0.002 -22"><span class='ocrx_word' id='word_1_16' title='bbox 391 668 582 742; x_wconf 82' lang='lat' dir='ltr'><strong>Quam</strong></span> <span class='ocrx_word' id='word_1_17' title='bbox 627 668 710 728; x_wconf 87' lang='lat' dir='ltr'><strong>ita</strong></span> <span class='ocrx_word' id='word_1_18' title='bbox 751 668 1060 729; x_wconf 80' lang='lat' dir='ltr'><strong>instituere</strong></span> <span class='ocrx_word' id='word_1_19' title='bbox 1121 670 1181 729; x_wconf 91' lang='lat' dir='ltr'><strong>in</strong></span> <span class='ocrx_word' id='word_1_20' title='bbox 1226 671 1425 730; x_wconf 86' lang='lat' dir='ltr'><strong>animo</strong></span> <span class='ocrx_word' id='word_1_21' title='bbox 1471 675 1592 742; x_wconf 88' lang='lat' dir='ltr'><strong>est,</strong></span> <span class='ocrx_word' id='word_1_22' title='bbox 1655 673 1719 730; x_wconf 91' lang='lat' dir='ltr'><strong>ut</strong></span> <span class='ocrx_word' id='word_1_23' title='bbox 1778 669 1979 748; x_wconf 89' lang='lat' dir='ltr'><strong>priore</strong></span> <span class='ocrx_word' id='word_1_24' title='bbox 2022 675 2224 748; x_wconf 87' lang='lat' dir='ltr'><strong>parte,</strong></span> <span class='ocrx_word' id='word_1_25' title='bbox 2285 675 2345 731; x_wconf 91' lang='lat' dir='ltr'><strong>et</strong></span> <span class='ocrx_word' id='word_1_26' title='bbox 2388 672 2531 749; x_wconf 88' lang='lat' dir='ltr'><strong>quid</strong></span> <span class='ocrx_word' id='word_1_27' title='bbox 2574 673 2635 732; x_wconf 91' lang='lat' dir='ltr'><strong>in</strong></span> 
     </span>
     <span class='ocr_line' id='line_1_5' title="bbox 392 771 2632 852; baseline 0.002 -21"><span class='ocrx_word' id='word_1_28' title='bbox 392 771 731 831; x_wconf 84' lang='lat' dir='ltr'><strong>universum</strong></span> <span class='ocrx_word' id='word_1_29' title='bbox 777 771 850 830; x_wconf 91' lang='lat' dir='ltr'><strong>de</strong></span> <span class='ocrx_word' id='word_1_30' title='bbox 894 772 1137 851; x_wconf 90' lang='lat' dir='ltr'><strong>ingenio</strong></span> <span class='ocrx_word' id='word_1_31' title='bbox 1183 777 1245 831; x_wconf 91' lang='lat' dir='ltr'><strong>et</strong></span> <span class='ocrx_word' id='word_1_32' title='bbox 1289 773 1505 833; x_wconf 89' lang='lat' dir='ltr'><strong>litteris</strong></span> <span class='ocrx_word' id='word_1_33' title='bbox 1550 773 1947 852; x_wconf 85' lang='lat' dir='ltr'><strong>Graecorum,</strong></span> <span class='ocrx_word' id='word_1_34' title='bbox 2011 776 2358 852; x_wconf 88' lang='lat' dir='ltr'><strong>praesertim</strong></span> <span class='ocrx_word' id='word_1_35' title='bbox 2406 776 2454 835; x_wconf 91' lang='lat' dir='ltr'><strong>si</strong></span> <span class='ocrx_word' id='word_1_36' title='bbox 2500 793 2632 835; x_wconf 86' lang='lat' dir='ltr'><strong>cum</strong></span> 
     </span>
     <span class='ocr_line' id='line_1_6' title="bbox 390 874 2633 956; baseline 0.002 -23"><span class='ocrx_word' id='word_1_37' title='bbox 390 874 671 934; x_wconf 88' lang='lat' dir='ltr'><strong>Romanis</strong></span> <span class='ocrx_word' id='word_1_38' title='bbox 715 875 1118 954; x_wconf 89' lang='lat' dir='ltr'><strong>conferantur,</strong></span> <span class='ocrx_word' id='word_1_39' title='bbox 1162 875 1371 936; x_wconf 86' lang='lat' dir='ltr'><strong>Cicero</strong></span> <span class='ocrx_word' id='word_1_40' title='bbox 1416 877 1690 952; x_wconf 80' lang='lat' dir='ltr'><strong>senserit,</strong></span> <span class='ocrx_word' id='word_1_41' title='bbox 1750 892 2047 954; x_wconf 80' lang='lat' dir='ltr'><strong>exponam</strong></span> <span class='ocrx_word' id='word_1_42' title='bbox 2096 881 2155 937; x_wconf 89' lang='lat' dir='ltr'><strong>et</strong></span> <span class='ocrx_word' id='word_1_43' title='bbox 2216 878 2347 956; x_wconf 91' lang='lat' dir='ltr'><strong>ejus</strong></span> <span class='ocrx_word' id='word_1_44' title='bbox 2394 876 2470 939; x_wconf 92' lang='lat' dir='ltr'><strong>de</strong></span> <span class='ocrx_word' id='word_1_45' title='bbox 2516 879 2633 938; x_wconf 90' lang='lat' dir='ltr'><strong>sin·</strong></span> 
     </span>
     <span class='ocr_line' id='line_1_7' title="bbox 388 976 2633 1056; baseline 0.002 -21"><span class='ocrx_word' id='word_1_46' title='bbox 388 977 549 1055; x_wconf 85' lang='lat' dir='ltr'><strong>gulis</strong></span> <span class='ocrx_word' id='word_1_47' title='bbox 591 976 921 1037; x_wconf 89' lang='lat' dir='ltr'><strong>litterarum</strong></span> <span class='ocrx_word' id='word_1_48' title='bbox 953 977 1276 1054; x_wconf 87' lang='lat' dir='ltr'><strong>generibus</strong></span> <span class='ocrx_word' id='word_1_49' title='bbox 1321 982 1563 1054; x_wconf 87' lang='lat' dir='ltr'><strong>praeter</strong></span> <span class='ocrx_word' id='word_1_50' title='bbox 1596 979 1818 1056; x_wconf 90' lang='lat' dir='ltr'><strong>poesim</strong></span> <span class='ocrx_word' id='word_1_51' title='bbox 1856 978 2149 1056; x_wconf 87' lang='lat' dir='ltr'><strong>judicium</strong></span> <span class='ocrx_word' id='word_1_52' title='bbox 2198 980 2411 1041; x_wconf 84' lang='lat' dir='ltr'><strong>leviter</strong></span> <span class='ocrx_word' id='word_1_53' title='bbox 2454 981 2633 1041; x_wconf 78' lang='lat' dir='ltr'><strong>attin·</strong></span> 
     </span>
     <span class='ocr_line' id='line_1_8' title="bbox 389 1079 2633 1160; baseline 0.003 -24"><span class='ocrx_word' id='word_1_54' title='bbox 389 1097 552 1156; x_wconf 87' lang='lat' dir='ltr'><strong>gam,</strong></span> <span class='ocrx_word' id='word_1_55' title='bbox 613 1080 971 1157; x_wconf 88' lang='lat' dir='ltr'><strong>posteriore,</strong></span> <span class='ocrx_word' id='word_1_56' title='bbox 1033 1079 1175 1157; x_wconf 91' lang='lat' dir='ltr'><strong>quid</strong></span> <span class='ocrx_word' id='word_1_57' title='bbox 1224 1080 1299 1140; x_wconf 90' lang='lat' dir='ltr'><strong>de</strong></span> <span class='ocrx_word' id='word_1_58' title='bbox 1359 1081 1556 1157; x_wconf 89' lang='lat' dir='ltr'><strong>poetis</strong></span> <span class='ocrx_word' id='word_1_59' title='bbox 1609 1080 1851 1140; x_wconf 87' lang='lat' dir='ltr'><strong>Graecis</strong></span> <span class='ocrx_word' id='word_1_60' title='bbox 1901 1079 2299 1160; x_wconf 85' lang='lat' dir='ltr'><strong>judicaverit,</strong></span> <span class='ocrx_word' id='word_1_61' title='bbox 2360 1082 2633 1143; x_wconf 89' lang='lat' dir='ltr'><strong>omnibus</strong></span> 
     </span>
     <span class='ocr_line' id='line_1_9' title="bbox 390 1181 2395 1260; baseline 0.002 -20"><span class='ocrx_word' id='word_1_62' title='bbox 390 1182 553 1259; x_wconf 92' lang='lat' dir='ltr'><strong>locis,</strong></span> <span class='ocrx_word' id='word_1_63' title='bbox 599 1199 749 1258; x_wconf 89' lang='lat' dir='ltr'><strong>qnos</strong></span> <span class='ocrx_word' id='word_1_64' title='bbox 794 1181 870 1241; x_wconf 87' lang='lat' dir='ltr'><strong>ad</strong></span> <span class='ocrx_word' id='word_1_65' title='bbox 917 1181 1072 1241; x_wconf 88' lang='lat' dir='ltr'><strong>hane</strong></span> <span class='ocrx_word' id='word_1_66' title='bbox 1119 1199 1242 1242; x_wconf 91' lang='lat' dir='ltr'><strong>rem</strong></span> <span class='ocrx_word' id='word_1_67' title='bbox 1290 1182 1592 1258; x_wconf 88' lang='lat' dir='ltr'><strong>pertinere</strong></span> <span class='ocrx_word' id='word_1_68' title='bbox 1639 1187 1804 1260; x_wconf 91' lang='lat' dir='ltr'><strong>puto,</strong></span> <span class='ocrx_word' id='word_1_69' title='bbox 1850 1183 2044 1243; x_wconf 87' lang='lat' dir='ltr'><strong>allatis</strong></span> <span class='ocrx_word' id='word_1_70' title='bbox 2088 1183 2395 1245; x_wconf 82' lang='lat' dir='ltr'><strong>illustrem.</strong></span> 
     </span>
     <span class='ocr_line' id='line_1_10' title="bbox 559 1283 2631 1364; baseline 0.002 -22"><span class='ocrx_word' id='word_1_71' title='bbox 559 1284 820 1344; x_wconf 88' lang='lat' dir='ltr'><strong>Primum</strong></span> <span class='ocrx_word' id='word_1_72' title='bbox 866 1284 1049 1362; x_wconf 89' lang='lat' dir='ltr'><strong>igitur</strong></span> <span class='ocrx_word' id='word_1_73' title='bbox 1082 1285 1493 1362; x_wconf 88' lang='lat' dir='ltr'><strong>quaerendum</strong></span> <span class='ocrx_word' id='word_1_74' title='bbox 1541 1289 1648 1356; x_wconf 85' lang='lat' dir='ltr'><strong>est,</strong></span> <span class='ocrx_word' id='word_1_75' title='bbox 1696 1285 1838 1362; x_wconf 88' lang='lat' dir='ltr'><strong>quid</strong></span> <span class='ocrx_word' id='word_1_76' title='bbox 1871 1283 1945 1345; x_wconf 93' lang='lat' dir='ltr'><strong>de</strong></span> <span class='ocrx_word' id='word_1_77' title='bbox 1990 1286 2232 1364; x_wconf 89' lang='lat' dir='ltr'><strong>ingenio</strong></span> <span class='ocrx_word' id='word_1_78' title='bbox 2265 1285 2631 1348; x_wconf 85' lang='lat' dir='ltr'><strong>Graecorum</strong></span> 
     </span>
     <span class='ocr_line' id='line_1_11' title="bbox 392 1386 2634 1467; baseline 0.001 -18"><span class='ocrx_word' id='word_1_79' title='bbox 392 1386 600 1449; x_wconf 90' lang='lat' dir='ltr'><strong>Cicero</strong></span> <span class='ocrx_word' id='word_1_80' title='bbox 656 1386 939 1465; x_wconf 86' lang='lat' dir='ltr'><strong>proferat.</strong></span> <span class='ocrx_word' id='word_1_81' title='bbox 1025 1386 1177 1448; x_wconf 82' lang='lat' dir='ltr'><strong>Sunt</strong></span> <span class='ocrx_word' id='word_1_82' title='bbox 1236 1392 1432 1448; x_wconf 85' lang='lat' dir='ltr'><strong>autem</strong></span> <span class='ocrx_word' id='word_1_83' title='bbox 1492 1387 1635 1460; x_wconf 87' lang='lat' dir='ltr'><strong>loci,</strong></span> <span class='ocrx_word' id='word_1_84' title='bbox 1696 1388 1795 1448; x_wconf 91' lang='lat' dir='ltr'><strong>ubi</strong></span> <span class='ocrx_word' id='word_1_85' title='bbox 1842 1407 1954 1467; x_wconf 91' lang='lat' dir='ltr'><strong>pro</strong></span> <span class='ocrx_word' id='word_1_86' title='bbox 2008 1393 2171 1449; x_wconf 90' lang='lat' dir='ltr'><strong>certo</strong></span> <span class='ocrx_word' id='word_1_87' title='bbox 2218 1388 2474 1450; x_wconf 85' lang='lat' dir='ltr'><strong>affirmet</strong></span> <span class='ocrx_word' id='word_1_88' title='bbox 2530 1408 2634 1451; x_wconf 93' lang='lat' dir='ltr'><strong>eos</strong></span> 
     </span>
     <span class='ocr_line' id='line_1_12' title="bbox 389 1489 2634 1569; baseline 0.002 -22"><span class='ocrx_word' id='word_1_89' title='bbox 389 1489 502 1550; x_wconf 91' lang='lat' dir='ltr'><strong>hac</strong></span> <span class='ocrx_word' id='word_1_90' title='bbox 545 1507 612 1549; x_wconf 89' lang='lat' dir='ltr'><strong>re</strong></span> <span class='ocrx_word' id='word_1_91' title='bbox 675 1509 712 1548; x_wconf 90' lang='lat' dir='ltr'><strong>a</strong></span> <span class='ocrx_word' id='word_1_92' title='bbox 753 1490 1036 1551; x_wconf 78' lang='lat' dir='ltr'><strong>Romanis</strong></span> <span class='ocrx_word' id='word_1_93' title='bbox 1081 1507 1214 1550; x_wconf 85' lang='lat' dir='ltr'><strong>esse</strong></span> <span class='ocrx_word' id='word_1_94' title='bbox 1275 1495 1617 1568; x_wconf 79' lang='lat' dir='ltr'><strong>superatos3</strong></span> <span class='ocrx_word' id='word_1_95' title='bbox 1676 1495 1817 1551; x_wconf 86' lang='lat' dir='ltr'><strong>sunt</strong></span> <span class='ocrx_word' id='word_1_96' title='bbox 1863 1491 1990 1569; x_wconf 86' lang='lat' dir='ltr'><strong>alii,</strong></span> <span class='ocrx_word' id='word_1_97' title='bbox 2054 1492 2152 1552; x_wconf 90' lang='lat' dir='ltr'><strong>ubi</strong></span> <span class='ocrx_word' id='word_1_98' title='bbox 2199 1492 2332 1553; x_wconf 88' lang='lat' dir='ltr'><strong>illos</strong></span> <span class='ocrx_word' id='word_1_99' title='bbox 2376 1493 2469 1553; x_wconf 86' lang='lat' dir='ltr'><strong>his</strong></span> <span class='ocrx_word' id='word_1_100' title='bbox 2529 1496 2634 1553; x_wconf 89' lang='lat' dir='ltr'><strong>aut</strong></span> 
     </span>
     <span class='ocr_line' id='line_1_13' title="bbox 388 1593 2629 1673; baseline 0.002 -22"><span class='ocrx_word' id='word_1_101' title='bbox 388 1610 565 1671; x_wconf 89' lang='lat' dir='ltr'><strong>pares</strong></span> <span class='ocrx_word' id='word_1_102' title='bbox 610 1609 742 1652; x_wconf 88' lang='lat' dir='ltr'><strong>esse</strong></span> <span class='ocrx_word' id='word_1_103' title='bbox 787 1598 891 1652; x_wconf 85' lang='lat' dir='ltr'><strong>aut</strong></span> <span class='ocrx_word' id='word_1_104' title='bbox 935 1593 1233 1653; x_wconf 87' lang='lat' dir='ltr'><strong>nonnullis</strong></span> <span class='ocrx_word' id='word_1_105' title='bbox 1288 1594 1529 1670; x_wconf 87' lang='lat' dir='ltr'><strong>quidem</strong></span> <span class='ocrx_word' id='word_1_106' title='bbox 1571 1594 1754 1655; x_wconf 89' lang='lat' dir='ltr'><strong>rebus</strong></span> <span class='ocrx_word' id='word_1_107' title='bbox 1810 1595 1986 1655; x_wconf 85' lang='lat' dir='ltr'><strong>etiam</strong></span> <span class='ocrx_word' id='word_1_108' title='bbox 2033 1598 2341 1671; x_wconf 81' lang='lat' dir='ltr'><strong>praestare</strong></span> <span class='ocrx_word' id='word_1_109' title='bbox 2391 1597 2445 1656; x_wconf 90' lang='lat' dir='ltr'><strong>ei</strong></span> <span class='ocrx_word' id='word_1_110' title='bbox 2499 1614 2629 1673; x_wconf 87' lang='lat' dir='ltr'><strong>per·</strong></span> 
     </span>
     <span class='ocr_line' id='line_1_14' title="bbox 389 1695 2632 1774; baseline 0.001 -19"><span class='ocrx_word' id='word_1_111' title='bbox 389 1713 630 1755; x_wconf 83' lang='lat' dir='ltr'><strong>suasum</strong></span> <span class='ocrx_word' id='word_1_112' title='bbox 675 1695 878 1774; x_wconf 83' lang='lat' dir='ltr'><strong>fuisse,</strong></span> <span class='ocrx_word' id='word_1_113' title='bbox 923 1714 1285 1774; x_wconf 88' lang='lat' dir='ltr'><strong>quamquam</strong></span> <span class='ocrx_word' id='word_1_114' title='bbox 1317 1698 1419 1756; x_wconf 87' lang='lat' dir='ltr'><strong>vix</strong></span> <span class='ocrx_word' id='word_1_115' title='bbox 1466 1697 1648 1756; x_wconf 90' lang='lat' dir='ltr'><strong>semel</strong></span> <span class='ocrx_word' id='word_1_116' title='bbox 1694 1702 1901 1774; x_wconf 85' lang='lat' dir='ltr'><strong>aperte</strong></span> <span class='ocrx_word' id='word_1_117' title='bbox 1932 1697 2266 1774; x_wconf 87' lang='lat' dir='ltr'><strong>profitetur,</strong></span> <span class='ocrx_word' id='word_1_118' title='bbox 2311 1701 2507 1757; x_wconf 88' lang='lat' dir='ltr'><strong>tamen</strong></span> <span class='ocrx_word' id='word_1_119' title='bbox 2556 1716 2632 1758; x_wconf 85' lang='lat' dir='ltr'><strong>ex</strong></span> 
     </span>
     <span class='ocr_line' id='line_1_15' title="bbox 386 1799 2634 1877; baseline 0.001 -19"><span class='ocrx_word' id='word_1_120' title='bbox 386 1799 814 1858; x_wconf 87' lang='lat' dir='ltr'><strong>sententiarum</strong></span> <span class='ocrx_word' id='word_1_121' title='bbox 861 1817 1093 1858; x_wconf 85' lang='lat' dir='ltr'><strong>conexu</strong></span> <span class='ocrx_word' id='word_1_122' title='bbox 1138 1800 1411 1860; x_wconf 78' lang='lat' dir='ltr'><strong>conicere</strong></span> <span class='ocrx_word' id='word_1_123' title='bbox 1457 1799 1655 1859; x_wconf 88' lang='lat' dir='ltr'><strong>liceat.</strong></span> <span class='ocrx_word' id='word_1_124' title='bbox 1743 1801 1825 1860; x_wconf 91' lang='lat' dir='ltr'><strong>Ut</strong></span> <span class='ocrx_word' id='word_1_125' title='bbox 1868 1804 2065 1859; x_wconf 91' lang='lat' dir='ltr'><strong>autem</strong></span> <span class='ocrx_word' id='word_1_126' title='bbox 2114 1801 2229 1875; x_wconf 79' lang='lat' dir='ltr'><strong>jam</strong></span> <span class='ocrx_word' id='word_1_127' title='bbox 2274 1799 2351 1859; x_wconf 87' lang='lat' dir='ltr'><strong>ad</strong></span> <span class='ocrx_word' id='word_1_128' title='bbox 2397 1800 2634 1877; x_wconf 89' lang='lat' dir='ltr'><strong>singula</strong></span> 
     </span>
     <span class='ocr_line' id='line_1_16' title="bbox 387 1900 2628 1978; baseline 0.001 -19"><span class='ocrx_word' id='word_1_129' title='bbox 387 1901 722 1978; x_wconf 81' lang='lat' dir='ltr'><strong>veniamus,</strong></span> <span class='ocrx_word' id='word_1_130' title='bbox 781 1901 1010 1961; x_wconf 88' lang='lat' dir='ltr'><strong>omissis</strong></span> <span class='ocrx_word' id='word_1_131' title='bbox 1055 1902 1151 1972; x_wconf 86' lang='lat' dir='ltr'><strong>iis,</strong></span> <span class='ocrx_word' id='word_1_132' title='bbox 1214 1920 1370 1977; x_wconf 84' lang='lat' dir='ltr'><strong>quae</strong></span> <span class='ocrx_word' id='word_1_133' title='bbox 1417 1903 1629 1961; x_wconf 90' lang='lat' dir='ltr'><strong>iterum</strong></span> <span class='ocrx_word' id='word_1_134' title='bbox 1676 1906 1858 1977; x_wconf 87' lang='lat' dir='ltr'><strong>atque</strong></span> <span class='ocrx_word' id='word_1_135' title='bbox 1904 1901 2116 1960; x_wconf 89' lang='lat' dir='ltr'><strong>iterum</strong></span> <span class='ocrx_word' id='word_1_136' title='bbox 2166 1900 2241 1961; x_wconf 91' lang='lat' dir='ltr'><strong>de</strong></span> <span class='ocrx_word' id='word_1_137' title='bbox 2296 1900 2628 1962; x_wconf 90' lang='lat' dir='ltr'><strong>animorum</strong></span> 
     </span>
     <span class='ocr_line' id='line_1_17' title="bbox 389 2001 2633 2081; baseline 0.001 -19"><span class='ocrx_word' id='word_1_138' title='bbox 389 2002 751 2062; x_wconf 86' lang='lat' dir='ltr'><strong>Graecorum</strong></span> <span class='ocrx_word' id='word_1_139' title='bbox 818 2003 1057 2062; x_wconf 81' lang='lat' dir='ltr'><strong>levitate</strong></span> <span class='ocrx_word' id='word_1_140' title='bbox 1121 2002 1390 2080; x_wconf 75' lang='lat' dir='ltr'><strong>disputat</strong></span> <span class='ocrx_word' id='word_1_141' title='bbox 1454 2034 1541 2044; x_wconf 88' lang='lat'><strong>—-·</strong></span> <span class='ocrx_word' id='word_1_142' title='bbox 1609 2022 1744 2063; x_wconf 89' lang='lat' dir='ltr'><strong>nam</strong></span> <span class='ocrx_word' id='word_1_143' title='bbox 1806 2003 1954 2063; x_wconf 86' lang='lat' dir='ltr'><strong>haec</strong></span> <span class='ocrx_word' id='word_1_144' title='bbox 2030 2001 2104 2062; x_wconf 87' lang='lat' dir='ltr'><strong>ad</strong></span> <span class='ocrx_word' id='word_1_145' title='bbox 2169 2021 2364 2063; x_wconf 88' lang='lat' dir='ltr'><strong>mores</strong></span> <span class='ocrx_word' id='word_1_146' title='bbox 2425 2004 2633 2081; x_wconf 88' lang='lat' dir='ltr'><strong>magis,</strong></span> 
     </span>
     <span class='ocr_line' id='line_1_18' title="bbox 389 2102 2631 2183; baseline 0.001 -21"><span class='ocrx_word' id='word_1_147' title='bbox 389 2122 566 2180; x_wconf 88' lang='lat' dir='ltr'><strong>quam</strong></span> <span class='ocrx_word' id='word_1_148' title='bbox 599 2102 675 2162; x_wconf 89' lang='lat' dir='ltr'><strong>ad</strong></span> <span class='ocrx_word' id='word_1_149' title='bbox 722 2104 1028 2180; x_wconf 84' lang='lat' dir='ltr'><strong>ingenium</strong></span> <span class='ocrx_word' id='word_1_150' title='bbox 1061 2105 1370 2182; x_wconf 86' lang='lat' dir='ltr'><strong>pertinent</strong></span> <span class='ocrx_word' id='word_1_151' title='bbox 1414 2136 1499 2145; x_wconf 93' lang='lat'>—</span> <span class='ocrx_word' id='word_1_152' title='bbox 1542 2105 1798 2183; x_wconf 91' lang='lat' dir='ltr'><strong>primum</strong></span> <span class='ocrx_word' id='word_1_153' title='bbox 1833 2105 1871 2164; x_wconf 93' lang='lat' dir='ltr'><strong>ii</strong></span> <span class='ocrx_word' id='word_1_154' title='bbox 1918 2105 2031 2165; x_wconf 91' lang='lat' dir='ltr'><strong>loci</strong></span> <span class='ocrx_word' id='word_1_155' title='bbox 2066 2104 2443 2165; x_wconf 86' lang='lat' dir='ltr'><strong>examinandi</strong></span> <span class='ocrx_word' id='word_1_156' title='bbox 2476 2109 2631 2178; x_wconf 89' lang='lat' dir='ltr'><strong>sunt,</strong></span> 
     </span>
     <span class='ocr_line' id='line_1_19' title="bbox 389 2202 2635 2284; baseline 0.002 -20"><span class='ocrx_word' id='word_1_157' title='bbox 389 2205 605 2284; x_wconf 83' lang='lat' dir='ltr'><strong>quibus</strong></span> <span class='ocrx_word' id='word_1_158' title='bbox 636 2211 740 2266; x_wconf 83' lang='lat' dir='ltr'><strong>aut</strong></span> <span class='ocrx_word' id='word_1_159' title='bbox 780 2206 1127 2283; x_wconf 89' lang='lat' dir='ltr'><strong>simpliciter</strong></span> <span class='ocrx_word' id='word_1_160' title='bbox 1159 2212 1262 2266; x_wconf 88' lang='lat' dir='ltr'><strong>aut</strong></span> <span class='ocrx_word' id='word_1_161' title='bbox 1294 2206 1639 2267; x_wconf 81' lang='lat' dir='ltr'><strong>dubitanter</strong></span> <span class='ocrx_word' id='word_1_162' title='bbox 1668 2202 2070 2268; x_wconf 80' lang='lat' dir='ltr'><strong>Romanorum</strong></span> <span class='ocrx_word' id='word_1_163' title='bbox 2116 2206 2372 2284; x_wconf 87' lang='lat' dir='ltr'><strong>ingeniis</strong></span> <span class='ocrx_word' id='word_1_164' title='bbox 2410 2208 2635 2284; x_wconf 90' lang='lat' dir='ltr'><strong>primas</strong></span> 
     </span>
     <span class='ocr_line' id='line_1_20' title="bbox 387 2308 2633 2387; baseline 0.001 -18"><span class='ocrx_word' id='word_1_165' title='bbox 387 2310 610 2369; x_wconf 86' lang='lat' dir='ltr'><strong>tribuit.</strong></span> <span class='ocrx_word' id='word_1_166' title='bbox 701 2309 835 2383; x_wconf 82' lang='lat' dir='ltr'><strong>Qua</strong></span> <span class='ocrx_word' id='word_1_167' title='bbox 879 2309 937 2368; x_wconf 91' lang='lat' dir='ltr'><strong>in</strong></span> <span class='ocrx_word' id='word_1_168' title='bbox 987 2327 1050 2368; x_wconf 90' lang='lat' dir='ltr'><strong>re</strong></span> <span class='ocrx_word' id='word_1_169' title='bbox 1096 2308 1596 2387; x_wconf 88' lang='lat' dir='ltr'><strong>proficiscendum</strong></span> <span class='ocrx_word' id='word_1_170' title='bbox 1639 2309 1880 2369; x_wconf 86' lang='lat' dir='ltr'><strong>videtur</strong></span> <span class='ocrx_word' id='word_1_171' title='bbox 1924 2329 1960 2369; x_wconf 89' lang='lat' dir='ltr'><strong>a</strong></span> <span class='ocrx_word' id='word_1_172' title='bbox 2005 2310 2315 2371; x_wconf 87' lang='lat' dir='ltr'><strong>notissimo</strong></span> <span class='ocrx_word' id='word_1_173' title='bbox 2359 2310 2458 2371; x_wconf 88' lang='lat' dir='ltr'><strong>illo</strong></span> <span class='ocrx_word' id='word_1_174' title='bbox 2503 2312 2633 2372; x_wconf 88' lang='lat' dir='ltr'><strong>loco</strong></span> 
     </span>
     <span class='ocr_line' id='line_1_21' title="bbox 387 2411 2635 2492; baseline 0.001 -20"><span class='ocrx_word' id='word_1_175' title='bbox 387 2412 446 2472; x_wconf 95' lang='lat' dir='ltr'><strong>in</strong></span> <span class='ocrx_word' id='word_1_176' title='bbox 503 2412 808 2490; x_wconf 90' lang='lat' dir='ltr'><strong>prooemio</strong></span> <span class='ocrx_word' id='word_1_177' title='bbox 869 2411 1044 2492; x_wconf 90' lang='lat' dir='ltr'><strong>primi</strong></span> <span class='ocrx_word' id='word_1_178' title='bbox 1089 2412 1566 2474; x_wconf 85' lang='lat' dir='ltr'><strong>Tusculanarum</strong></span> <span class='ocrx_word' id='word_1_179' title='bbox 1630 2413 1763 2474; x_wconf 89' lang='lat' dir='ltr'><strong>libri</strong></span> <span class='ocrx_word' id='word_1_180' title='bbox 1808 2412 2012 2487; x_wconf 84' lang='lat' dir='ltr'><strong>(Tusc.</strong></span> <span class='ocrx_word' id='word_1_181' title='bbox 2048 2417 2162 2492; x_wconf 90' lang='lat'><strong>1,1</strong></span> <span class='ocrx_word' id='word_1_182' title='bbox 2196 2411 2370 2492; x_wconf 89' lang='lat' dir='ltr'><strong>sqq.),</strong></span> <span class='ocrx_word' id='word_1_183' title='bbox 2430 2432 2635 2492; x_wconf 91' lang='lat' dir='ltr'><strong>quam-</strong></span> 
     </span>
     <span class='ocr_line' id='line_1_22' title="bbox 391 2515 2633 2597; baseline 0.001 -22"><span class='ocrx_word' id='word_1_184' title='bbox 391 2533 568 2593; x_wconf 88' lang='lat' dir='ltr'><strong>quam</strong></span> <span class='ocrx_word' id='word_1_185' title='bbox 600 2517 658 2575; x_wconf 89' lang='lat' dir='ltr'><strong>in</strong></span> <span class='ocrx_word' id='word_1_186' title='bbox 705 2515 808 2576; x_wconf 91' lang='lat' dir='ltr'><strong>illo</strong></span> <span class='ocrx_word' id='word_1_187' title='bbox 859 2515 1173 2579; x_wconf 87' lang='lat' dir='ltr'><strong>tractando</strong></span> <span class='ocrx_word' id='word_1_188' title='bbox 1206 2517 1495 2577; x_wconf 86' lang='lat' dir='ltr'><strong>nonnulla</strong></span> <span class='ocrx_word' id='word_1_189' title='bbox 1539 2516 1902 2593; x_wconf 88' lang='lat' dir='ltr'><strong>proferenda</strong></span> <span class='ocrx_word' id='word_1_190' title='bbox 1940 2520 2098 2597; x_wconf 88' lang='lat' dir='ltr'><strong>sunt,</strong></span> <span class='ocrx_word' id='word_1_191' title='bbox 2141 2535 2295 2595; x_wconf 86' lang='lat' dir='ltr'><strong>quae</strong></span> <span class='ocrx_word' id='word_1_192' title='bbox 2326 2518 2512 2594; x_wconf 85' lang='lat' dir='ltr'><strong>magis</strong></span> <span class='ocrx_word' id='word_1_193' title='bbox 2555 2517 2633 2577; x_wconf 84' lang='lat' dir='ltr'><strong>ad</strong></span> 
     </span>
    </p>
   </div>
   <div class='ocr_carea' id='block_1_3' title="bbox 387 2619 2737 2699">
    <p class='ocr_par' dir='ltr' id='par_1_3' title="bbox 387 2619 2737 2699">
     <span class='ocr_line' id='line_1_23' title="bbox 387 2619 2737 2699; baseline 0.001 -21"><span class='ocrx_word' id='word_1_194' title='bbox 387 2620 772 2696; x_wconf 87' lang='lat' dir='ltr'><strong>posteriorem</strong></span> <span class='ocrx_word' id='word_1_195' title='bbox 803 2624 1033 2697; x_wconf 90' lang='lat' dir='ltr'><strong>partem</strong></span> <span class='ocrx_word' id='word_1_196' title='bbox 1067 2620 1387 2697; x_wconf 86' lang='lat' dir='ltr'><strong>pertinent.</strong></span> <span class='ocrx_word' id='word_1_197' title='bbox 1475 2620 1773 2680; x_wconf 84' lang='lat' dir='ltr'><strong>Extremis</strong></span> <span class='ocrx_word' id='word_1_198' title='bbox 1804 2619 1986 2697; x_wconf 87' lang='lat' dir='ltr'><strong>igitur</strong></span> <span class='ocrx_word' id='word_1_199' title='bbox 2017 2620 2375 2698; x_wconf 76' lang='lat' dir='ltr'><strong>paragraphi</strong></span> <span class='ocrx_word' id='word_1_200' title='bbox 2408 2620 2634 2699; x_wconf 78' lang='lat' dir='ltr'><strong>primae</strong></span> <span class='ocrx_word' id='word_1_201' title='bbox 2734 2692 2737 2695; x_wconf 22' lang='lat'>¹</span> 
     </span>
    </p>
   </div>
   <div class='ocr_carea' id='block_1_4' title="bbox 382 2722 2639 4337">
    <p class='ocr_par' dir='ltr' id='par_1_4' title="bbox 382 2722 2639 4337">
     <span class='ocr_line' id='line_1_24' title="bbox 382 2722 2635 2802; baseline 0 -21"><span class='ocrx_word' id='word_1_202' title='bbox 382 2723 589 2783; x_wconf 78' lang='lat' dir='ltr'><strong>verbis</strong></span> <span class='ocrx_word' id='word_1_203' title='bbox 619 2722 826 2784; x_wconf 85' lang='lat' dir='ltr'><strong>Cicero</strong></span> <span class='ocrx_word' id='word_1_204' title='bbox 873 2727 1079 2800; x_wconf 89' lang='lat' dir='ltr'><strong>aperte</strong></span> <span class='ocrx_word' id='word_1_205' title='bbox 1126 2722 1287 2802; x_wconf 87' lang='lat' dir='ltr'><strong>dicit,</strong></span> <span class='ocrx_word' id='word_1_206' title='bbox 1332 2723 1379 2782; x_wconf 89' lang='lat' dir='ltr'><strong>si</strong></span> <span class='ocrx_word' id='word_1_207' title='bbox 1428 2742 1547 2801; x_wconf 91' lang='lat' dir='ltr'><strong>qua</strong></span> <span class='ocrx_word' id='word_1_208' title='bbox 1591 2722 1651 2782; x_wconf 90' lang='lat' dir='ltr'><strong>in</strong></span> <span class='ocrx_word' id='word_1_209' title='bbox 1696 2740 1762 2783; x_wconf 89' lang='lat' dir='ltr'><strong>re</strong></span> <span class='ocrx_word' id='word_1_210' title='bbox 1806 2723 2057 2784; x_wconf 86' lang='lat' dir='ltr'><strong>Romani</strong></span> <span class='ocrx_word' id='word_1_211' title='bbox 2104 2741 2224 2783; x_wconf 90' lang='lat' dir='ltr'><strong>nou</strong></span> <span class='ocrx_word' id='word_1_212' title='bbox 2273 2723 2415 2782; x_wconf 87' lang='lat' dir='ltr'><strong>satis</strong></span> <span class='ocrx_word' id='word_1_213' title='bbox 2458 2740 2635 2801; x_wconf 88' lang='lat' dir='ltr'><strong>pares</strong></span> 
     </span>
     <span class='ocr_line' id='line_1_25' title="bbox 389 2825 2638 2904; baseline 0.001 -20"><span class='ocrx_word' id='word_1_214' title='bbox 389 2825 720 2886; x_wconf 88' lang='lat' dir='ltr'><strong>videantur.</strong></span> <span class='ocrx_word' id='word_1_215' title='bbox 748 2826 1019 2904; x_wconf 86' lang='lat' dir='ltr'><strong>Graecis,</strong></span> <span class='ocrx_word' id='word_1_216' title='bbox 1063 2826 1175 2886; x_wconf 89' lang='lat' dir='ltr'><strong>hoc</strong></span> <span class='ocrx_word' id='word_1_217' title='bbox 1221 2844 1291 2885; x_wconf 94' lang='lat' dir='ltr'><strong>eo</strong></span> <span class='ocrx_word' id='word_1_218' title='bbox 1337 2826 1558 2886; x_wconf 86' lang='lat' dir='ltr'><strong>factum</strong></span> <span class='ocrx_word' id='word_1_219' title='bbox 1608 2843 1769 2895; x_wconf 83' lang='lat' dir='ltr'><strong>esse,</strong></span> <span class='ocrx_word' id='word_1_220' title='bbox 1816 2825 1979 2903; x_wconf 92' lang='lat' dir='ltr'><strong>quod</strong></span> <span class='ocrx_word' id='word_1_221' title='bbox 2024 2825 2279 2897; x_wconf 88' lang='lat' dir='ltr'><strong>nollent,</strong></span> <span class='ocrx_word' id='word_1_222' title='bbox 2326 2844 2445 2886; x_wconf 92' lang='lat' dir='ltr'><strong>non</strong></span> <span class='ocrx_word' id='word_1_223' title='bbox 2494 2826 2638 2902; x_wconf 87' lang='lat' dir='ltr'><strong>quia</strong></span> 
     </span>
     <span class='ocr_line' id='line_1_26' title="bbox 389 2926 2636 3005; baseline 0.001 -20"><span class='ocrx_word' id='word_1_224' title='bbox 389 2928 646 3003; x_wconf 90' lang='lat' dir='ltr'><strong>ingeniis</strong></span> <span class='ocrx_word' id='word_1_225' title='bbox 691 2926 1006 2988; x_wconf 87' lang='lat' dir='ltr'><strong>inferiores</strong></span> <span class='ocrx_word' id='word_1_226' title='bbox 1052 2946 1171 2987; x_wconf 90' lang='lat' dir='ltr'><strong>non</strong></span> <span class='ocrx_word' id='word_1_227' title='bbox 1217 2934 1461 3005; x_wconf 84' lang='lat' dir='ltr'><strong>possent</strong></span> <span class='ocrx_word' id='word_1_228' title='bbox 1523 2945 1627 2988; x_wconf 85' lang='lat' dir='ltr'><strong>eos</strong></span> <span class='ocrx_word' id='word_1_229' title='bbox 1672 2944 1954 3004; x_wconf 86' lang='lat' dir='ltr'><strong>aequare.</strong></span> <span class='ocrx_word' id='word_1_230' title='bbox 2044 2926 2233 3000; x_wconf 82' lang='lat' dir='ltr'><strong>Quam</strong></span> <span class='ocrx_word' id='word_1_231' title='bbox 2282 2926 2636 2987; x_wconf 87' lang='lat' dir='ltr'><strong>senteutiam</strong></span> 
     </span>
     <span class='ocr_line' id='line_1_27' title="bbox 389 3028 2637 3106; baseline 0 -18"><span class='ocrx_word' id='word_1_232' title='bbox 389 3048 426 3088; x_wconf 89' lang='lat' dir='ltr'><strong>a</strong></span> <span class='ocrx_word' id='word_1_233' title='bbox 458 3034 697 3089; x_wconf 90' lang='lat' dir='ltr'><strong>nostrae</strong></span> <span class='ocrx_word' id='word_1_234' title='bbox 741 3030 958 3089; x_wconf 88' lang='lat' dir='ltr'><strong>aetatis</strong></span> <span class='ocrx_word' id='word_1_235' title='bbox 988 3030 1254 3089; x_wconf 84' lang='lat' dir='ltr'><strong>virorum</strong></span> <span class='ocrx_word' id='word_1_236' title='bbox 1302 3029 1613 3089; x_wconf 90' lang='lat' dir='ltr'><strong>doctorum</strong></span> <span class='ocrx_word' id='word_1_237' title='bbox 1652 3028 1883 3106; x_wconf 88' lang='lat' dir='ltr'><strong>judicio</strong></span> <span class='ocrx_word' id='word_1_238' title='bbox 1916 3046 2060 3089; x_wconf 86' lang='lat' dir='ltr'><strong>sane</strong></span> <span class='ocrx_word' id='word_1_239' title='bbox 2104 3028 2280 3089; x_wconf 83' lang='lat' dir='ltr'><strong>valde</strong></span> <span class='ocrx_word' id='word_1_240' title='bbox 2311 3029 2637 3089; x_wconf 88' lang='lat' dir='ltr'><strong>abhorren-</strong></span> 
     </span>
     <span class='ocr_line' id='line_1_28' title="bbox 391 3130 2639 3210; baseline 0 -20"><span class='ocrx_word' id='word_1_241' title='bbox 391 3135 508 3192; x_wconf 88' lang='lat' dir='ltr'><strong>tem</strong></span> <span class='ocrx_word' id='word_1_242' title='bbox 556 3149 686 3190; x_wconf 92' lang='lat' dir='ltr'><strong>cum</strong></span> <span class='ocrx_word' id='word_1_243' title='bbox 733 3131 791 3190; x_wconf 88' lang='lat' dir='ltr'><strong>in</strong></span> <span class='ocrx_word' id='word_1_244' title='bbox 839 3131 927 3209; x_wconf 91' lang='lat' dir='ltr'><strong>iis,</strong></span> <span class='ocrx_word' id='word_1_245' title='bbox 973 3148 1129 3208; x_wconf 88' lang='lat' dir='ltr'><strong>quae</strong></span> <span class='ocrx_word' id='word_1_246' title='bbox 1175 3134 1511 3210; x_wconf 87' lang='lat' dir='ltr'><strong>sequuntur</strong></span> <span class='ocrx_word' id='word_1_247' title='bbox 1555 3132 1924 3208; x_wconf 86' lang='lat' dir='ltr'><strong>argumentis</strong></span> <span class='ocrx_word' id='word_1_248' title='bbox 1952 3130 2212 3208; x_wconf 89' lang='lat' dir='ltr'><strong>probare</strong></span> <span class='ocrx_word' id='word_1_249' title='bbox 2258 3130 2514 3208; x_wconf 85' lang='lat' dir='ltr'><strong>studeat,</strong></span> <span class='ocrx_word' id='word_1_250' title='bbox 2555 3132 2639 3190; x_wconf 90' lang='lat' dir='ltr'><strong>ita</strong></span> 
     </span>
     <span class='ocr_line' id='line_1_29' title="bbox 396 3233 2636 3313; baseline 0 -19"><span class='ocrx_word' id='word_1_251' title='bbox 396 3252 493 3294; x_wconf 88' lang='lat' dir='ltr'><strong>res</strong></span> <span class='ocrx_word' id='word_1_252' title='bbox 555 3233 870 3294; x_wconf 85' lang='lat' dir='ltr'><strong>tractanda</strong></span> <span class='ocrx_word' id='word_1_253' title='bbox 915 3233 1177 3309; x_wconf 88' lang='lat' dir='ltr'><strong>videtur,</strong></span> <span class='ocrx_word' id='word_1_254' title='bbox 1247 3238 1313 3294; x_wconf 92' lang='lat' dir='ltr'><strong>ut</strong></span> <span class='ocrx_word' id='word_1_255' title='bbox 1354 3234 1610 3312; x_wconf 88' lang='lat' dir='ltr'><strong>primum</strong></span> <span class='ocrx_word' id='word_1_256' title='bbox 1657 3235 1764 3293; x_wconf 90' lang='lat' dir='ltr'><strong>has</strong></span> <span class='ocrx_word' id='word_1_257' title='bbox 1823 3234 1981 3312; x_wconf 88' lang='lat' dir='ltr'><strong>ipsas</strong></span> <span class='ocrx_word' id='word_1_258' title='bbox 2026 3233 2085 3292; x_wconf 84' lang='lat' dir='ltr'><strong>in</strong></span> <span class='ocrx_word' id='word_1_259' title='bbox 2146 3251 2389 3294; x_wconf 84' lang='lat' dir='ltr'><strong>caussas</strong></span> <span class='ocrx_word' id='word_1_260' title='bbox 2430 3234 2636 3313; x_wconf 90' lang='lat' dir='ltr'><strong>paullo</strong></span> 
     </span>
     <span class='ocr_line' id='line_1_30' title="bbox 388 3335 2639 3414; baseline 0.001 -19"><span class='ocrx_word' id='word_1_261' title='bbox 388 3335 728 3414; x_wconf 84' lang='lat' dir='ltr'><strong>diligentius</strong></span> <span class='ocrx_word' id='word_1_262' title='bbox 777 3336 1165 3414; x_wconf 82' lang='lat' dir='ltr'><strong>inquiramus,</strong></span> <span class='ocrx_word' id='word_1_263' title='bbox 1211 3340 1336 3396; x_wconf 90' lang='lat' dir='ltr'><strong>tum</strong></span> <span class='ocrx_word' id='word_1_264' title='bbox 1384 3341 1444 3396; x_wconf 88' lang='lat' dir='ltr'><strong>et</strong></span> <span class='ocrx_word' id='word_1_265' title='bbox 1488 3355 1559 3396; x_wconf 85' lang='lat' dir='ltr'><strong>ex</strong></span> <span class='ocrx_word' id='word_1_266' title='bbox 1608 3336 1787 3414; x_wconf 87' lang='lat' dir='ltr'><strong>hujus</strong></span> <span class='ocrx_word' id='word_1_267' title='bbox 1817 3335 2005 3413; x_wconf 88' lang='lat' dir='ltr'><strong>ipsius</strong></span> <span class='ocrx_word' id='word_1_268' title='bbox 2051 3335 2164 3396; x_wconf 89' lang='lat' dir='ltr'><strong>loci</strong></span> <span class='ocrx_word' id='word_1_269' title='bbox 2210 3340 2425 3397; x_wconf 87' lang='lat' dir='ltr'><strong>natura</strong></span> <span class='ocrx_word' id='word_1_270' title='bbox 2458 3339 2639 3414; x_wconf 86' lang='lat' dir='ltr'><strong>atque</strong></span> 
     </span>
     <span class='ocr_line' id='line_1_31' title="bbox 389 3438 2639 3518; baseline 0 -18"><span class='ocrx_word' id='word_1_271' title='bbox 389 3438 728 3500; x_wconf 89' lang='lat' dir='ltr'><strong>conditione</strong></span> <span class='ocrx_word' id='word_1_272' title='bbox 759 3443 820 3499; x_wconf 90' lang='lat' dir='ltr'><strong>et</strong></span> <span class='ocrx_word' id='word_1_273' title='bbox 865 3457 939 3499; x_wconf 81' lang='lat' dir='ltr'><strong>ex</strong></span> <span class='ocrx_word' id='word_1_274' title='bbox 970 3439 1101 3499; x_wconf 88' lang='lat' dir='ltr'><strong>aliis</strong></span> <span class='ocrx_word' id='word_1_275' title='bbox 1132 3440 1282 3499; x_wconf 88' lang='lat' dir='ltr'><strong>locis</strong></span> <span class='ocrx_word' id='word_1_276' title='bbox 1326 3439 1655 3518; x_wconf 87' lang='lat' dir='ltr'><strong>dijudicare</strong></span> <span class='ocrx_word' id='word_1_277' title='bbox 1687 3456 1992 3517; x_wconf 87' lang='lat' dir='ltr'><strong>conemur,</strong></span> <span class='ocrx_word' id='word_1_278' title='bbox 2037 3444 2236 3499; x_wconf 89' lang='lat' dir='ltr'><strong>utrum</strong></span> <span class='ocrx_word' id='word_1_279' title='bbox 2269 3438 2478 3500; x_wconf 88' lang='lat' dir='ltr'><strong>Cicero</strong></span> <span class='ocrx_word' id='word_1_280' title='bbox 2523 3440 2639 3500; x_wconf 92' lang='lat' dir='ltr'><strong>hoc</strong></span> 
     </span>
     <span class='ocr_line' id='line_1_32' title="bbox 388 3540 2638 3602; baseline 0 0"><span class='ocrx_word' id='word_1_281' title='bbox 388 3542 520 3602; x_wconf 89' lang='lat' dir='ltr'><strong>loco</strong></span> <span class='ocrx_word' id='word_1_282' title='bbox 585 3560 658 3600; x_wconf 85' lang='lat' dir='ltr'><strong>ex</strong></span> <span class='ocrx_word' id='word_1_283' title='bbox 719 3542 897 3601; x_wconf 86' lang='lat' dir='ltr'><strong>animi</strong></span> <span class='ocrx_word' id='word_1_284' title='bbox 960 3543 1255 3602; x_wconf 85' lang='lat' dir='ltr'><strong>sententia</strong></span> <span class='ocrx_word' id='word_1_285' title='bbox 1330 3543 1568 3602; x_wconf 89' lang='lat' dir='ltr'><strong>locutus</strong></span> <span class='ocrx_word' id='word_1_286' title='bbox 1632 3559 1763 3601; x_wconf 83' lang='lat' dir='ltr'><strong>esse</strong></span> <span class='ocrx_word' id='word_1_287' title='bbox 1825 3560 1899 3601; x_wconf 87' lang='lat' dir='ltr'><strong>an</strong></span> <span class='ocrx_word' id='word_1_288' title='bbox 1960 3540 2233 3602; x_wconf 89' lang='lat' dir='ltr'><strong>consulto</strong></span> <span class='ocrx_word' id='word_1_289' title='bbox 2296 3559 2331 3600; x_wconf 88' lang='lat' dir='ltr'><strong>a</strong></span> <span class='ocrx_word' id='word_1_290' title='bbox 2388 3541 2638 3602; x_wconf 79' lang='lat' dir='ltr'><strong>veritate</strong></span> 
     </span>
     <span class='ocr_line' id='line_1_33' title="bbox 389 3642 2639 3723; baseline 0 -18"><span class='ocrx_word' id='word_1_291' title='bbox 389 3645 710 3705; x_wconf 76' lang='lat' dir='ltr'><strong>recessisse</strong></span> <span class='ocrx_word' id='word_1_292' title='bbox 756 3643 1050 3704; x_wconf 88' lang='lat' dir='ltr'><strong>videatur.</strong></span> <span class='ocrx_word' id='word_1_293' title='bbox 1139 3646 1340 3723; x_wconf 87' lang='lat' dir='ltr'><strong>Atque</strong></span> <span class='ocrx_word' id='word_1_294' title='bbox 1387 3646 1487 3705; x_wconf 91' lang='lat' dir='ltr'><strong>tali</strong></span> <span class='ocrx_word' id='word_1_295' title='bbox 1548 3643 2067 3723; x_wconf 86' lang='lat' dir='ltr'><strong>argumentatione</strong></span> <span class='ocrx_word' id='word_1_296' title='bbox 2124 3661 2269 3704; x_wconf 84' lang='lat' dir='ltr'><strong>usus</strong></span> <span class='ocrx_word' id='word_1_297' title='bbox 2315 3647 2407 3703; x_wconf 87' lang='lat' dir='ltr'><strong>est</strong></span> <span class='ocrx_word' id='word_1_298' title='bbox 2452 3642 2510 3718; x_wconf 63' lang='grc' dir='ltr'><strong>(ξ</strong></span> <span class='ocrx_word' id='word_1_299' title='bbox 2558 3643 2639 3718; x_wconf 84' lang='lat'><strong>3),</strong></span> 
     </span>
     <span class='ocr_line' id='line_1_34' title="bbox 390 3745 2638 3826; baseline -0.001 -18"><span class='ocrx_word' id='word_1_300' title='bbox 390 3747 563 3825; x_wconf 90' lang='lat' dir='ltr'><strong>quasi</strong></span> <span class='ocrx_word' id='word_1_301' title='bbox 604 3745 732 3807; x_wconf 84' lang='lat' dir='ltr'><strong>fieri</strong></span> <span class='ocrx_word' id='word_1_302' title='bbox 780 3765 900 3806; x_wconf 91' lang='lat' dir='ltr'><strong>non</strong></span> <span class='ocrx_word' id='word_1_303' title='bbox 931 3750 1154 3825; x_wconf 89' lang='lat' dir='ltr'><strong>posset,</strong></span> <span class='ocrx_word' id='word_1_304' title='bbox 1203 3750 1269 3808; x_wconf 88' lang='lat' dir='ltr'><strong>ut</strong></span> <span class='ocrx_word' id='word_1_305' title='bbox 1297 3748 1566 3825; x_wconf 86' lang='lat' dir='ltr'><strong>Romani,</strong></span> <span class='ocrx_word' id='word_1_306' title='bbox 1613 3747 1660 3806; x_wconf 91' lang='lat' dir='ltr'><strong>si</strong></span> <span class='ocrx_word' id='word_1_307' title='bbox 1708 3745 1884 3807; x_wconf 92' lang='lat' dir='ltr'><strong>modo</strong></span> <span class='ocrx_word' id='word_1_308' title='bbox 1917 3751 2100 3818; x_wconf 86' lang='lat' dir='ltr'><strong>tanta,</strong></span> <span class='ocrx_word' id='word_1_309' title='bbox 2145 3749 2429 3824; x_wconf 89' lang='lat' dir='ltr'><strong>quantam</strong></span> <span class='ocrx_word' id='word_1_310' title='bbox 2477 3745 2638 3826; x_wconf 90' lang='lat' dir='ltr'><strong>dicit,</strong></span> 
     </span>
     <span class='ocr_line' id='line_1_35' title="bbox 386 3849 2636 3927; baseline 0 -17"><span class='ocrx_word' id='word_1_311' title='bbox 386 3851 447 3910; x_wconf 90' lang='lat' dir='ltr'><strong>in</strong></span> <span class='ocrx_word' id='word_1_312' title='bbox 494 3851 565 3909; x_wconf 90' lang='lat' dir='ltr'><strong>iis</strong></span> <span class='ocrx_word' id='word_1_313' title='bbox 609 3849 721 3909; x_wconf 88' lang='lat' dir='ltr'><strong>fuit</strong></span> <span class='ocrx_word' id='word_1_314' title='bbox 764 3849 1094 3909; x_wconf 85' lang='lat' dir='ltr'><strong>litterarum</strong></span> <span class='ocrx_word' id='word_1_315' title='bbox 1145 3850 1401 3925; x_wconf 84' lang='lat' dir='ltr'><strong>indoles,</strong></span> <span class='ocrx_word' id='word_1_316' title='bbox 1460 3851 1640 3911; x_wconf 87' lang='lat' dir='ltr'><strong>etiam</strong></span> <span class='ocrx_word' id='word_1_317' title='bbox 1686 3850 2033 3927; x_wconf 87' lang='lat' dir='ltr'><strong>priusquam</strong></span> <span class='ocrx_word' id='word_1_318' title='bbox 2098 3849 2174 3909; x_wconf 84' lang='lat' dir='ltr'><strong>ad</strong></span> <span class='ocrx_word' id='word_1_319' title='bbox 2222 3866 2326 3910; x_wconf 86' lang='lat' dir='ltr'><strong>eos</strong></span> <span class='ocrx_word' id='word_1_320' title='bbox 2372 3849 2636 3910; x_wconf 84' lang='lat' dir='ltr'><strong>Graecae</strong></span> 
     </span>
     <span class='ocr_line' id='line_1_36' title="bbox 387 3952 2637 4030; baseline -0.001 -17"><span class='ocrx_word' id='word_1_321' title='bbox 387 3953 618 4013; x_wconf 84' lang='lat' dir='ltr'><strong>litterae</strong></span> <span class='ocrx_word' id='word_1_322' title='bbox 663 3956 1102 4030; x_wconf 77' lang='lat' dir='ltr'><strong>permanarent,</strong></span> <span class='ocrx_word' id='word_1_323' title='bbox 1147 3971 1221 4013; x_wconf 86' lang='lat' dir='ltr'><strong>ex</strong></span> <span class='ocrx_word' id='word_1_324' title='bbox 1265 3953 1354 4013; x_wconf 87' lang='lat' dir='ltr'><strong>sui</strong></span> <span class='ocrx_word' id='word_1_325' title='bbox 1396 3953 1660 4029; x_wconf 89' lang='lat' dir='ltr'><strong>ipsorum</strong></span> <span class='ocrx_word' id='word_1_326' title='bbox 1707 3953 1928 4029; x_wconf 86' lang='lat' dir='ltr'><strong>ingenii</strong></span> <span class='ocrx_word' id='word_1_327' title='bbox 1970 3952 2196 4012; x_wconf 85' lang='lat' dir='ltr'><strong>viribus</strong></span> <span class='ocrx_word' id='word_1_328' title='bbox 2242 3970 2457 4030; x_wconf 85' lang='lat' dir='ltr'><strong>magna</strong></span> <span class='ocrx_word' id='word_1_329' title='bbox 2499 3969 2637 4012; x_wconf 87' lang='lat' dir='ltr'><strong>con·</strong></span> 
     </span>
     <span class='ocr_line' id='line_1_37' title="bbox 390 4053 2639 4134; baseline -0 -19"><span class='ocrx_word' id='word_1_330' title='bbox 390 4055 603 4116; x_wconf 90' lang='lat' dir='ltr'><strong>derent</strong></span> <span class='ocrx_word' id='word_1_331' title='bbox 655 4053 716 4114; x_wconf 89' lang='lat' dir='ltr'><strong>in</strong></span> <span class='ocrx_word' id='word_1_332' title='bbox 779 4056 935 4115; x_wconf 92' lang='lat' dir='ltr'><strong>omni</strong></span> <span class='ocrx_word' id='word_1_333' title='bbox 1001 4054 1331 4115; x_wconf 88' lang='lat' dir='ltr'><strong>litterarum</strong></span> <span class='ocrx_word' id='word_1_334' title='bbox 1391 4074 1614 4133; x_wconf 90' lang='lat' dir='ltr'><strong>genere</strong></span> <span class='ocrx_word' id='word_1_335' title='bbox 1675 4073 1875 4134; x_wconf 90' lang='lat' dir='ltr'><strong>opera.</strong></span> <span class='ocrx_word' id='word_1_336' title='bbox 1978 4055 2261 4131; x_wconf 82' lang='lat' dir='ltr'><strong>Neglexit</strong></span> <span class='ocrx_word' id='word_1_337' title='bbox 2320 4058 2381 4114; x_wconf 88' lang='lat' dir='ltr'><strong>et</strong></span> <span class='ocrx_word' id='word_1_338' title='bbox 2425 4053 2522 4113; x_wconf 87' lang='lat' dir='ltr'><strong>hio</strong></span> <span class='ocrx_word' id='word_1_339' title='bbox 2576 4058 2639 4114; x_wconf 85' lang='lat' dir='ltr'><strong>et</strong></span> 
     </span>
     <span class='ocr_line' id='line_1_38' title="bbox 389 4156 2638 4236; baseline 0 -20"><span class='ocrx_word' id='word_1_340' title='bbox 389 4157 533 4217; x_wconf 83' lang='lat' dir='ltr'><strong>alias</strong></span> <span class='ocrx_word' id='word_1_341' title='bbox 579 4174 729 4228; x_wconf 90' lang='lat' dir='ltr'><strong>rem,</strong></span> <span class='ocrx_word' id='word_1_342' title='bbox 775 4161 842 4216; x_wconf 93' lang='lat' dir='ltr'><strong>ut</strong></span> <span class='ocrx_word' id='word_1_343' title='bbox 886 4158 969 4217; x_wconf 85' lang='lat' dir='ltr'><strong>ita</strong></span> <span class='ocrx_word' id='word_1_344' title='bbox 1014 4158 1237 4235; x_wconf 89' lang='lat' dir='ltr'><strong>dicam,</strong></span> <span class='ocrx_word' id='word_1_345' title='bbox 1281 4159 1657 4236; x_wconf 87' lang='lat' dir='ltr'><strong>primariam,</strong></span> <span class='ocrx_word' id='word_1_346' title='bbox 1703 4157 1776 4217; x_wconf 92' lang='lat' dir='ltr'><strong>de</strong></span> <span class='ocrx_word' id='word_1_347' title='bbox 1825 4174 1971 4234; x_wconf 89' lang='lat' dir='ltr'><strong>qua,</strong></span> <span class='ocrx_word' id='word_1_348' title='bbox 2033 4174 2396 4235; x_wconf 78' lang='lat' dir='ltr'><strong>quamquam</strong></span> <span class='ocrx_word' id='word_1_349' title='bbox 2442 4156 2638 4217; x_wconf 89' lang='lat' dir='ltr'><strong>minus</strong></span> 
     </span>
     <span class='ocr_line' id='line_1_39' title="bbox 390 4257 2636 4337; baseline -0.001 -19"><span class='ocrx_word' id='word_1_350' title='bbox 390 4265 518 4318; x_wconf 85' lang='lat' dir='ltr'><strong>arte</strong></span> <span class='ocrx_word' id='word_1_351' title='bbox 564 4278 695 4319; x_wconf 92' lang='lat' dir='ltr'><strong>cum</strong></span> <span class='ocrx_word' id='word_1_352' title='bbox 745 4260 1094 4337; x_wconf 83' lang='lat' dir='ltr'><strong>quaestione</strong></span> <span class='ocrx_word' id='word_1_353' title='bbox 1142 4259 1527 4337; x_wconf 83' lang='lat' dir='ltr'><strong>dijudicanda</strong></span> <span class='ocrx_word' id='word_1_354' title='bbox 1571 4260 1875 4336; x_wconf 88' lang='lat' dir='ltr'><strong>cohaeret,</strong></span> <span class='ocrx_word' id='word_1_355' title='bbox 1918 4277 2114 4337; x_wconf 86' lang='lat' dir='ltr'><strong>pauca</strong></span> <span class='ocrx_word' id='word_1_356' title='bbox 2156 4259 2333 4318; x_wconf 88' lang='lat' dir='ltr'><strong>liceat</strong></span> <span class='ocrx_word' id='word_1_357' title='bbox 2376 4257 2636 4318; x_wconf 88' lang='lat' dir='ltr'><strong>addere:</strong></span> 
     </span>
    </p>
   </div>
  </div>
 </body>
</html>
