3166 4871
594 318 671 381 18
1587 312 1852 367 zacher

590 511 655 553 es
699 491 937 569 ratlich,
979 509 1099 551 von
1145 485 1409 563 παίειν,
1455 479 1872 568 ἑμπάζεσθαι
1917 492 2259 553 abzuleiten
2315 492 2422 552 das
2467 494 2596 553 dor.
2638 482 2832 565 παός,

580 596 708 672 jon.
752 583 924 673 πηός
970 594 1075 653 der
1118 584 1472 654 verwante.“
1559 594 1648 653 cf.
1697 592 1809 654 od.
1851 591 1905 652 θ
1952 589 2069 651 581
2120 573 2162 674 ἦ
2205 588 2307 664 τίς
2351 610 2457 653 τοι
2502 589 2615 653 καὶ
2658 584 2830 674 πηὸς

591 681 934 771 ἀπέφθιτο
960 680 1189 754 Ἰλιόθι
1218 685 1355 776 πρὸ
1386 679 1664 764 Ἐσθλὸς
1695 685 1848 768 ἐών,
1878 686 2167 774 γαμβρὸς
2195 682 2236 774 ἢ
2268 685 2622 775 πενθερός,
2667 690 2828 755 οἵτε

586 788 936 876 μάλιστα
960 787 1330 876 Κήδιστοι
1366 790 1725 855 τελέθουσι
1753 783 2080 875 μεθάῖμά
2108 815 2180 856 τε
2211 793 2324 856 καὶ
2357 792 2549 876 γένος
2580 783 2825 858 αὐτῶν.

587 902 743 961 Nam
783 901 845 959 in
888 889 1301 976 ἐμπάζεσθαι
1347 918 1548 959 curam
1612 899 1832 959 habere
1874 900 2124 961 alicuius
2166 903 2283 977 rei,
2326 899 2555 978 aliquid
2601 919 2830 979 curare,

584 1005 744 1063 inest
786 1002 913 1061 rad.
958 1019 1055 1060 πα
1084 1003 1184 1061 vel
1215 1019 1354 1079 παι,
1400 1002 1559 1061 unde
1593 993 1887 1078 ἔμπαιος.
1951 1003 2198 1065 Confert
2231 1003 2511 1064 Doederl.
2542 1005 2828 1081 Hesychii

587 1106 847 1183 glossam
890 1101 1174 1163 παῶται·
1208 1111 1560 1182 συγγενεῖς,
1608 1098 1865 1163 οἰκεῖοι.
1912 1094 2248 1176 Λάκωνες.
2325 1107 2551 1166 Tamen
2581 1107 2830 1167 offendit

587 1226 649 1286 η,
692 1206 806 1267 nisi
848 1195 1024 1285 πηός
1070 1225 1143 1265 ex
1188 1207 1397 1280 πα]ος
1441 1212 1508 1266 ut
1549 1196 1811 1286 πόληος
1856 1226 1931 1267 ex
1974 1206 2268 1282 nozsjog.

758 1297 1138 1386 Κραναός
1158 1355 1172 1379 ,
1218 1308 1379 1385 quod
1427 1309 1537 1368 soli
1585 1315 1859 1369 naturam
1903 1327 2177 1387 asperam
2223 1316 2284 1370 et
2329 1328 2602 1371 saxosam
2647 1312 2826 1388 signi-

584 1411 742 1489 ficat,
783 1412 943 1488 apud
989 1412 1313 1470 Homerum
1362 1411 1608 1470 Ithacae
1670 1411 1930 1488 insulae,
1993 1413 2154 1489 apud
2196 1414 2566 1489 posteriores
2608 1413 2746 1474 iude
2792 1432 2828 1472 a

585 1512 848 1573 Pindaro
894 1514 1251 1590 plerumque
1297 1514 1533 1573 Atticae
1600 1532 1965 1591 cognomen,
2028 1515 2079 1573 f
2138 1516 2408 1575 amisisse
2474 1516 2692 1577 dicitur
2750 1516 2825 1575 ab

585 1616 795 1676 Ebelio
842 1616 961 1675 KZ.
991 1613 1052 1691 4,
1094 1611 1236 1692 342,
1281 1616 1486 1675 Curtio
1529 1612 1651 1677 Et.3
1682 1612 1823 1674 535.
1913 1616 2245 1693 Cognatum
2293 1636 2425 1679 esse
2471 1618 2823 1678 vocabulum

584 1736 716 1778 cum
748 1706 1025 1796 κάρυον,
1070 1707 1314 1793 κράνος
1361 1717 1547 1793 galea,
1592 1707 1803 1797 κρόκη
1848 1708 2152 1798 κροκάλη
2196 1721 2371 1798 silex,
2429 1739 2543 1780 scr.
2587 1718 2826 1779 karalca

582 1819 957 1896 kokosnuss,
1012 1819 1290 1878 karkara
1337 1819 1554 1897 durus,
1601 1821 1808 1881 Curtio
1856 1820 1937 1893 (n.
1970 1818 2050 1878 42
2077 1813 2137 1894 b)
2198 1821 2372 1882 facile
2426 1823 2825 1883 concedimus.

582 1923 697 1984 Sed
744 1921 820 1981 de
864 1920 1063 1981 suffixi
1108 1928 1327 1982 natura
1370 1922 1519 1980 nihil
1549 1926 1748 1999 potest
1779 1922 2007 1983 confici.
2095 1921 2490 1996 Quamobrem
2536 1926 2597 1983 in
2631 1924 2824 1984 medio

580 2025 1010 2102 relinquamus.
1098 2025 1316 2101 Neque
1360 2024 1433 2084 de
1478 2013 1756 2101 κράνεια
1800 2014 2089 2102 κράνεον
2137 2030 2400 2104 constat,
2445 2030 2644 2087 utrum
2691 2046 2823 2087 cum

580 2115 878 2207 κραναός
922 2127 1289 2187 cohaereant
1331 2145 1540 2187 necne.

751 2230 960 2289 Restat
1003 2220 1260 2308 ἔρραος,
1306 2229 1469 2304 quod
1515 2246 1635 2288 non
1683 2228 1760 2288 ad
1806 2231 2057 2290 verbum
2101 2232 2162 2290 in
2195 2247 2295 2289 αω
2326 2248 2564 2307 revoco,
2609 2232 2715 2291 sed
2745 2231 2820 2290 ad

582 2330 828 2390 verbum
874 2334 1097 2391 mutum
1144 2330 1240 2390 vel
1284 2330 1549 2390 radicem
1596 2332 1803 2408 ipsam,
1849 2332 2009 2392 unde
2053 2351 2162 2408 per
2195 2349 2299 2391 αιο
2344 2333 2625 2393 suffixum
2671 2332 2822 2392 deri-

579 2433 708 2492 vari
755 2433 968 2511 potuit,
1013 2438 1081 2493 ut
1124 2432 1281 2493 infra
1325 2431 1361 2504 ξ
1410 2430 1487 2490 70
1534 2451 1667 2512 sqq.
1714 2437 1903 2495 multa
1965 2435 2204 2496 nomina
2246 2437 2306 2495 in
2354 2454 2500 2507 αιος
2542 2456 2580 2497 a
2625 2437 2823 2497 verbis

581 2536 758 2596 mutis
803 2534 1172 2596 descendere
1217 2534 1774 2597 demonstrabimus.

739 2623 1065 2718 Ἕρραος
1111 2657 1206 2715 ap.
1235 2637 1543 2716 Lycophr.
1594 2634 1756 2696 1316
1802 2643 1892 2699 est
1920 2640 2095 2717 aries,
2139 2637 2506 2701 Callimacho
2549 2639 2646 2715 (fr.
2671 2638 2821 2714 335)

581 2757 709 2799 esse
753 2757 964 2816 aprum
1011 2744 1218 2800 narrat
1281 2741 1468 2800 schol.
1513 2741 1815 2818 Lycophr.
1923 2742 1993 2801 In
2054 2742 2224 2802 libris
2284 2743 2684 2804 deterioribus
2729 2750 2825 2804 est

580 2830 848 2920 ἐρρωός.
937 2830 1132 2920 ἐρράς
1169 2856 1179 2866 ·
1227 2832 1413 2921 κριός
1460 2843 1718 2919 Hesych.
1794 2842 2025 2920 Benfey
2060 2845 2208 2903 Wzl.
2240 2846 2285 2922 I,
2330 2841 2443 2902 331
2497 2850 2559 2906 et
2602 2846 2821 2922 Leger-

581 2943 700 3003 lotz
747 2944 870 3003 KZ.
901 2942 1063 3020 VIII,
1109 2941 1188 3000 55
1209 2961 1443 3003 ·vocem
1489 2944 1771 3005 derivant
1815 2963 1850 3003 a
1895 2945 2021 3004 rad.
2065 2945 2261 3024 faoc,
2305 2965 2421 3007 scr.
2465 2947 2607 3006 vrsh
2651 2965 2818 3025 spar-

580 3064 749 3125 gere,
790 3063 1101 3123 generare,
1144 3045 1308 3122 quod
1354 3063 1473 3106 non
1518 3045 1903 3123 incredibile,
1950 3065 2130 3123 quum
2178 3066 2254 3107 ex
2297 3048 2427 3109 ead.
2471 3048 2673 3109 radice
2719 3050 2818 3111 lat.

577 3164 811 3223 vmeS,
871 3167 987 3208 scr.
1044 3147 1261 3207 vrsha·
1232 3165 1327 3220 ·,.§·
1390 3143 1613 3221 vrsha,
1659 3148 2027 3208 ννεήαὸήα-ε·
2071 3155 2313 3228 taurus,
2370 3151 2542 3212 zend.
2586 3152 2820 3212 archan

578 3251 695 3327 vir,
737 3269 828 3328 gr.
873 3236 1084 3329 ἄρσην
1127 3236 1356 3329 ἄρρην.
1448 3250 1535 3310 Of.
1561 3250 1805 3311 Curtius
1850 3252 1945 3311 Et.
1997 3271 2053 3311 n.
2095 3248 2235 3311 491.
2323 3253 2534 3329 Itaque
2579 3245 2820 3333 ἔρραος

576 3351 831 3412 fortasse
873 3370 946 3412 ex
990 3352 1316 3431 fepoacog,
1365 3345 1661 3432 ἐρραιος,
1709 3353 1745 3412 i.
1789 3372 1840 3414 e.
1886 3355 1988 3432 qui
2035 3371 2239 3414 semen
2285 3355 2531 3431 spargit.
2618 3354 2817 3429 Quan-

449 3441 453 3445 ’
576 3471 752 3530 quam
798 3472 1008 3530 parum
1057 3458 1320 3533 constat,
1365 3474 1548 3532 quum
1599 3456 1966 3534 nesciamus,
2009 3475 2085 3516 ex
2131 3475 2253 3532 qua
2295 3456 2556 3517 dialecto
2600 3462 2816 3536 poetae

573 3555 967 3616 Alexandrini
1034 3556 1149 3616 hoc
1221 3558 1579 3618 vocabulum
1642 3559 2019 3634 sumpserint.
2129 3560 2415 3634 Hesychii
2484 3550 2681 3639 ἐρράς
2741 3579 2816 3621 ex

576 3647 814 3737 ἐρραός
860 3658 1194 3720 mutilatum
1239 3678 1370 3721 esse
1404 3666 1691 3721 accentus
1722 3659 1917 3738 docet,
1960 3678 2139 3735 quam
2173 3662 2248 3721 ob
2282 3680 2407 3720 rem
2440 3664 2517 3722 M.
2547 3663 2818 3724 Schmidt

574 3760 731 3820 hanc
774 3759 1025 3821 formam
1069 3763 1347 3823 restituit.

745 3862 909 3922 Nihil
971 3867 1206 3925 constat
1267 3865 1341 3926 de
1406 3865 1745 3926 nominibus
1810 3865 2074 3942 propriis
2135 3866 2471 3942 hominum,
2530 3866 2816 3948 locorum,

574 3960 920 4023 fluviorum:
993 3955 1285 4038 Δαναός,
1329 3954 1630 4039 Μαλαός,
1682 3954 1948 4039 Ταλαός,
2003 3956 2309 4046 Ίῐηριδάη,
2353 3957 2664 4038 Κλάδαος
2708 3972 2813 4046 qui

575 4068 635 4123 et
678 4054 1000 4139 Κλάδεος,
1045 4056 1346 4144 Μάμαος,
1390 4062 1686 4139 Μέταον,
1742 4056 2012 4140 Τάναος,
2064 4057 2255 4128 Χάον
2300 4055 2472 4147 ὅρος.

744 4156 1056 4247 Ληπιάας
1098 4170 1271 4230 Hom.
1337 4187 1379 4227 α
1439 4165 1560 4226 297
1636 4187 1746 4246 per
1818 4170 2318 4231 assimulationem
2394 4189 2468 4230 ex
2532 4165 2811 4248 νηπιέας

575 4267 799 4329 factum
845 4273 952 4348 est,
997 4273 1063 4330 ut
1103 4251 1444 4348 γοάασκον
1488 4289 1522 4330 e
1564 4260 1910 4348 γοάεσκον.
2003 4273 2092 4333 of.
2124 4272 2409 4348 Mangold
2450 4271 2526 4332 de
2554 4271 2808 4333 diectasi

571 4370 905 4430 Homerica.
992 4371 1307 4431 Stud.V1.
1351 4367 1639 4431 204.16.
