3166 4871
525 272 649 337 258

527 453 832 509 tractasse.
877 475 956 484 —
1004 450 1134 508 Jam
1183 448 1508 508 Hesiodum
1559 467 1917 525 quamquam
1951 448 2155 524 paullo
2196 447 2436 524 saepius
2466 452 2768 515 memorat,

528 556 725 612 tamen
784 551 897 611 hoc
954 552 1035 610 ita
1087 550 1258 621 facit,
1305 555 1370 611 ut
1415 550 1557 611 mihi
1600 568 1948 628 persuasum
1994 551 2071 610 sit
2115 569 2247 609 eum
2295 550 2555 609 carmina
2598 547 2771 625 illius,

532 654 626 715 cui
673 653 886 714 Graeci
931 653 1262 714 secundum
1321 653 1479 714 inter
1521 654 1875 714 veterrimos
1917 657 2128 731 poetas
2171 652 2514 713 tribuebant
2559 653 2771 728 locum,

530 763 636 818 aut
692 757 933 817 omnino
993 775 1110 817 non
1176 757 1505 835 inspexisse
1566 760 1672 817 aut
1724 762 1894 829 „certe
1953 775 2162 834 parum
2231 755 2483 815 novisse.
2502 752 2581 828 ¹³⁸)
2688 755 2771 815 Ut

529 861 682 920 euim
729 860 990 919 omittam
1039 878 1115 945 ne
1160 878 1341 919 unum
1389 858 1628 936 quidem
1676 859 1869 919 locum
1916 858 1990 919 de
2036 858 2194 918 iilius
2238 859 2477 936 poetica
2505 861 2635 918 arte
2667 860 2771 917 aut

530 961 767 1022 dicendi
825 980 1048 1037 genere
1111 961 1270 1039 apud
1319 962 1666 1024 Ciceronem
1728 960 2008 1031 inveniri,
2076 980 2149 1021 ex
2207 960 2483 1021 omnibus
2527 959 2770 1020 Hesiodi

531 1064 888 1125 carminibus
951 1065 1141 1125 solam
1205 1064 1615 1141 Theogoniam
1675 1070 1962 1124 memorat
2019 1063 2200 1141 idque
2254 1064 2364 1141 ita,
2431 1068 2499 1123 ut
2552 1081 2626 1123 ex
2680 1063 2773 1123 his

532 1168 677 1228 locis
735 1167 972 1227 minime
1033 1166 1233 1244 colligi
1289 1168 1478 1246 possit
1537 1186 1671 1227 eum
1728 1166 1842 1227 hoc
1900 1185 2137 1227 carmen
2187 1165 2444 1244 legendo
2490 1165 2774 1242 attigisse.

531 1270 683 1330 Nam
731 1288 863 1330 cum
910 1270 969 1329 in
1018 1269 1134 1330 illis
1178 1269 1262 1344 (d.
1305 1269 1471 1331 deor.
1515 1276 1636 1331 nat.
1685 1275 1739 1347 1,
1785 1273 1863 1331 36
1909 1276 1970 1330 et
2013 1266 2146 1342 41),
2205 1287 2457 1346 quorum
2518 1268 2769 1328 alterum

520 1373 647 1451 jam
709 1391 895 1450 supra
943 1374 1148 1445 attuli,
1214 1392 1250 1433 a
1309 1373 1370 1434 G.
1417 1373 1648 1451 Vellejo
1711 1374 2009 1451 Epicureo
2069 1373 2228 1432 Zeno
2284 1378 2345 1431 et
2400 1371 2775 1449 Chrysippus

532 1476 709 1537 Stoici
758 1477 1142 1536 vehementer
1183 1477 1633 1554 vituperentur,
1696 1475 1857 1554 quod
1919 1475 2163 1536 Hesiodi
2209 1475 2443 1534 fabellis
2486 1474 2563 1534 ad
2605 1492 2773 1534 suam

531 1578 719 1655 ipsius
765 1577 1094 1638 doctrinam
1146 1576 1583 1639 defendendam
1630 1579 1714 1638 uti
1761 1579 1956 1638 conati
2004 1580 2157 1655 sint,
2215 1576 2456 1636 dubium
2506 1595 2623 1637 non
2672 1581 2779 1651 est,

533 1681 675 1758 quin
744 1681 1017 1741 Ciceroni
1076 1681 1236 1741 hunc
1296 1682 1492 1740 iocum
1556 1680 1835 1740 scribenti
1902 1679 2034 1740 libri
2090 1679 2581 1758 pbilosophorum
2638 1683 2777 1739 ante

531 1783 736 1843 oeulos
782 1784 1003 1844 versati
1050 1784 1189 1861 sint,
1235 1801 1353 1844 non
1385 1782 1745 1860 Theogonia
1790 1784 1938 1861 ipsa.
2024 1783 2226 1859 Atque
2273 1782 2393 1842 duo
2436 1782 2520 1841 illi
2567 1800 2781 1842 versus

535 1885 815 1946 llesiodei
864 1905 936 1946 ex
984 1887 1248 1946 carmine
1293 1886 1424 1956 ino,
1470 1885 1631 1962 quod
1685 1871 1904 1973 „Fora
1948 1879 2057 1944 καὶ
2104 1873 2373 1964 ἡμέραι“
2424 1885 2782 1946 inscribitur,

534 1991 591 2050 iu
641 1990 772 2068 ejus
817 1989 1098 2067 operibus
1143 1993 1449 2049 exstantes
1493 1989 1947 2067 proverbiorum
1990 1989 2245 2065 speeiem
2279 2006 2425 2066 prae
2470 2006 2533 2048 se
2577 1986 2781 2047 ferunt

535 2092 917 2169 omniumque
963 2092 1250 2152 notissimi
1299 2095 1456 2169 suut,
1483 2092 1587 2155 ‚ita
1627 2095 1695 2151 ut
1734 2092 1972 2151 minime
2003 2096 2358 2167 argumento
2390 2108 2518 2151 esse
2549 2091 2782 2168 possint

537 2194 808 2254 Ciceroni
853 2194 1001 2253 illud
1036 2212 1275 2254 carmen
1309 2198 1511 2254 notum
1546 2193 1742 2253 fuisse.
1816 2193 2073 2253 Primum
2115 2193 2269 2253 enim
2312 2192 2470 2252 haud
2504 2188 2781 2261 semei⁰⁰)

534 2301 640 2357 aut
683 2295 914 2357 Graece
959 2302 1064 2356 aut
1106 2296 1320 2356 Latine
1366 2294 1596 2373 profert
1639 2300 2025 2374 praeceptum
2073 2294 2257 2355 illud:

1351 2377 1453 2477 (εὖ
1496 2383 1554 2458 δ’
1558 2382 1965 2478 ἀποδοῦναι)

913 2486 1121 2580 Αὐτῷ
1163 2496 1263 2579 τῷ
1305 2495 1529 2580 μέτρῳ
1571 2495 1684 2559 καὶ
1729 2491 1939 2561 λώϊον
1978 2495 2121 2560 αἴκε
2172 2486 2405 2579 δύνηαι

534 2609 654 2664 turn
721 2603 794 2662 ad
862 2603 1000 2663 sam.
1049 2608 1106 2681 6,
1154 2607 1249 2674 18,
1296 2607 1333 2664 5
1394 2604 1477 2662 ita
1530 2603 1702 2663 dicit:
1794 2605 2025 2682 „Lepta
2092 2604 2484 2664 suavissimus
2556 2602 2785 2663 ediscat·

535 2706 859 2767 Hesiodum
906 2711 966 2766 et
1010 2706 1226 2767 habeat·
1270 2707 1328 2765 in
1376 2724 1506 2766 ore:

1237 2803 1360 2887 Τῆς
1406 2792 1464 2866 δ’
1468 2790 1703 2888 ἀρετῆς
1747 2799 1996 2886 ἱδρῶτα
2016 2805 2092 2881 ⁷⁰)

538 2911 707 2986 Quae
769 2912 959 2971 verba
1020 2929 1377 2989 quamquam
1439 2914 1792 2988 argumento
1856 2928 1987 2971 esse
2040 2909 2324 2971 videntur
2368 2911 2469 2970 ino
2515 2916 2783 2988 tempore

537 3032 758 3094 pueros
788 3015 1187 3075 Romanorum
1236 3031 1546 3074 numerum
1596 3012 1893 3091 quendam
1941 3014 2368 3074 sententiarum
2416 3033 2487 3073 cx
2518 3012 2782 3073 Hesiodo

537 3122 903 3194 sumptarum
966 3116 1236 3178 ediscere
1295 3115 1502 3177 solitos
1548 3134 1680 3176 esse
1723 3147 1808 3157 —
1852 3136 1988 3177 nam
2049 3116 2123 3177 de
2183 3116 2436 3194 integris
2479 3116 2613 3194 ejus
2658 3134 2781 3176 car·

538 3221 793 3281 minibus
851 3219 951 3280 vix
1014 3220 1264 3296 cogitari
1327 3236 1504 3297 posse
1560 3237 1671 3296 per
1729 3229 1793 3279 s'e
1854 3224 2104 3297 apparet
2154 3249 2239 3259 —
2300 3222 2497 3279 tamen
2547 3218 2781 3278 minime

539 3323 800 3401 probant
841 3322 1188 3383 Ciceronem
1241 3320 1482 3399 „Opera
1512 3325 1572 3381 et
1605 3321 1777 3382 Dies“
1821 3322 2158 3382 accuratius
2202 3322 2440 3398 cognita
2487 3320 2784 3381 babuisse.

539 3454 620 3466 -
682 3424 960 3502 Denique
1020 3442 1121 3502 ea,
1165 3442 1322 3501 quae
1379 3423 1454 3483 ad
1512 3425 1637 3484 Att.
1685 3428 1740 3502 7,
1788 3427 1884 3503 18,
1927 3427 1965 3485 4
2011 3424 2277 3502 profert:
2357 3424 2523 3500 „Ego
2567 3427 2782 3495 autem,

712 3657 780 3722 θ’)
813 3654 887 3710 cf.
920 3654 1126 3724 Bergk,
1161 3654 1518 3710 Griechische
1552 3651 2186 3722 Litteraturgeschichte
2210 3654 2254 3722 1,
2290 3669 2416 3723 pag.
2448 3657 2605 3708 1024:
2653 3653 2783 3717 „Bei

541 3741 648 3797 den
688 3740 932 3795 Rumeru
969 3739 1066 3795 hat
1100 3739 1310 3795 Hesiod
1345 3755 1453 3795 nur
1488 3739 1720 3810 gotinge
1755 3738 2084 3810 Beacbtuug
2119 3737 2433 3809 gesunden3
2468 3755 2577 3793 nur
2602 3737 2781 3808 virgil

541 3826 636 3881 hat
681 3825 836 3880 nicht
878 3841 984 3880 nur
1026 3825 1083 3880 iu
1128 3825 1339 3881 seinem
1385 3825 1631 3881 Gedicht
1674 3825 1813 3880 iiber
1858 3825 1966 3880 den
2016 3825 2315 3893 Landbau,
2364 3824 2469 3879 wie
2518 3839 2580 3879 er
2616 3823 2782 3878 kaum

540 3912 740 3967 andere
794 3911 1031 3980 kouute,
1075 3910 1193 3967 hier
1236 3911 1351 3966 und
1398 3911 1470 3966 da
1514 3912 1706 3967 seinen
1748 3911 2080 3980 Vorgiinger
2123 3926 2226 3965 vor
2260 3907 2496 3979 Augen,
2542 3909 2784 3964 sondern

542 3996 761 4052 scheint
794 3997 934 4053 auch
970 3997 1062 4053 die
1100 3995 1568 4067 genealogiseheu
1607 3994 1882 4051 Gedichte
1916 3994 2167 4064 gekannt
2202 4011 2270 4049 zu
2309 3994 2543 4051 haben.“

710 4086 779 4150 ⁰⁰)
814 4083 884 4138 cf.
919 4082 990 4138 ad
1026 4083 1144 4139 Att.
1186 4087 1264 4151 13,
1307 4085 1384 4152 12,
1420 4086 1476 4152 33
1533 4082 1687 4136 Brut.
1730 4086 1828 4152 153
1887 4080 1940 4135 d.
1976 4080 2070 4135 off.
2111 4085 2155 4148 1,
2193 4085 2273 4134 48.

708 4172 775 4235 ⁷⁰)
811 4168 975 4223 Hunc
1010 4183 1262 4234 versum,
1315 4172 1380 4222 ut
1414 4166 1553 4222 alios
1590 4168 1744 4222 locos
1779 4167 2054 4234 omittam,
2101 4165 2240 4220 Plat.
2285 4164 2338 4219 d.
2386 4179 2502 4234 rep.
2552 4165 2601 4232 2,
2640 4168 2668 4217 7
2702 4165 2783 4233 (p.

540 4253 725 4318 3641))
760 4254 939 4309 affert.
