3166 4871
1291 518 1326 590 ἓ
1362 524 1420 580 4.
1504 519 1665 575 Sed.

533 655 708 729 Quod
756 654 1028 715 Handius
1073 653 1125 728 (Ι
1157 656 1300 731 425,
1332 658 1396 723 8)
1441 655 1619 715 docet
1664 661 1727 713 at
1772 654 2038 714 indicare
2085 671 2207 711 rem
2242 655 2604 713 contrariam

364 761 468 816 aut
512 763 725 817 contra
769 759 1134 837 oppositam,
1175 757 1290 815 sed
1334 775 1452 816 non
1499 774 1835 834 opponere,
1888 755 1992 814 sed
2038 772 2358 814 secernere
2404 760 2464 814 et
2505 774 2604 832 ap·

364 878 587 937 ponere
650 858 742 929 id,
804 859 962 936 quod
1027 858 1513 934 distinguendum
1575 858 1882 934 videatur,
1941 860 1997 917 in
2054 859 2397 918 universum
2445 863 2607 918 certe

365 968 525 1021 recte
570 962 952 1021 observatum
998 965 1119 1031 est,
1177 960 1282 1020 sed
1341 961 1431 1031 id,
1493 961 1655 1038 quod
1715 961 2030 1020 maximum
2088 961 2245 1019 inter
2303 961 2412 1019 has
2457 960 2608 1020 duas

366 1064 690 1142 particulas
769 1065 1082 1125 intercedit
1156 1064 1505 1140 discrimen,
1580 1063 1916 1123 distinctius
2004 1063 2294 1122 indicavit
2374 1063 2607 1122 Keilius

365 1166 731 1240 (Observatt.
768 1170 920 1227 critt.
949 1169 1006 1226 in
1042 1168 1312 1244 Propert.
1346 1166 1483 1225 diss.
1514 1168 1704 1226 Boun.
1739 1169 1900 1227 1843
1948 1184 2005 1242 p.
2036 1169 2113 1225 41
2144 1164 2337 1243 seqq.)
2383 1164 2606 1225 docens

366 1272 427 1329 iu
471 1271 585 1329 sed
625 1272 983 1348 plerumque
1026 1271 1224 1330 inesse
1270 1272 1386 1329 vim
1435 1269 1803 1347 corrigendi,
1855 1270 1937 1328 ita
1982 1269 2249 1345 quidem,
2303 1276 2394 1346 ut,
2446 1269 2606 1345 quod

365 1373 423 1432 iu
472 1373 867 1450 praecedente
926 1376 1223 1433 sententia
1267 1371 1491 1432 dictum
1550 1374 1658 1448 sit,
1719 1390 1837 1432 nou
1883 1389 2129 1449 prorsus
2173 1371 2443 1442 tollatur,
2503 1370 2609 1431 sed

365 1477 704 1535 accuratius
750 1474 1087 1535 definiatur.
1176 1494 1250 1535 ex
1297 1476 1413 1534 hac
1459 1475 1773 1552 primitiva
1817 1474 2148 1551 particulae
2202 1475 2259 1532 vi
2305 1475 2612 1551 pleraque,

366 1596 706 1654 quanquam
752 1597 871 1638 non
920 1579 1144 1653 omnia,
1201 1596 1346 1637 usus
1400 1595 1625 1653 genera
1687 1577 1973 1654 explicari
2029 1581 2296 1653 possunt.
2386 1581 2613 1637 restant

367 1682 523 1739 euim
606 1680 925 1759 nonnulla,
1011 1681 1111 1740 ubi
1179 1680 1417 1741 liberior
1511 1697 1659 1739 usus
1734 1677 2089 1738 statuendus
2177 1684 2237 1738 et
2315 1679 2611 1756 primitiva

366 1782 459 1840 vis
502 1787 621 1841 tam
670 1783 905 1843 occulta
949 1787 1058 1858 est,
1105 1787 1170 1841 ut
1213 1783 1324 1841 nisi
1368 1782 1634 1841 violenta
1679 1786 1741 1840 et
1779 1779 2093 1840 artificiosa
2121 1782 2612 1858 interpretatione

368 1902 497 1943 eam
552 1886 768 1944 elicere
828 1903 1113 1961 nequeas.
1218 1890 1283 1944 ut
1340 1886 1592 1960 primum
1658 1902 1853 1959 pauca
1915 1884 2200 1961 simplicis
2266 1883 2612 1959 corrigendi

368 1990 429 2045 et
472 1987 810 2046 accuratius
854 1985 1178 2045 definiendi
1224 2003 1368 2045 usus
1414 1986 1690 2062 exempla
1734 1986 2002 2056 afferam,
2063 1984 2136 2045 cf.
2180 2004 2230 2044 c.
2276 1989 2396 2046 128
2441 1984 2610 2062 (177,

372 2091 482 2147 11:
528 2087 647 2159 die,
687 2086 953 2161 Chrys-ia,
998 2088 1110 2146 sed
1148 2084 1389 2159 verum),
1439 2092 1559 2148 133
1592 2084 1740 2160 (186
1780 2090 1891 2146 13:
1936 2103 2131 2145 vern-ra
2173 2088 2339 2160 mihi,
2378 2088 2611 2160 frater,

367 2182 482 2248 sed
523 2194 629 2248 tua
662 2190 839 2263 fide),
885 2194 968 2250 30
1012 2188 1118 2263 (32
1154 2194 1267 2251 15:
1313 2192 1664 2249 vestimenta
1712 2234 1725 2247 .
1772 2234 1785 2248 .
1841 2189 2031 2264 Tyria
2071 2191 2200 2249 sine
2245 2189 2459 2263 dubio,
2502 2190 2618 2249 sed

368 2293 488 2350 iam
530 2293 719 2350 semel
760 2289 927 2369 lota),
971 2295 1050 2353 32
1097 2292 1221 2366 (34,
1253 2290 1336 2369 8),
1383 2296 1464 2354 83
1510 2290 1637 2370 (99,
1670 2289 1757 2364 5).

540 2413 659 2472 Per
715 2430 780 2472 se
838 2416 1037 2472 autem
1099 2417 1354 2490 apparet
1415 2412 1655 2490 saepius
1716 2413 2017 2472 notionem
2080 2418 2184 2473 aut
2243 2414 2617 2492 senteutiam,

371 2534 491 2591 qua
563 2517 810 2575 alteram
886 2516 1265 2594 corrigimus,
1336 2517 1475 2575 huic
1549 2514 1989 2591 quodammodo
2064 2518 2393 2594 oppositam
2466 2535 2617 2577 esse.

370 2619 624 2693 primum
671 2617 927 2696 saepius,
972 2624 1287 2695 postquam
1336 2617 1561 2678 diutius
1607 2616 1683 2677 de
1730 2617 1933 2695 aliqua
1975 2636 2043 2677 re
2087 2618 2308 2678 dictum
2354 2623 2463 2696 est,
2505 2638 2616 2698 per

369 2720 483 2777 sed
523 2718 673 2778 haec
718 2739 818 2778 res
860 2720 977 2779 iam
1024 2721 1315 2779 omittitur
1360 2730 1422 2780 et
1464 2720 1536 2779 ad
1589 2720 1756 2780 aliam
1804 2721 2108 2780 transitur.
2195 2720 2294 2792 (cf.
2330 2722 2615 2796 Draeger.

372 2823 406 2891 ξ
438 2826 578 2892 333,
618 2827 675 2882 4.
763 2822 1072 2882 Kuehuer.
1102 2824 1164 2883 11
1208 2823 1244 2892 ἓ
1280 2826 1419 2900 162,
1461 2823 1524 2894 2)
1571 2823 1647 2881 cf.
1692 2840 1740 2882 c.
1778 2827 1854 2882 17
1901 2821 2026 2893 (19,
2067 2820 2151 2898 9),
2197 2826 2278 2883 89
2325 2821 2494 2901 (105,
2541 2823 2624 2899 5),

373 2928 450 2984 91
499 2921 679 2996 (110,
731 2922 860 2995 13),
919 2929 1036 2984 115
1083 2923 1271 3000 (147,
1321 2926 1401 2994 6).
1491 2925 1710 2983 similes
1756 2929 1894 2983 sunt
1939 2925 2053 2983 loci
2098 2943 2146 2983 c.
2194 2929 2271 2985 81
2322 2923 2461 3003 (96,
2510 2929 2623 2986 18:

372 3030 675 3083 amatores
740 3070 753 3082 .
804 3069 817 3083 .
883 3025 1165 3085 derident
1234 3026 1622 3084 solitudinem
1689 3041 1896 3084 meam.
2003 3027 2114 3085 sed
2179 3043 2300 3085 non
2360 3029 2620 3101 impune.

370 3144 507 3186 nam
553 3125 687 3200 etc.)
733 3134 794 3188 et
837 3146 887 3188 c.
919 3130 998 3188 95
1046 3126 1211 3201 (115,
1244 3132 1315 3189 3:
1355 3128 1588 3202 suffere
1632 3129 1921 3187 voluistss.
2016 3130 2129 3187 sed
2181 3146 2302 3188 non
2360 3130 2620 3205 impune.

375 3232 493 3288 iam
551 3230 708 3288 enim
755 3230 918 3303 sacro
976 3231 1186 3290 sciatis
1242 3235 1350 3290 etc.
1439 3231 1602 3290 hunc
1660 3231 1855 3290 locum
1904 3231 2198 3307 Apuleius
2258 3232 2496 3292 videtur
2561 3234 2619 3291 in
2712 3282 2716 3286 ,

376 3337 574 3392 mente
620 3332 918 3410 habuisse,
964 3352 1096 3392 cum
1142 3333 1202 3392 in
1253 3338 1483 3392 metam.
1529 3333 1557 3392 1
1601 3336 1680 3392 25
1728 3333 1973 3392 scribat:
2028 3334 2140 3392 sed
2196 3349 2316 3393 non
2361 3335 2621 3409 impune.

375 3436 492 3493 iam
552 3438 704 3494 enim
756 3436 919 3509 faxo
979 3436 1180 3502 scias).
1224 3466 1309 3474 --
1354 3436 1454 3495 hic
1511 3437 1801 3496 transitus
1856 3455 2037 3514 saepe
2080 3437 2164 3496 ita
2208 3437 2306 3514 fit,
2364 3443 2463 3515 ut,
2522 3439 2624 3514 qui

376 3539 676 3614 loquitur,
735 3556 800 3597 se
860 3537 1084 3614 aliquid
1146 3536 1444 3597 facturum
1506 3541 1611 3597 aut
1668 3538 1964 3598 dicturum
2027 3557 2156 3598 csse
2213 3540 2455 3599 indicet.
2552 3539 2626 3600 cf.

379 3658 428 3698 c.
458 3642 497 3698 4
544 3637 642 3717 (7,
688 3643 760 3699 4:
804 3641 916 3698 sed
960 3685 973 3698 .
1024 3685 1037 3698 .
1085 3637 1421 3715 effinqam).
1524 3659 1957 3717 nonnunquam
2002 3647 2204 3700 autem
2260 3644 2341 3718 is,
2397 3645 2498 3719 qui
2543 3644 2624 3702 lo-

376 3743 600 3819 quitur,
645 3744 954 3802 enuntiato
998 3761 1034 3801 a
1076 3743 1186 3801 sed
1230 3744 1550 3821 incipiente
1597 3744 1696 3802 vel
1744 3762 1809 3802 se
1852 3744 2045 3820 ipsum
2079 3745 2174 3802 vel
2220 3745 2396 3804 alium
2442 3764 2626 3823 quen·

383 3844 518 3903 dam
564 3843 791 3920 aliquid
838 3843 1037 3903 facere
1083 3845 1265 3904 iubet.
1326 3843 1397 3904 cf.
1445 3864 1492 3903 c.
1525 3848 1607 3906 48
1655 3843 1779 3921 (55,
1815 3849 1922 3905 15:
1966 3847 2081 3904 sed
2106 3852 2396 3906 narratu
2441 3845 2629 3925 mihi),

382 3950 460 4006 67
508 3943 643 4023 (79,
696 3949 799 4005 12;
860 3946 972 4004 sed
1024 3962 1221 4004 narra
1264 3944 1465 4024 mihi),
1526 3950 1604 4008 69
1653 3945 1791 4020 (82,
1838 3951 1909 4007 4:
1968 3948 2085 4006 sed
2145 3955 2312 4021 moe,
2375 3945 2630 4028 linqua),

385 4050 463 4109 75
495 4049 622 4127 (89,
657 4052 766 4108 16:
810 4050 924 4108 sed
961 4050 1225 4108 vivorum
1268 4048 1751 4127 meminerimus),
1800 4054 1915 4110 101
1964 4047 2130 4122 (123,
2160 4055 2233 4110 4:
2280 4052 2396 4111 sed
2416 4055 2629 4131 finqe),

387 4155 505 4213 102
553 4149 721 4226 (124,
756 4156 866 4212 10:
908 4153 1017 4211 sed
1050 4155 1256 4226 linye).

551 4272 702 4331 Aliis
748 4272 894 4331 locis
938 4291 976 4331 a
1018 4272 1128 4330 sed
1171 4274 1379 4350 incipit
1422 4275 1814 4350 parenthesis·
1898 4273 1969 4332 cf.
2016 4292 2067 4332 c.
2099 4276 2174 4333 61
2225 4271 2351 4351 (72,
2382 4278 2486 4353 22,
2529 4275 2628 4335 ubi

2116 4386 2224 4438 22*
