3166 4871
595 305 675 365 26
1522 306 1533 329 ³
1585 298 1850 354 zacher

594 478 796 538 sertim
840 497 1024 554 quum
1071 498 1141 537 ea
1186 462 1344 554 qnae
1387 483 1622 538 restant
1664 477 1882 537 suffixo
1915 494 1978 535 ιο
2027 476 2295 555 formata,
2339 477 2519 554 plane
2551 477 2826 537 diversae

594 583 712 641 sint
756 580 1019 657 originis.
1106 580 1490 658 (Quanquam
1559 581 1707 640 haec
1778 600 1894 640 non
1963 581 2094 640 sola
2156 580 2394 640 videtur
2437 598 2568 641 esse
2628 597 2830 656 causa,

593 702 728 743 nam
777 687 837 743 et
881 684 1073 759 ipsum
1122 682 1366 743 verbum
1414 677 1589 741 καὶω
1636 687 1696 742 et
1726 682 2016 742 vocabula
2061 682 2135 742 ab
2182 701 2252 742 eo
2301 682 2571 742 derivata
2599 699 2833 758 semper

594 787 911 846 retinuisse
961 785 1241 844 videntur
1287 803 1327 843 α
1373 785 1577 863 breve,
1622 786 1696 844 cf.
1741 785 1888 845 Lob.
1933 784 2102 845 Path.
2147 785 2239 844 El.
2286 785 2361 862 11,
2407 780 2505 863 36,
2553 788 2614 844 et
2659 802 2830 843 voca-

592 888 717 947 buli
765 873 1008 964 ἄγλαΐα
1051 887 1415 964 primitivum
1464 871 1742 965 ἀγλαός,
1801 888 1939 947 licet
1983 888 2249 947 omiserit
2292 888 2352 963 f,
2395 892 2593 946 tamen
2638 886 2832 962 ipsum

594 1008 836 1067 quoque
881 991 1123 1050 retinuit
1170 1007 1212 1047 α
1256 987 1483 1061 breve).
1569 991 1715 1050 Tria
1759 990 1917 1050 enim
1963 989 2375 1049 tantummodo
2405 990 2645 1067 reliqua
2676 994 2835 1066 sunt,

593 1111 748 1168 quae
791 1093 851 1150 in
899 1092 1313 1168 quaestionem
1360 1093 1594 1169 possint
1639 1092 1860 1153 venire.
1945 1092 2207 1151 Primum
2253 1080 2536 1164 βαιός,
2582 1095 2641 1150 et
2670 1090 2832 1168 apud

594 1196 919 1254 Homerum
988 1178 1294 1272 ἠβαὶος.
1386 1193 1561 1268 Quod
1627 1213 1809 1272 quum
1869 1195 1971 1254 vix
2031 1194 2221 1271 possit
2283 1212 2357 1253 ex
2417 1194 2535 1254 alio
2588 1194 2834 1253 fluxisse

592 1296 756 1356 fonte
801 1315 981 1372 qnam
1030 1292 1303 1373 παῦρος,
1352 1297 1450 1356 lat.
1486 1296 1762 1371 paulum,
1806 1299 1927 1373 got.
1966 1297 2140 1371 favai
2184 1295 2284 1364 (cf.
2315 1296 2475 1355 infra
2519 1295 2554 1366 ξ
2595 1292 2714 1373 le),
2759 1314 2832 1356 ex

593 1397 827 1472 ssafjog
874 1399 967 1457 vel
1012 1397 1258 1472 παῌος
1318 1403 1519 1459 natum
1568 1417 1700 1459 esse
1743 1399 2001 1459 videtur.
2089 1399 2166 1458 Et
2209 1386 2497 1467 σκαιός
2559 1398 2833 1458 vocabuli

595 1501 845 1561 formam
890 1501 1247 1579 primitivam
1310 1500 1435 1561 fere
1496 1501 1880 1562 consentiunt
1938 1502 2048 1560 viri
2110 1501 2268 1561 docti
2328 1499 2539 1574 (Kuhn
2603 1501 2664 1559 in
2711 1500 2836 1560 KZ.

594 1604 695 1681 IV,
740 1598 841 1662 22.
902 1602 1130 1679 Benfey
1179 1605 1328 1664 Wzl.
1373 1603 1419 1677 I,
1464 1600 1608 1681 618,
1653 1604 1896 1664 Curtius
1942 1604 2036 1662 Et.
2094 1622 2150 1662 n.
2205 1601 2339 1680 105,
2383 1601 2532 1662 Fick
2576 1602 2623 1680 1,
2671 1597 2836 1680 799),

593 1706 779 1765 fuisse
825 1705 1119 1779 oxafjog,
1165 1724 1318 1783 quae
1367 1710 1662 1781 congruat
1706 1724 1840 1765 eum
1871 1724 1983 1765 scr.
2007 1720 2210 1783 savya,
2254 1703 2424 1764 zend.
2458 1704 2672 1781 Ιιαυῃα,
2716 1708 2832 1764 vet.

593 1809 740 1868 slav.
785 1802 893 1881 ἔα]
930 1809 1188 1869 sinister.
1275 1808 1389 1870 Sed
1438 1828 1511 1867 ex
1577 1810 1677 1868 lat.
1720 1824 1969 1867 scaevus·
2029 1812 2314 1884 apparet,
2374 1806 2624 1867 formam
2686 1826 2833 1882 eam,

594 1909 756 1970 unde
802 1899 1029 1980 σκαιός
1078 1916 1279 1970 uatum
1327 1916 1455 1988 est,
1520 1929 1637 1975 non
1690 1910 1872 1969 fuisse
1918 1910 2153 1983 οκαὴὀ
2200 1908 2306 1969 sed
2355 1910 2624 1978 excuse,
2670 1908 2832 1986 quod

593 2032 667 2072 ex
714 2014 949 2086 oxaffjo
996 2032 1104 2089 per
1149 2014 1500 2090 epenthesin
1535 2013 1661 2073 iota
1691 2012 1919 2075 vocalis
1952 2012 2190 2072 factum.
2277 2011 2561 2073 Similiter
2606 1999 2832 2070 λαιόε

594 2135 666 2174 ex
715 2105 947 2185 λιιιΙῑός
993 2117 1213 2175 factum
1257 2116 1615 2191 intelligitur
1675 2134 1750 2175 ex
1794 2115 1892 2174 lat.
1939 2118 2145 2174 laevus
2201 2122 2260 2173 ct
2307 2114 2590 2190 Hesycbii
2633 2115 2834 2191 glossa

592 2212 780 2287 λαίας
826 2202 1127 2287 ἀσπίδας.
1178 2216 1446 2296 Κρῆτες.
1497 2213 1696 2292 λαίβα
1743 2202 1975 2289 ἀσπίς,
2038 2211 2269 2295 πέλτη.
2322 2210 2531 2291 λαίφα
2566 2230 2577 2241 ·
2612 2200 2823 2284 ἀσπίς.

595 2321 805 2396 ltaque
838 2320 1152 2379 verisimile
1186 2321 1439 2407 videtur,
1485 2321 1662 2379 etiam
1692 2309 1899 2392 βαιός,
1944 2320 2289 2396 praesertim
2323 2337 2508 2395 quum
2550 2324 2608 2378 et
2638 2318 2830 2394 ipsum

594 2423 670 2482 sit
712 2426 1039 2500 oxytonon‚
1086 2441 1204 2482 non
1250 2442 1326 2482 ex
1370 2420 1586 2496 HanJ‘o,
1631 2421 1738 2483 sed
1786 2443 1859 2484 ex
1903 2422 2096 2496 53⁶1th
2145 2426 2348 2482 natum
2393 2441 2540 2483 esse.

766 2526 979 2584 Mirum
1026 2526 1383 2586 vocabulum
1427 2532 1680 2603 propter
1724 2545 1765 2583 a
1797 2527 2040 2603 longum
2086 2531 2179 2585 est
2219 2513 2664 2602 βουγάΐος,
2708 2541 2826 2600 quo

594 2628 682 2686 bis
728 2645 873 2686 usus
906 2633 996 2687 est
1027 2628 1323 2688 Homerus
1364 2624 1603 2707 N824‚
1648 2641 1685 2686 ο
1722 2624 1818 2684 78.
1907 2628 2180 2687 Dubitari
2225 2628 2433 2704 nequit
2479 2627 2621 2704 quin
2669 2633 2831 2686 recte

594 2729 993 2789 Doederlinus
1039 2749 1094 2806 p.
1150 2728 1262 2788 117
1324 2736 1566 2791 secutus
1613 2729 1990 2790 Eustathium
2052 2730 2407 2791 vocabulum
2471 2732 2713 2789 revocet
2754 2728 2828 2788 ad

591 2826 796 2909 γαὶω,
855 2836 921 2891 ut
979 2831 1275 2909 significet
1336 2851 1506 2909 enm,
1568 2834 1673 2909 qui
1718 2833 2104 2892 immoderate
2165 2838 2224 2891 et
2267 2831 2680 2908 imprudenter
2723 2831 2833 2891 sibi

594 2936 705 3012 ipsi
773 2934 1019 2994 confidit
1077 2935 1425 3011 viribusque
1504 2936 1632 2995 suis
1693 2935 2001 3011 gloriatur.
2086 2930 2257 3012 γαίω
2313 2959 2396 2980 =
2439 2934 2713 3011 yaf-jm,
2758 2933 2832 2992 cf.

591 3034 869 3117 γαῦρος,
936 3037 1036 3097 lat.
1092 3038 1366 3116 ραιιάεο,
1440 3036 1604 3098 Ourt.
1650 3038 1742 3098 Et.
1805 3057 1860 3097 n.
1913 3034 2046 3095 172.
2153 3038 2525 3113 Digammate
2585 3036 2731 3096 eliso
2792 3054 2832 3108 ιε

592 3139 950 3216 productum
997 3144 1102 3200 est.
1190 3140 1364 3214 Quod
1413 3159 1598 3218 quum
1666 3158 1739 3201 ex
1787 3139 1948 3200 [adis
2009 3140 2240 3216 legibus
2299 3138 2574 3198 debuerit
2616 3138 2750 3197 fieri
2791 3155 2831 3215 η

592 3241 1000 3318 (quamobrem
1046 3242 1390 3304 zenodotus
1435 3243 1612 3303 scribi
1652 3243 1911 3319 jubebat
1954 3230 2326 3320 βουγὴιος),
2387 3242 2687 3317 suspicor,
2733 3259 2830 3298 vo-

594 3343 869 3404 cabulum
915 3346 1156 3405 omnino
1203 3364 1323 3404 non
1368 3363 1500 3405 esse
1546 3346 1844 3423 ionicum,
1903 3344 2009 3404 sed
2058 3349 2391 3404 ceterarum
2440 3342 2832 3403 dialectorum

593 3451 654 3505 et
698 3446 949 3506 maxime
993 3446 1255 3506 aeolicae
1302 3448 1632 3524 proprium.
1720 3448 1935 3524 Neque
1980 3447 2200 3507 desunt
2255 3447 2472 3523 quibus
2518 3446 2666 3506 haec
2710 3447 2831 3521 opi-

592 3548 692 3608 nio
736 3549 925 3624 possit
968 3547 1324 3608 confirmari.
1414 3551 1676 3608 Primum
1725 3550 1886 3609 hunc
1933 3566 2150 3610 morem
2183 3549 2472 3626 syllabam
2501 3547 2630 3622 βου
2659 3565 2829 3623 prae-

591 3652 812 3728 figendi
856 3651 1344 3712 Lacedaemoniis
1386 3654 1698 3731 proprium
1746 3653 1926 3713 fuisse
1974 3657 2226 3711 testatur
2273 3651 2639 3728 Hesychius:
2703 3646 2830 3724 βοῦ

590 3744 669 3812 τὸ
712 3748 876 3832 μέγα
921 3749 1031 3812 καὶ
1063 3745 1245 3814 πολὺ
1278 3750 1483 3835 δηλοῖ.
1529 3745 1863 3825 Λάκωνες.
1926 3754 2158 3815 Deinde
2189 3753 2504 3831 βουγαῑος
2548 3755 2625 3812 ab
2671 3754 2831 3812 insu-

591 3858 779 3915 larum
828 3859 1007 3917 maris
1054 3859 1201 3917 lonii
1249 3858 1460 3919 incolis
1504 3857 1730 3918 dietum
1777 3876 1906 3917 esse
1952 3857 2138 3917 tradit
2183 3857 2559 3916 Eustathius:
2649 3846 2712 3914 οἱ
2761 3849 2836 3913 ὸέ

592 3974 799 4034 φασιν
844 3947 935 4029 ὡς
981 3956 1422 4038 Λουλιχιῶται
1489 3955 1602 4018 καὶ
1646 3948 1891 4037 Σάμιοι
1939 3949 2104 4029 τούς
2143 3955 2833 4037 γαλακτοφαγοῦντας

591 4054 705 4119 καὶ
765 4056 974 4140 μηδὲν
1043 4052 1394 4139 ἰσχύοντας
1451 4056 1812 4139 βουγαίους
1877 4058 2208 4120 καλοῦσιν
2282 4060 2652 4138 (quanquam
2719 4063 2830 4120 hoe

595 4164 733 4222 milui
780 4164 1017 4222 videtur
1063 4168 1459 4223 commentum
1527 4164 1896 4240 grammatici
1959 4164 2213 4224 alicuius
2261 4164 2454 4223 locum
2509 4164 2675 4223 illum
2723 4161 2834 4223 Od.
2955 4223 2978 4244 ,

594 4281 629 4322 o
681 4264 758 4322 732·
824 4267 1121 4343 explicare
1194 4265 1530 4348 studentis).
1631 4256 2072 4347 Βούβρωστιν
2138 4267 2212 4327 ab
2256 4265 2547 4326 Aeolibus
2618 4266 2835 4342 priscis
