3166 4871
2487 288 2603 350 191

370 448 492 521 τὸν
523 451 843 543 Σάτυρον
886 449 1071 522 οὕτω
1114 452 1364 522 πλάσαι
1407 457 1520 521 καὶ
1565 459 1937 540 διεξελθεῖν
1967 455 2041 522 ἐν
2084 450 2240 541 ἤθει
2277 456 2609 540 πρέποντι

370 559 483 624 καὶ
528 558 824 624 διαθέσει
869 555 996 643 τήν
1043 550 1252 646 αὐτὴν
1309 556 1519 644 ῥῆσιν,
1566 549 1914 637 ὥσθ’ὅλως
1974 556 2207 643 ἑτέραν
2262 561 2359 643 τῷ
2402 560 2611 644 Δημο-

372 662 600 727 σθένει
661 663 1013 747 φανῆναι.“
1125 669 1320 745 Aptus
1393 669 1486 729 hic
1546 670 1715 729 locus
1773 668 2030 740 videtur,
2091 669 2184 728 cui
2243 668 2610 745 adjungatur

372 770 533 847 quod
598 770 673 829 de
735 771 949 848 Satyro
1025 772 1253 847 tragico
1316 771 1602 832 histrione
1669 777 1761 831 est
1820 770 2135 849 traditum;
2209 789 2383 847 quem
2444 774 2608 830 recte

370 872 737 933 Luedersius
780 873 1094 952 distinguit
1138 895 1174 933 a
1217 873 1436 953 Satyro
1491 873 1932 935 comoediarum
1976 878 2197 934 actore.
2284 874 2607 951 Tragicum

369 974 716 1035 histrionem
779 996 815 1036 a
873 977 1196 1039 Plutarcho
1263 978 1299 1036 1.
1347 978 1382 1034 1.
1453 977 1772 1055 significari
1838 976 2223 1036 statuendum
2284 981 2404 1052 est,
2468 977 2610 1053 quia

374 1078 838 1138 Demosthenem
872 1096 1084 1140 versus
1114 1079 1479 1158 Sophocleos
1509 1085 1569 1140 et
1600 1079 1958 1157 Euripideos
1989 1079 2379 1155 pronuntiare
2415 1078 2610 1156 jubet.

370 1180 533 1241 Idem
581 1201 618 1241 a
660 1181 932 1243 Luciano
988 1182 1223 1243 duobus
1270 1183 1417 1243 locis
1462 1200 1646 1261 supra
1706 1181 1957 1241 laudatis
2002 1199 2125 1241 uua
2168 1199 2302 1240 cum
2363 1181 2608 1257 tragicis

373 1285 758 1354 histrionibus
790 1286 1155 1345 nominatur:
1199 1285 1331 1346 Jov.
1363 1291 1512 1363 trag.
1546 1290 1619 1345 41
1672 1315 1757 1325 —
1803 1278 2057 1343 Πῶλον
2084 1277 2197 1341 καὶ
2242 1269 2608 1362 Ἀριστόδη-

367 1404 500 1465 μον
529 1381 640 1447 καὶ
671 1376 989 1466 Σάτυρον
1037 1434 1047 1446 .
1100 1435 1111 1446 .
1163 1435 1174 1446 .
1216 1375 1317 1460 οἷς
1345 1380 1593 1448 ἐκεῖνοι
1622 1373 2025 1465 σεμνύνουσι
2053 1376 2179 1466 τὴν
2209 1380 2605 1465 τραγῳδίαν.

371 1491 648 1568 Menipp.'
678 1495 755 1554 16
817 1492 1158 1553 nominatur
1225 1486 1699 1571 βΘεογείτονος
1743 1480 2271 1570 Μαραθώνιος“;
2351 1491 2610 1551 comicus

372 1597 524 1654 teste
566 1594 784 1655 Athen.
813 1596 974 1673 XIII,
1016 1615 1074 1673 p.
1106 1599 1257 1657 5910
1308 1594 1424 1656 fuit
1469 1592 1810 1672 Olynthius.

537 1697 886 1759 Narrationi
952 1699 1350 1759 Plutarcheae
1411 1716 1483 1759 ne
1548 1715 1821 1774 magnam
1896 1696 2073 1758 fidem
2132 1697 2465 1757 tribuamus
2536 1715 2608 1756 eo

366 1798 722 1877 impedimur
766 1819 946 1878 quum
1005 1802 1167 1879 quod
1229 1821 1436 1879 parum
1497 1800 1815 1861 verisimile
1863 1799 2099 1859 videtur
2145 1799 2607 1860 Demosthenem

368 1901 605 1963 dicendi
652 1905 798 1965 artis
842 1910 960 1965 tam
1009 1905 1214 1965 rudem
1263 1906 1320 1964 iu
1368 1903 1705 1965 contionem
1750 1902 1993 1982 prodire
2042 1919 2249 1962 ausum
2305 1918 2436 1960 esse
2482 1906 2605 1960 tum

368 2006 528 2081 quod
591 2006 663 2066 ab
708 2006 1008 2067 Aeschine
1068 2008 1305 2068 inimico
1366 2025 1672 2083 uunquam
1726 2005 1908 2083 hujus
1966 2003 2315 2065 calamitatis
2362 2002 2482 2062 ulla
2542 2002 2609 2064 tit

369 2109 606 2187 mentio,
652 2127 726 2168 ue
758 2110 836 2169 ibi
868 2108 1110 2187 quidem
1144 2110 1242 2170 ubi
1278 2128 1433 2187 quae
1466 2108 1747 2169 dicuntur
1778 2107 1852 2168 ad
1891 2109 2152 2186 priorem
2186 2107 2606 2167 Demosthenis

368 2214 622 2271 aetatem
656 2214 974 2290 pertinent.
1047 2215 1394 2285 Aeschines,
1441 2217 1572 2274 uta
1608 2211 2009 2273 Demosthene
2054 2209 2431 2270 acerbissime
2477 2209 2604 2270 illu·

367 2313 550 2385 ditur,
616 2314 743 2393 ipse
806 2315 1061 2376 libenter
1122 2316 1354 2394 profert
1418 2316 1773 2392 inimicoque
1839 2313 2165 2391 exprobrat
2238 2331 2394 2390 quae
2465 2312 2603 2372 olim

366 2419 731 2496 peccaverit3
804 2419 1039 2481 uberius
1120 2442 1166 2480 e.
1215 2440 1263 2481 c.
1335 2419 1438 2491 „d.
1497 2419 1534 2480 f.
1590 2419 1624 2478 l.
1688 2417 1810 2480 534“
1880 2416 2163 2479 describit
2232 2419 2605 2494 quantopere

366 2522 801 2584 Demosthenes
855 2523 1033 2602 legati
1084 2542 1327 2585 munere
1388 2523 1644 2601 fungens
1704 2541 1904 2583 coram
1949 2521 2227 2598 Philippo
2276 2517 2605 2580 Macedone

364 2623 562 2686 animo
619 2623 801 2686 fuerit
862 2628 1274 2707 perturbatus3
1330 2632 1492 2688 certe
1555 2625 1881 2687 Aeschines
1940 2622 2084 2684 illud
2140 2623 2187 2683 si
2248 2622 2482 2684 inimico
2541 2622 2602 2682 in

364 2729 572 2788 rostris
616 2729 932 2790 accidisset
975 2748 1304 2791 memorare
1350 2749 1468 2792 non
1517 2729 1824 2789 omisisset.
2347 2727 2350 2731 ’

532 2831 964 2910 Neoptolemus
1039 2832 1478 2909 tragoediarum
1556 2836 1726 2892 actor
1794 2828 2249 2890 Demosthenem
2328 2826 2602 2888 docuisse

364 2932 622 2991 traditur
677 2934 734 2992 in
785 2935 886 2994 vit.
914 2934 969 2993 X
1015 2953 1131 2995 orr.
1177 2954 1233 3012 p.
1276 2937 1426 2996 359⁰
1482 2937 1542 2993 et
1586 2951 1682 3009 ap.
1728 2932 2006 2992 Photium
2053 2923 2232 3001 49:23¹,
2294 2928 2393 2988 ubi
2440 2927 2602 3005 quod

367 3032 681 3094 memoriae
743 3034 1021 3112 proditur
1079 3035 1238 3095 haud
1303 3034 1484 3095 dubie
1544 3034 1744 3094 fictum
1809 3039 1920 3093 cst:
1984 3030 2468 3121 Demosthenem,
2537 3034 2605 3090 ut

363 3136 630 3214 integras
674 3138 1001 3198 sententias
1048 3157 1166 3199 uno
1213 3138 1425 3215 spiritu
1471 3136 1861 3213 pronuntiare
1892 3135 2163 3210 disceret,
2208 3132 2603 3210 Neoptolemo

366 3239 639 3300 histrioni
683 3239 886 3300 decem
936 3240 1094 3301 milia
1138 3241 1554 3300 drachmarum
1603 3238 1872 3298 solvisse.

418 3341 421 3345 ’
535 3343 947 3404 Andronicum
1038 3346 1298 3405 actorem
1372 3347 1666 3403 oratorem
1744 3340 2020 3401 docuisse
2097 3339 2343 3399 tradunt
2427 3356 2603 3398 anon.

361 3447 533 3524 proll.
578 3447 755 3507 rhett.
799 3448 835 3507 l.
874 3448 930 3525 l.‚
973 3450 1128 3507 auct.
1171 3447 1298 3506 viti.
1329 3446 1381 3506 X
1427 3464 1543 3507 orr.
1574 3466 1636 3524 p.
1666 3448 1807 3521 360,
1850 3442 2098 3503 Photius
2144 3461 2200 3519 p.
2231 3443 2374 3519 493,
2418 3439 2601 3514 Quin-

363 3551 447 3610 til.
492 3551 524 3610 i.
571 3568 656 3610 or.
686 3550 788 3627 XI,
834 3552 892 3627 3,
918 3554 971 3611 7.
1014 3580 1099 3590 -
1143 3551 1319 3609 Auct.
1363 3549 1490 3608 vitt.
1536 3552 1597 3608 et
1639 3547 1894 3607 Photius
1938 3545 2141 3606 eadem
2180 3543 2306 3604 fere
2353 3541 2603 3604 tradunt

363 3670 517 3730 quae
562 3653 622 3712 iu
667 3652 824 3712 Plut.
869 3654 1034 3712 Dem.
1076 3671 1124 3711 c.
1160 3657 1194 3714 7
1240 3652 1541 3729 leguntur,
1587 3650 1695 3709 nisi
1742 3648 1904 3727 quod
1934 3646 2284 3708 Andronico
2330 3647 2602 3707 tribuunt

362 3756 522 3834 quod
572 3754 934 3815 Plutarchus
993 3755 1065 3814 de
1109 3755 1324 3833 Satyro
1380 3754 1670 3831 tragoedo
1730 3751 1929 3812 refert.
2018 3742 2367 3825 Quintiliani
2415 3748 2601 3808 verba

362 3859 564 3920 fabula
607 3858 864 3936 quadam
911 3858 1216 3919 notissima
1263 3860 1478 3918 ornata
1521 3860 1663 3916 sunt
1708 3856 1857 3916 haec
1908 3853 2081 3927 „ideo
2136 3855 2265 3932 ipse
2308 3858 2429 3913 tam
2475 3849 2599 3910 dili·

360 3966 572 4039 genter
632 3960 795 4039 apud
839 3959 1245 4021 Andronicum
1307 3959 1664 4037 hypocriten
1726 3957 1984 4034 studuit,
2046 3962 2109 4018 ut
2165 3953 2598 4015 admirantibus
2670 3970 2681 3980 ·

361 4064 489 4142 ejus
535 4064 860 4124 orationem
894 4063 1144 4124 Rhodiis
1193 4082 1308 4125 non
1340 4062 1631 4122 immerito
1668 4060 1994 4121 Aeschines
2041 4058 2263 4119 dixisse
2294 4056 2598 4116 videatur:

367 4166 560 4241 „Quid
605 4166 655 4226 si
700 4167 891 4243 ipsum
938 4163 1309 4226 audissetis.“

535 4270 611 4329 Ut
671 4269 1013 4329 absolvatur
1056 4268 1170 4329 hoc
1213 4268 1346 4328 loco
1391 4267 1552 4344 quod
1600 4266 1676 4326 dc
1722 4264 2066 4327 Andronico
2129 4261 2419 4340 tragoedo
2480 4280 2596 4322 mc·
