3166 4871
2470 285 2593 345 413

349 458 546 533 legato
592 457 848 534 Augusti
894 476 1003 535 pro
1050 460 1329 534 praetore
1373 452 1860 532 regebanturffli,
1923 456 2181 533 Augusti
2240 462 2437 517 aetate
2477 448 2596 533 'per

350 559 718 636 praefectum
780 577 1036 636 eumque
1104 558 1530 636 primipilarem
1609 556 2057 617 administratas
2132 575 2298 634 esse;
2370 559 2597 619 scilicet

351 661 616 722 nondum
661 662 720 721 in
767 662 1112 738 provinciae
1156 660 1405 720 formam
1451 659 1734 719 redactae
1781 665 1952 719 erant
1999 660 2138 720 illae
2184 661 2481 737 regiones.

522 764 711 824 Aliter
771 782 870 824 res
926 781 1059 823 sese
1118 762 1296 822 habet
1354 764 1409 821 in
1473 762 1646 822 titulo
1694 767 1768 840 33
1832 763 2058 822 Moesia
2091 764 2218 840 jam
2265 764 2375 824 sub
2417 763 2594 823 finem

351 867 582 945 imperii
629 868 886 944 Augusti
931 866 1246 943 provincia
1290 865 1447 925 facta
1478 871 1611 925 erat
1629 861 1725 938 ³⁸).
1785 867 2045 926 Baebius
2074 864 2198 943 ille,
2244 867 2346 943 qui
2377 868 2596 926 iterato

350 969 712 1047 primipilatu
761 971 1118 1044 procurator
1160 969 1250 1028 Ti.
1299 966 1533 1028 Claudii
1565 967 1836 1028 Caesaris
1868 968 2205 1029 Germanici
2245 969 2445 1047 fiebat,
2486 969 2599 1028 sub

350 1072 596 1132 Tiberio
641 1070 988 1148 praefectus
1032 1070 1217 1131 fuisse
1262 1070 1505 1130 videtur
1547 1070 1609 1129 in
1654 1070 1910 1130 Moesia:
1971 1088 2168 1148 neque
2225 1075 2426 1132 tamen
2485 1072 2599 1149 ipsi

352 1173 700 1252 provinciae
762 1173 1027 1232 Moesiae
1082 1176 1393 1250 praeerat,
1451 1171 1559 1233 sed
1606 1173 1974 1249 civitatibus,
2033 1191 2194 1250 qnae
2250 1173 2408 1234 intra
2449 1172 2601 1234 fines

353 1277 704 1353 provinciae
748 1276 968 1336 liberae
1013 1277 1110 1334 vel
1153 1275 1580 1352 stipendiariae
1627 1275 1869 1335 relictae
1914 1280 2105 1336 erant.

525 1379 745 1439 Similis
806 1395 952 1437 cura
1010 1376 1199 1437 fuisse
1272 1377 1511 1436 videtur
1571 1374 1811 1437 Olennii
1874 1377 2256 1455 primipilaris
2317 1335 2601 1455 regendis

356 1482 560 1542 Frisiis
606 1481 861 1557 impositi
905 1477 1032 1558 (1);
1085 1480 1265 1557 hujus
1315 1481 1469 1540 enim
1516 1481 1782 1556 regimen
1830 1480 1975 1539 nibil
2021 1480 2186 1540 aliud
2231 1484 2379 1558 erat,
2420 1499 2599 1556 quam

356 1603 502 1644 cura
547 1584 710 1643 coria
753 1583 927 1643 boum
974 1601 1010 1642 a
1040 1582 1249 1642 Frisiis
1294 1580 1591 1659 exigendi,
1637 1581 1800 1659 quod
1850 1583 2092 1642 unicum
2138 1587 2269 1643 erat
2310 1584 2600 1644 tributum

357 1704 592 1756 eorum;
648 1689 964 1762 praeterea
1016 1683 1271 1744 fortasse
1336 1684 1591 1756 „civium
1638 1685 2064 1762 sociorumque
2111 1704 2385 1762 manum,
2442 1703 2602 1762 qnae

359 1790 537 1850 litora
580 1786 803 1848 Oceani
849 1786 1292 1864 praesidebut“‚
1337 1787 1587 1864 regebat
1630 1786 1727 1854 (cf.
1771 1788 1915 1847 Tac.
1961 1788 1996 1847 l.
2041 1806 2091 1847 c.
2134 1806 2177 1847 s.
2221 1787 2322 1847 fin.
2366 1787 2538 1865 cap.).

527 1890 862 1949 Titulorum
925 1894 1157 1950 4—11
1210 1888 1326 1966 ille,
1387 1888 1492 1965 qui
1534 1887 1644 1947 sub
1695 1892 1774 1949 10
1817 1891 2194 1967 perscriptus
2239 1893 2361 1961 est,
2433 1908 2602 1950 suam

358 1997 609 2053 aetatem
656 2010 773 2051 non
822 1992 1059 2062 indicat,
1104 2008 1309 2050 omnes
1341 1990 1557 2066 reliqui
1589 1989 1880 2050 Hadriani
1925 1995 2197 2068 tempore
2237 1992 2604 2052 recentiores

358 2102 526 2165 sunt;
588 2112 794 2154 omnes
852 2101 1050 2153 autem
1105 2097 1532 2170 procuraturas
1589 2093 2043 2171 primipilarium
2091 2096 2384 2172 afferunt;
2440 2094 2603 2154 unde

358 2196 756 2274 colligendum
802 2195 1039 2255 videtur
1068 2213 1218 2266 esse,
1262 2194 1659 2272 primipilares
1690 2202 1830 2255 ante
1861 2196 2301 2256 Antoninorum
2348 2201 2602 2258 aetatem

359 2317 607 2377 perraro
653 2298 750 2358 vel
796 2317 1135 2375 nunquam,
1193 2295 1335 2356 inde
1394 2297 1469 2355 ab
1514 2297 1629 2357 bac
1674 2301 1870 2357 aetate
1914 2298 2153 2375 saepius
2195 2297 2272 2357 ad
2319 2318 2602 2376 procura·

357 2408 552 2464 torum
600 2399 952 2478 dignitatem
996 2400 1361 2477 pervenisse.
1379 2396 1456 2471 ³⁹)
1518 2400 1885 2477 Plerumque
1929 2405 2126 2461 autem
2171 2402 2231 2461 in
2276 2401 2604 2478 provinciis

360 2505 550 2566 functi
598 2503 880 2563 videntur
925 2521 1056 2563 esse
1116 2501 1550 2581 procuraturis3
1627 2503 1881 2580 legimus
1942 2521 2044 2564 eos
2105 2503 2409 2564 ditissimis
2467 2523 2646 2582 pro·¹

361 2609 570 2668 vinciis
646 2607 1019 2684 praepositos
1091 2605 1305 2676 fuisse,
1379 2610 1447 2664 ut
1505 2605 1738 2665 Galliae
1796 2605 2189 2683 Lugdunensi
2252 2605 2484 2679 (8.10)
2545 2612 2606 2667 et

361 2709 778 2831 Cappadociae
823 2703 943 2785 (4),
1028 2726 1279 2785 quarum
1345 2714 1604 2785 utraque
1673 2707 2001 2768 ducenaria
2061 2712 2222 2779 erat;
2293 2710 2604 2787 plerisque

531 2892 599 2955 ³⁷)
638 2889 805 2957 Marq
842 2886 867 2939 1
905 2902 959 2954 p.
1002 2891 1113 2940 134.

530 2972 912 3042 ³⁸)cf.Ma1·.q
951 2972 977 3024 1
1013 2989 1064 3039 p.
1108 2975 1219 3025 147.

530 3062 596 3125 ³⁹)
638 3055 980 3123 Hirscbteld‚
1029 3056 1219 3110 Roem.
1268 3056 1810 3124 Staatsverwaltung
1855 3072 1907 3124 p.
1947 3058 2039 3109 241
2093 3056 2432 3111 immutatam
2477 3074 2605 3114 esse

362 3147 467 3201 hoc
502 3152 748 3213 tempore
786 3144 1067 3207 rationem,
1105 3157 1248 3211 qnae
1284 3142 1658 3195 intercederet
1691 3141 1839 3194 inter
1873 3150 2268 3209 procuraturas
2294 3149 2352 3198 et
2377 3145 2605 3199 militias

364 3238 657 3301 equestres
694 3240 846 3283 recte
896 3229 1185 3295 cognovit3
1231 3228 1451 3281 duobus
1496 3227 1689 3295 primis
1726 3226 1869 3281 enim
1907 3244 1960 3295 p.
1998 3227 2123 3282 Chr.
2161 3229 2402 3284 saeculis
2439 3230 2609 3284 homi-

362 3333 466 3373 nes
511 3324 801 3386 equestres
848 3325 1145 3383 postquam
1193 3329 1292 3381 per
1339 3314 1509 3366 breve
1548 3320 1768 3381 tempus
1805 3310 2190 3380 praefecturas
2226 3315 2320 3371 vel
2359 3316 2626 3371 tribuna-⁴

364 3410 456 3457 tus
501 3402 651 3471 apud
698 3400 925 3454 militias
970 3398 1339 3467 provinciales
1383 3405 1708 3467 gesserunt,
1757 3399 2134 3466 procuraturis
2186 3401 2367 3454 ornari
2415 3403 2608 3458 solitos

363 3504 488 3543 esse
525 3487 583 3540 in
622 3488 802 3556 iisque
838 3484 1133 3553 plurimum
1170 3484 1368 3538 aetatis
1415 3483 1672 3552 degisse,
1718 3482 1799 3537 ita
1851 3490 1915 3538 nt
1963 3485 2175 3538 militiis
2221 3487 2384 3555 quasi
2419 3489 2608 3558 prolu-

364 3574 588 3629 deretur
632 3578 1051 3640 procuraturae‚
1100 3569 1253 3639 quod
1302 3569 1585 3637 proprium
1623 3567 1735 3622 fuit
1768 3568 1981 3622 ordinis
2019 3570 2298 3639 equestris
2334 3570 2609 3645 officium;

362 3657 720 3713 inferioribus
756 3656 1036 3710 aetatibus
1073 3656 1298 3709 militias
1335 3661 1627 3722 equestres
1664 3661 1859 3709 auctas
1886 3652 2015 3709 esse'
2039 3656 2233 3710 addita
2258 3658 2612 3726 praefectura

366 3743 628 3813 legionis,
697 3757 839 3811 quae
898 3741 1186 3795 veteribus
1256 3740 1691 3809 primipilaribus
1756 3741 2029 3795 committi
2095 3743 2336 3811 solebat3
2412 3743 2611 3813 hisque

364 3828 833 3899 „primipilaribus
881 3823 1180 3894 praefectis
1228 3825 1498 3895 legionis“
1547 3833 1679 3894 post
1726 3827 1993 3880 diuturna
2038 3828 2322 3897 stipendia
2356 3833 2415 3882 et
2449 3829 2613 3897 quasi

367 3931 469 3985 pro
521 3913 765 3982 praemio
819 3918 1212 3982 procuratnras
1268 3912 1429 3965 datas
1483 3927 1641 3979 esse,
1701 3917 1886 3967 tamen
1942 3913 2218 3967 dissentio
2265 3913 2335 3967 ab
2385 3912 2612 3967 Hirsch-

364 4000 536 4055 feldio
581 3999 729 4067 quod
778 3997 1030 4065 Septimii
1074 3996 1267 4052 Severi
1312 4003 1495 4051 aetate
1543 3996 1649 4052 hoc
1696 3996 1902 4051 factum
1939 4012 2062 4052 esse
2099 3998 2286 4066 ponit,
2334 4013 2460 4052 cum
2497 4006 2536 4053 t.
2574 4005 2613 4053 t.

366 4104 410 4142 s.
449 4102 492 4141 s.
531 4092 663 4141 4—6
699 4085 770 4139 ad
807 4084 1073 4139 Hadriani
1109 4099 1308 4139 aevum
1345 4085 1605 4153 redeant,
1640 4090 1931 4153 praeterea
1965 4100 2019 4138 v,
2056 4084 2110 4139 d.
2148 4085 2315 4153 plane
2350 4085 2615 4155 neglexit,

366 4172 519 4241 quod
569 4170 717 4226 baud
763 4185 885 4225 raro
932 4170 1097 4224 etiam
1142 4170 1355 4239 optima
1399 4175 1582 4225 aetate
1630 4170 1937 4225 iteratus
1986 4170 2358 4240 primipilatns
2405 4171 2615 4240 gradus

365 4265 485 4312 erat
519 4258 591 4312 ad
626 4264 1040 4326 procuratur-am
1077 4253 1174 4323 (cf.
1210 4257 1464 4325 proximo
1501 4256 1726 4325 capite).

2100 4360 2205 4412 28*
