3166 4871
2504 297 2627 359 ‘229

395 480 721 559 credimus,
778 480 997 557 prioris
1057 479 1342 556 temporis
1389 482 1685 552 oratores,
1742 476 1821 565 dc
1881 476 2242 537 Graecarum
2305 476 2633 535 litterarum

393 582 605 644 studiis
649 584 958 643 senserint.
1047 583 1308 641 Primum
1367 582 1517 641 enim
1566 581 1699 657 ipso
1752 579 1920 638 initio
1967 578 2213 638 secundi
2260 577 2333 638 de
2397 581 2633 638 oratore

394 685 528 745 libri
577 686 788 747 Cicero
834 684 1056 759 Quinto
1117 683 1287 744 fratri
1348 685 1407 743 in
1467 683 1809 743 memoriam
1854 684 2098 742 revocat
2155 700 2427 758 magnam
2487 679 2635 758 ipsis

394 789 600 865 pueris
643 787 830 848 fuisse
862 789 1201 864 opinionem
1247 787 1313 847 L.
1345 787 1628 848 Crassum
1674 804 1792 845 non
1823 785 1959 861 plus
2003 785 2273 861 attigisse
2310 784 2636 859 doctrinae,

396 909 575 968 quam
622 897 911 968 quantum
944 891 1137 968 prima
1182 890 1281 949 illa
1312 888 1527 967 puerili
1556 888 1930 948 institutione
1975 888 2284 965 potuisset,
2329 889 2406 948 Μ.
2435 891 2631 946 autem

394 994 718 1054 Antonium
782 995 1023 1054 omnino
1083 992 1273 1053 omnis
1335 991 1693 1053 eruditionis
1759 995 2060 1068 expertem
2118 995 2300 1068 atque
2357 991 2630 1067 ignarum

397 1094 595 1168 fuisse,
641 1096 799 1173 quia,
844 1099 911 1156 ut
953 1101 1163 1174 postea
1209 1095 1402 1166 docet,
1448 1092 1530 1168 (d.
1576 1113 1660 1155 or.
1694 1098 1748 1165 2,
1780 1092 1847 1166 4)
1899 1094 2073 1164 „Fuit
2114 1092 2229 1152 hoc
2272 1094 2331 1152 in
2381 1096 2635 1169 utroque

394 1215 618 1276 eorum,
661 1204 729 1259 ut
758 1200 1012 1262 Crassus
1056 1217 1175 1259 non
1207 1203 1326 1258 tam
1375 1198 1698 1258 existimari
1743 1197 1932 1256 vellet
1963 1215 2081 1256 non
2114 1195 2412 1274 didicisse,
2457 1213 2634 1272 quam

392 1299 497 1360 illa
541 1301 847 1379 despicere
889 1306 947 1362 et
993 1306 1328 1362 nostrorum
1361 1301 1662 1361 hominum
1706 1301 1767 1358 in
1801 1299 1957 1359 omni
2004 1317 2225 1376 genere
2256 1298 2633 1376 prudentiam

395 1402 640 1464 Graecis
698 1406 1027 1482 anteferre3
1088 1404 1387 1465 Antonius
1463 1408 1660 1463 autem
1721 1400 2175 1479 probabiliorem
2237 1400 2353 1461 hoc
2412 1401 2635 1478 populo

396 1507 722 1568 orationem
782 1507 912 1568 fore
972 1507 1262 1568 censebat
1319 1524 1519 1583 suam,
1577 1506 1627 1565 si
1687 1504 1927 1565 omnino
1988 1503 2267 1564 didicisse
2328 1522 2635 1581 nunquam

393 1612 733 1685 putaretur3
777 1615 956 1687 atque
988 1611 1071 1670 ita
1116 1628 1178 1670 se
1225 1613 1479 1686 uterque
1524 1608 1860 1684 graviorem
1906 1606 2058 1681 fore,
2102 1608 2151 1666 si
2195 1608 2345 1666 alter
2376 1610 2638 1666 contem-

398 1730 559 1784 nere,
614 1713 766 1773 alter
810 1731 886 1773 ne
933 1730 1107 1773 nosse
1162 1712 1402 1789 quidem
1450 1711 1715 1773 Graecos
1768 1708 2130 1770 videretur.“
2225 1709 2458 1783 Quibus
2503 1727 2637 1769 cum

398 1815 596 1876 verbis
654 1817 832 1893 plane
892 1819 1258 1893 congruunt,
1317 1833 1470 1892 quae
1512 1814 1655 1874 ibid.
1694 1818 1815 1875 153
1861 1812 2189 1872 Antonium
2248 1812 2636 1871 disserentem

397 1917 658 1978 inducit:
714 1937 1076 1996 quamquam
1123 1935 1276 1995 opus
1334 1918 1413 1977 sit
1456 1918 1721 1978 Graecas
1776 1916 2006 1975 litteras
2050 1915 2376 1991 attingere,
2437 1917 2634 1973 tamen

397 2020 794 2097 imprudentis
853 2037 983 2080 esse
1044 2020 1160 2080 hoc
1219 2018 1503 2079 confiteri.
1594 2018 1881 2095 Ejusdem
1942 2021 2144 2076 autem
2203 2017 2439 2092 generis
2498 2019 2639 2076 sunt

400 2122 603 2183 Crassi
659 2123 961 2182 sententia
1023 2120 1103 2194 (d.
1166 2140 1249 2182 or.
1303 2126 1356 2198 1,
1392 2117 1554 2198 195),
1618 2139 1695 2179 ex
1752 2138 1873 2196 qua
1933 2137 2088 2179 unus
2131 2120 2243 2178 XII
2305 2118 2635 2179 tabularum

397 2224 636 2286 libellus
680 2224 1114 2301 praeferendus
1163 2229 1255 2284 est
1297 2223 1673 2284 bibliothecis
1718 2224 1977 2282 omnium
2024 2222 2535 2300 philosophorum,
2579 2223 2639 2281 et

400 2326 666 2405 ejusdem
713 2326 897 2387 verba
941 2325 1022 2401 (d.
1053 2346 1139 2389 or.
1173 2331 1231 2404 2,
1261 2322 1367 2398 21)
1419 2325 1726 2396 „Saeculis
1770 2326 1970 2385 multis
2013 2328 2152 2385 ante
2196 2325 2509 2401 gymnasia
2553 2325 2638 2384 in-

397 2433 581 2492 venta
623 2435 788 2511 sunt,
844 2450 1025 2510 quam
1070 2431 1131 2492 in
1196 2431 1268 2491 iis
1309 2431 1654 2509 philosophi
1701 2430 1931 2508 garrire
1977 2426 2353 2507 coeperunt.“
2448 2428 2637 2502 Quem

400 2536 459 2595 in
506 2534 747 2595 modum
794 2536 903 2595 etsi
949 2534 1124 2595 facile
1170 2534 1436 2595 concedo
1469 2535 1772 2596 Ciceronis
1816 2533 2185 2611 temporibus
2219 2550 2445 2610 paucos
2481 2531 2638 2609 judi-

401 2655 570 2698 casse
600 2656 674 2698 ex
719 2638 806 2711 iis,
852 2639 954 2715 qui
985 2638 1276 2714 ampliore
1321 2638 1452 2699 loco
1482 2638 1605 2697 nati
1652 2642 1713 2698 et
1741 2637 1955 2697 litteris
1984 2636 2189 2696 imbuti
2221 2638 2411 2711 crant,
2440 2639 2638 2694 tamen

398 2743 620 2819 rarius,
666 2740 894 2818 opinor,
939 2741 1150 2802 Cicero
1196 2741 1346 2801 baec
1392 2745 1452 2801 et
1494 2741 1635 2800 talia
1689 2740 2066 2818 proferentes
2109 2737 2463 2810 induxisset,
2525 2737 2640 2797 nisi

402 2844 715 2917 „doctrina
756 2843 1001 2903 aliunde
1044 2841 1267 2922 petita“
1332 2843 1644 2919 permultis
1708 2842 1918 2902 fuisset
1975 2842 2131 2902 odio.
2229 2841 2429 2917 Atque
2484 2838 2637 2898 idem

400 2964 472 3006 eo
527 2945 834 3024 probatur,
909 2944 1073 3022 quod
1137 2944 1377 3022 saepius
1431 2944 1493 3003 in
1555 2944 1721 3004 libris
1778 2943 2092 3003 rhetoricis
2149 2946 2209 3002 et
2267 2940 2641 3018 philosophis

402 3048 615 3110 Graeci
661 3047 757 3106 vel
802 3046 1087 3107 Graeculi
1135 3047 1321 3123 inepti
1369 3050 1662 3106 vocantur
1682 3043 1730 3119 ⁹)
1773 3076 1860 3087 —-
1902 3047 2177 3121 Denique
2237 3062 2413 3120 quam
2463 3042 2639 3103 aliam

402 3151 477 3212 ob
523 3167 795 3211 caussam
838 3149 898 3209 in
956 3148 1209 3209 actionis
1254 3150 1545 3209 Verrinae
1594 3148 1897 3209 secundae
1942 3148 2211 3208 oratione
2255 3147 2354 3206 IV.
2398 3146 2515 3224 ita,
2575 3149 2643 3204 ut

402 3254 561 3333 fecit,
605 3252 677 3312 de
723 3251 959 3329 optimis
992 3251 1358 3313 Graecorum
1404 3251 1700 3312 artificum
1735 3251 2015 3328 operibus
2061 3253 2121 3310 et
2164 3249 2238 3309 de
2284 3250 2429 3308 miro
2461 3247 2641 3326 hujus

401 3357 610 3434 populi
654 3355 861 3415 talium
922 3373 1121 3415 rerum
1184 3372 1385 3415 amore
1429 3353 1653 3414 dixisse
1699 3372 1831 3413 eum
1890 3358 2200 3431 putemus,
2261 3369 2439 3429 quam
2502 3351 2643 3427 quia

394 3459 632 3538 judices
674 3458 778 3518 illa
821 3476 1007 3535 opera
1063 3458 1229 3518 nihili
1274 3455 1587 3517 aestimare
1634 3457 1687 3516 ei
1744 3473 2097 3533 persuasum
2143 3454 2320 3514 erat?
2379 3485 2467 3494 —
2524 3452 2641 3515 Sed

402 3565 552 3623 haec
596 3563 901 3622 hactenus.
988 3562 1108 3620 Iam
1154 3561 1212 3619 id
1262 3559 1673 3637 quaerendum
1719 3563 1825 3638 est,
1869 3559 2012 3637 qnid
2056 3577 2123 3619 re
2166 3576 2310 3619 vera
2354 3556 2430 3617 de
2461 3556 2642 3618 Grae-

404 3683 607 3726 corum
653 3664 896 3742 ingenio
955 3664 1235 3723 senserit:
1295 3681 1417 3740 qua
1461 3663 1536 3723 de
1579 3682 1677 3735 re,
1742 3667 1808 3723 ut
1851 3662 1995 3740 quid
2038 3663 2097 3722 in
2159 3661 2504 3721 universum
2559 3659 2643 3719 di-

405 3767 657 3828 cendum
704 3772 936 3843 putem,
972 3767 1098 3844 jam
1147 3785 1305 3826 nunc
1352 3765 1635 3837 indicem,
1678 3766 1761 3825 ita
1805 3765 1932 3825 fere
1967 3764 2196 3842 judico.
2281 3764 2643 3823 Persuasum

403 3870 543 3931 mihi
593 3873 684 3929 est
729 3869 780 3929 ei
841 3869 898 3928 in
949 3869 1289 3929 universum
1338 3869 1601 3930 Graecos
1646 3870 2066 3945 Romanosque
2112 3866 2480 3943 comparanti
2535 3865 2645 3925 hos

573 4121 619 4188 ⁰)
654 4119 707 4173 d.
751 4134 828 4173 or.
878 4122 923 4186 l,
949 4124 1042 4188 473
1084 4119 1161 4173 ib.
1194 4124 1314 4187 1023
1360 4118 1432 4174 ib.
1461 4122 1589 4188 2213
1638 4119 1806 4172 Tusc.
1838 4123 1880 4185 1,
1908 4123 1972 4171 56
2008 4115 2077 4171 cf.
2115 4117 2168 4169 (1.
2203 4133 2280 4170 or.
2319 4119 2366 4182 2,
2397 4120 2644 4182 16—20,

404 4204 500 4259 nbi
537 4204 678 4258 falso
716 4202 1078 4258 contenditur
1103 4202 1329 4259 Graecis
1356 4204 1556 4260 deesse
1594 4204 1823 4258 verbum
1852 4202 2052 4257 Latino
2090 4202 2377 4270 „ineptus“
2414 4214 2642 4268 respon-

405 4289 563 4357 dens,
601 4304 721 4343 cum
759 4288 1002 4343 habeant
1041 4280 1296 4360 ἄκαιρος.
