3166 4871
1013 234 1098 320 De
1134 265 1340 320 nomin.
1376 265 1434 319 in
1470 283 1637 330 -αιος,
1705 266 1739 335 ἕ
1776 269 1855 319 15.
2480 272 2559 331 47

305 447 445 505 Non
515 446 675 503 euim
740 444 825 504 sic
887 443 1107 504 dictum
1169 448 1260 504 est
1314 447 1382 503 ut
1431 461 1490 502 v.
1534 461 1585 502 c.
1644 443 1758 503 hoc
1813 442 1973 519 apud
2035 443 2249 503 Moer.:
2312 427 2562 501 ὀστοῦν

310 532 625 617 Ἀττικῶς
674 561 687 573 ·
737 533 980 605 ὁστέον
1011 535 1424 626 Ἑλληνικῶς.
1515 545 1634 606 Sed
1690 548 1850 605 esto!
1914 564 2256 622 quanquam
2315 564 2432 605 non
2476 546 2560 604 di-

310 651 554 726 stincte,
619 654 686 709 ut
742 651 825 708 ait
870 648 1233 726 Lobeckius,
1295 649 1370 711 de
1427 648 1843 709 terminatione
1901 649 2305 725 praecipiunt,
2363 636 2560 708 tamen

315 753 444 829 ipsa
488 753 659 811 vocis
706 770 880 828 quam
929 753 1189 811 afferunt
1233 750 1427 810 forma
1471 752 1902 825 demonstrant,
1947 751 2102 809 hanc
2147 767 2280 809 esse
2325 751 2561 809 atticam

315 854 554 914 dicendi
586 872 871 914 normam.
945 853 1059 914 Sed
1093 857 1160 913 ut
1189 854 1304 913 hoc
1334 851 1753 931 concedamus,
1782 852 2083 928 quomodo
2115 852 2254 911 inde
2286 852 2561 911 concludi

314 961 532 1033 potest,
575 957 753 1016 aliam
792 956 1065 1015 vocabuli
1111 955 1359 1015 formam
1407 972 1525 1015 non
1571 955 1857 1033 extitisse,
1901 973 2100 1031 neque
2146 954 2331 1014 ullum
2378 956 2561 1030 scrip·

316 1066 506 1118 torem
570 1056 687 1119 alia
748 1076 992 1135 quoque
1038 1057 1312 1118 vocabuli
1358 1056 1553 1117 forma
1599 1058 2047 1134 uti·potuisse?
2135 1058 2289 1116 Nam
2338 1062 2565 1134 quanta

316 1160 372 1219 iu
422 1178 547 1219 uno
590 1178 772 1236 saepe
804 1161 1096 1221 vocabulo
1125 1158 1390 1219 varietas
1434 1159 1513 1219 sit
1552 1160 2057 1236 terminationum,
2103 1159 2275 1218 modo
2322 1148 2561 1217 καστά-

316 1278 473 1320 vata
516 1263 874 1323 vocabulum
921 1262 1036 1322 fuit
1078 1262 1432 1339 testimonie,
1475 1265 1535 1321 et
1578 1260 1944 1322 Lobeckium
1990 1262 2183 1337 ipsum
2229 1262 2561 1339 posteriorc

316 1370 591 1441 tempore
634 1364 925 1425 mitiorem
970 1382 1042 1423 ac
1087 1363 1481 1424 liberaliorem
1524 1362 1750 1424 factum
1811 1380 1943 1423 esse
2003 1364 2315 1455 minusque
2378 1363 2561 1423 fuisse

316 1467 650 1527 studiosum
696 1469 895 1526 omnia
935 1467 997 1525 in
1042 1467 1299 1526 Atticam
1346 1465 1637 1526 dicionem
1684 1464 2029 1542 redigendi,
2087 1469 2352 1542 arguunt
2409 1484 2562 1542 quae

316 1570 373 1629 in
420 1569 904 1645 Paralipomenis
949 1567 1026 1628 de
1069 1568 1183 1627 hoc
1214 1566 1504 1627 vocabulo
1549 1567 1719 1645 dixit,
1762 1585 1948 1645 supra
1976 1586 2013 1648 a
2043 1567 2215 1628 nobis
2246 1568 2562 1644 exscripta.

317 1671 454 1745 Qua
499 1671 852 1731 liberalitate
896 1670 1112 1730 vellem
1172 1670 1349 1730 etiam
1408 1670 1466 1730 in
1512 1669 1860 1746 Phrynicho
1906 1687 2051 1730 usus
2096 1676 2270 1731 esset.
2354 1671 2562 1747 ltaque

316 1774 659 1833 accuratius
702 1774 763 1833 in
806 1772 1086 1832 vocabuli
1130 1771 1353 1832 formas
1398 1773 1791 1849 inquiramus.
1877 1764 2082 1849 Atque⁴
2132 1790 2314 1849 quum
2372 1772 2563 1833 tribus

320 1878 575 1936 niaxime
646 1876 1012 1952 argumentis
1085 1874 1516 1935 vocabulorum
1581 1873 1810 1935 formae
1881 1874 2220 1953 firmentur,
2292 1875 2560 1935 codicum

316 1979 633 2055 scriptura,
661 1978 834 2037 metri
867 1978 1241 2054 necessitate,
1270 1977 1790 2053 grammaticorum
1820 1976 2189 2053 praeceptis:
2234 1982 2562 2038 extremum

322 2081 434 2139 hoc
473 2081 601 2156 jam
648 2080 942 2156 novimus,
1000 2082 1232 2139 restant
1275 2078 1397 2139 duo
1442 2078 1669 2156 priora.
1757 2078 1872 2139 Sed
1936 2076 2208 2138 codicum
2267 2081 2562 2156 scriptura

320 2183 474 2241 hanc
518 2182 595 2241 ob
639 2199 877 2241 causam
925 2182 1118 2240 minus
1159 2180 1438 2257 praesidii
1484 2180 1760 2258 praebet,
1820 2180 1980 2257 quod
2041 2180 2310 2258 plerique
2370 2200 2563 2259 casus,

320 2285 443 2343 sive
504 2304 541 2343 a
601 2279 965 2361 κεραμεοῦς
1023 2285 1150 2343 sive
1211 2303 1247 2342 a
1291 2272 1611 2360 κεράμεος
1671 2282 2063 2360 declinantur,
2120 2284 2298 2359 plane
2356 2284 2560 2344 eadem
2665 2298 2674 2309 ·

320 2390 571 2447 utuntur
614 2385 825 2464 forma,
881 2370 1135 2447 accentu
1179 2386 1310 2447 solo
1356 2386 1612 2446 diversa.
1699 2384 1891 2459 Quam
1937 2403 2127 2464 parva
2169 2390 2366 2447 autem
2411 2384 2562 2447 fides

318 2490 374 2549 iu
423 2490 770 2550 accentibus
814 2488 1091 2550 habenda
1144 2490 1222 2549 sit
1262 2488 1548 2567 librariis,
1606 2489 1741 2565 quis
1784 2492 1878 2548 est
1919 2489 2020 2564 qui
2067 2491 2342 2549 nesciat?
2428 2490 2560 2549 Jam

317 2610 501 2668 quum
547 2592 846 2652 interdum
891 2591 1119 2651 formae
1157 2595 1501 2651 contractae
1529 2609 1569 2649 a
1595 2588 1926 2670 κεραμοῦς
1956 2591 2291 2651 declinatae
2319 2590 2559 2650 tradan-

318 2703 444 2771 tur,
499 2693 796 2755 interdum
842 2694 1073 2755 solutae
1116 2711 1189 2754 eo
1234 2699 1515 2771 accentu,
1569 2693 1740 2769 quasi
1785 2712 1823 2751 a
1866 2683 2185 2772 κεράμεος
2228 2693 2562 2753 declinatae

317 2797 455 2872 siut,
498 2815 620 2857 non
667 2797 903 2873 longius
945 2814 981 2855 a
1023 2813 1170 2855 vero
1217 2796 1426 2856 abesse
1473 2797 1585 2856 sibi
1629 2796 1943 2873 quisquam
1975 2794 2168 2855 videri
2210 2795 2417 2873 possit,
2458 2796 2561 2872 qui

320 2898 475 2957 banc
543 2899 864 2976 genuinam
926 2898 1199 2959 vocabuli
1267 2897 1516 2958 formam
1591 2916 1723 2958 esse
1790 2896 2181 2958 affirmaverit
2242 2887 2564 2976 κεράμεος

316 2997 649 3078 κεραμοῦς
693 3004 760 3061 ut
801 2990 1081 3079 χρύσεος
1118 2996 1429 3078 χρυσοῦς,
1473 2984 1797 3080 ἀργύρεος
1841 2984 2189 3079 ἀργυροῦς.
2276 2999 2395 3059 Sed
2425 3001 2566 3060 licet

318 3121 393 3162 ne
437 3104 517 3162 ab
561 3104 776 3168 Atticis
819 3102 1060 3180 quidem
1122 3103 1267 3180 ipsis
1324 3119 1563 3180 semper
1621 3106 1970 3162 contractae
2013 3101 2150 3160 sint
2200 3102 2446 3162 vocales
2502 3105 2562 3161 in

319 3203 497 3264 huius
542 3205 784 3282 generis
814 3205 1136 3282 vocabulis,
1179 3211 1240 3265 ct
1282 3224 1319 3264 a
1360 3205 1617 3282 posteris
1662 3203 1828 3263 haud
1869 3221 2006 3263 raro
2051 3203 2278 3263 formae
2325 3203 2561 3263 solutae

320 3309 443 3367 sint
484 3311 815 3383 usurpatae
860 3306 1005 3383 (qua
1049 3307 1125 3366 de
1169 3325 1234 3366 re
1278 3310 1536 3383 egerunt
1580 3306 1765 3366 Piers.
1801 3304 1879 3365 ad
1909 3306 2094 3364 Moer.
2137 3324 2195 3382 p.
2227 3301 2369 3380 284,
2413 3304 2560 3364 Lob.

316 3409 392 3468 ad
438 3411 666 3485 Plu-yn.
709 3428 773 3486 p.
800 3405 943 3487 207,
986 3409 1240 3470 Kahner
1282 3408 1455 3469 Ausf.
1485 3409 1585 3470 Gr.
1618 3408 1718 3469 Gr.
1753 3410 1794 3485 Ι,
1838 3427 1897 3487 p.
1928 3405 2068 3485 314,
2106 3405 2189 3485 3),
2235 3411 2301 3467 ut
2347 3409 2562 3468 Moeris

318 3511 542 3571 formas
606 3511 833 3572 solutas
896 3515 1183 3588 tanquam
1248 3528 1593 3572 communes
1656 3514 1926 3588 opponat
2001 3512 2324 3570 contractis
2387 3500 2561 3587 quasi

319 3615 510 3674 atticis
553 3597 831 3680 (σ’σῖτοῦν
875 3598 1165 3683 ‹itum-,c
1213 3626 1226 3638 ·
1273 3598 1513 3672 ὀστέον
1546 3601 1972 3692 Ἑλληνικῶς,
2017 3618 2077 3671 et
2117 3608 2405 3690 χρυσοῦς
2435 3607 2562 3670 καὶ

316 3712 525 3793 χρυσῆ
571 3699 861 3784 &notak
897 3726 913 3741 ·
948 3704 1229 3794 χρύσεος
1272 3709 1386 3772 καὶ
1424 3704 1674 3792 χρύσεα
1702 3700 2049 3794 Ἕλληνες),
2089 3718 2285 3774 tamen
2329 3715 2389 3772 in
2435 3716 2560 3774 uni-

318 3835 558 3877 versum
608 3817 835 3877 formae
880 3817 1110 3877 solutae
1157 3817 1341 3878 multo
1387 3818 1585 3877 rarius
1627 3817 2024 3878 inveniuntur
2066 3834 2244 3893 quam
2290 3820 2561 3876 contrae-

318 3923 445 3979 tae:
503 3922 634 3980 eius
685 3922 884 3979 autem
939 3919 1014 3979 de
1057 3937 1180 3996 quo
1223 3919 1456 3996 agimus
1499 3919 1776 3980 vocabuli
1822 3919 2010 3978 multo
2054 3917 2260 3994 plures
2303 3917 2560 3978 traditae

319 4029 456 4082 sunt
511 4021 743 4082 formae
810 4020 1039 4081 solutae
1105 4039 1281 4097 quam
1360 4025 1720 4082 contractae.
1831 4020 2229 4094 Quamobrem
2296 4019 2560 4097 suspicio

321 4124 533 4200 oritur,
594 4124 734 4184 illas
780 4143 898 4183 nou
944 4143 981 4182 a
1022 4112 1341 4200 κεράμεος
1384 4123 1489 4183 sed
1535 4142 1574 4183 a
1628 4119 1993 4202 κεραμεοῦς
2052 4122 2445 4195 descendere,
2502 4126 2562 4181 et

320 4232 569 4288 accentu
638 4231 868 4287 mutato
935 4227 1044 4286 has
1107 4227 1333 4286 formas
1397 4226 1611 4286 atticas
1676 4243 1810 4286 esse
1865 4222 2284 4285 restituendas.
2384 4222 2561 4296 Quod
