3166 4871
596 292 680 354 96
1628 286 1887 342 Zacber

597 465 843 528 formam
889 464 1230 526 femininam
1276 457 1627 543 usurpatam
1688 482 1820 526 esse
1867 464 1946 526 ad
1991 466 2181 542 ipsam
2227 465 2573 543 qualitatem
2620 464 2696 523 ab
2741 462 2842 522 ad·

586 568 816 645 jectivo
860 586 1204 645 expressam
1235 568 1536 629 abstracte
1580 568 1940 646 ponendam,
1984 569 2198 636 omisso
2228 567 2610 630 substantivo
2638 567 2841 643 aliquo

598 671 743 731 nihil
786 672 900 732 nisi
946 671 1294 748 essentiam,
1350 661 1431 731 τὸ
1477 659 1648 731 εἶναι
1693 671 2092 749 significante,
2152 677 2214 732 et
2274 675 2436 733 recte
2479 670 2611 748 ipse
2654 668 2843 729 Lobe-

597 772 768 834 ckius
813 793 870 853 p.
902 770 1025 831 360
1070 792 1264 852 paene
1309 778 1724 852 portentosum
1768 774 1963 834 videri
2020 774 2131 853 ait,
2191 775 2455 835 Graecos
2508 791 2619 850 pro
2680 773 2844 832 calor

596 876 815 936 dixisse
860 877 1073 954 calida,
1116 896 1227 955 pro
1266 877 1517 937 virilitas
1546 875 1760 937 virilis.
1831 875 1980 951 Quis
2011 877 2165 938 enim
2196 877 2521 954 putaverit,
2562 875 2845 950 Graecos,

598 997 780 1056 quum
813 979 1106 1040 haberent
1135 979 1613 1042 terminationem
1645 996 1714 1038 ια
1745 980 1821 1039 ad
1844 980 2145 1040 abstracta
2166 978 2450 1057 fingenda
2471 978 2844 1056 destinatam,

600 1100 718 1141 non
768 1081 878 1141 hac
923 1083 1345 1143 terminatione
1392 1087 1459 1144 ut
1501 1084 1650 1143 alias
1695 1083 1778 1142 sic
1806 1085 2000 1162 *etiam
2047 1082 2125 1142 ad
2169 1083 2471 1143 abstracta
2524 1101 2600 1143 ex
2644 1065 2844 1141 ἀνάκ-

597 1200 768 1263 τωρ,
828 1173 1216 1265 ἐλεύθερος,
1276 1177 1639 1263 ἐπίκουρος
1699 1185 1772 1244 al.
1829 1183 2115 1261 fingenda
2172 1203 2314 1245 usos
2372 1203 2503 1246 esse
2562 1184 2725 1258 (uam
2769 1202 2843 1244 ex

599 1288 965 1365 prototypis,
1019 1287 1180 1348 uude
1234 1287 1537 1367 adjectiva
1582 1290 1643 1348 in
1688 1304 1791 1358 ιος
1834 1271 2239 1367 ἀνακτόριος
2283 1280 2667 1366 ἐλευθέριος
2712 1279 2846 1345 ἐπι-

599 1378 874 1468 κούριος
934 1389 1332 1469 pullularunt,
1394 1409 1514 1451 non
1575 1409 1653 1451 ex
1712 1391 1805 1450 his
1864 1390 2011 1468 ipsis
2074 1390 2389 1469 adjectivis
2451 1390 2691 1451 uomina
2744 1389 2847 1449 illa

597 1491 902 1553 abstracta
946 1492 1226 1553 derivata
1269 1511 1402 1554 csse
1443 1491 1745 1570 apparet),
1805 1492 1912 1554 sed
1970 1492 2111 1553 huic
2168 1493 2422 1571 simplici
2483 1497 2544 1553 et
2588 1493 2847 1553 usitatae

604 1593 869 1672 fingendi
931 1594 1147 1656 rationi
1207 1596 1563 1675 praetulisse
1620 1596 1784 1655 illam
1844 1613 2024 1672 quam
2068 1594 2410 1657 Lobeckius
2464 1597 2537 1657 iis
2594 1596 2849 1674 imputat

603 1698 759 1758 viam
809 1699 1228 1776 complicatam
1273 1704 1335 1760 et
1377 1698 1660 1777 arduam,
1702 1704 1768 1759 ut
1812 1699 2126 1777 adjectivis
2170 1700 2288 1760 illis
2330 1700 2512 1760 tacite
2555 1698 2849 1759 adderent

605 1799 1042 1862 substantivum
1072 1805 1133 1862 et
1161 1803 1353 1878 ipsum
1394 1802 1778 1880 abstractum,
1822 1802 1970 1880 quin
2015 1802 2541 1863 abstractissimum
2585 1831 2674 1842 —
2716 1800 2850 1878 quis

607 1906 803 1964 autem
851 1904 1059 1984 nescit,
1102 1923 1222 1982 quo
1269 1905 1551 1983 proprius
1589 1905 1793 1981 lingua
1821 1905 2024 1983 aliqua
2051 1906 2127 1965 ab
2158 1905 2388 1983 origine
2416 1905 2510 1983 sit,
2554 1922 2626 1965 eo
2658 1902 2848 1981 magis

604 2007 760 2085 viva,
804 2011 1106 2087 concreta,
1150 2009 1397 2086 speciali
1428 2009 1858 2069 vocabulorum
1896 2007 2331 2086 significatione
2359 2009 2460 2086 uti,
2506 2025 2627 2085 quo
2658 2007 2849 2084 magis
2944 2021 2953 2026 ·

603 2105 903 2189 senescat,
965 2130 1036 2172 eo
1097 2112 1276 2191 plura
1335 2111 1622 2173 adhibere
1681 2111 1985 2196 abstracta
2042 2117 2103 2172 et
2156 2112 2465 2190 generalia
2505 2139 2593 2152 —
2635 2110 2850 2172 subau-

604 2212 838 2273 dientes
895 2214 1068 2274 talia:
1131 2202 1323 2294 τύχη,
1385 2209 1642 2293 δρᾶσις,
1699 2202 2025 2291 διάθεσις,
2081 2213 2144 2275 id
2202 2219 2292 2276 est
2347 2213 2494 2274 nihil
2551 2213 2681 2275 fere
2737 2213 2852 2273 nisi

604 2332 826 2376 meram
870 2318 1168 2377 notionem
1216 2313 1341 2377 τοῦ
1385 2304 1605 2377 εἶναιῖ

780 2410 890 2480 32.
980 2417 1149 2494 Quae
1196 2424 1396 2481 autem
1442 2416 1788 2481 Lobeckius
1831 2421 2008 2481 affert
2050 2419 2380 2481 sententiae
2425 2437 2572 2481 suae
2615 2420 2854 2498 auxilia,

608 2542 680 2583 ea
722 2523 893 2583 nulla
935 2527 1092 2584 sunt.
1184 2524 1445 2583 Primum
1492 2524 1669 2583 etiam
1714 2522 1777 2583 in
1824 2527 2029 2584 nostra
2057 2524 2325 2601 ipsorum
2356 2518 2564 2602 lingua
2593 2523 2852 2584 eundem

606 2642 780 2685 usum
826 2643 958 2685 esse
988 2624 1260 2703 affirmat,
1304 2643 1487 2702 quum
1521 2625 1789 2685 dicamus
1833 2626 1934 2685 die
1964 2640 2138 2701 enac,
2183 2624 2282 2685 die
2309 2626 2495 2698 meite,
2540 2626 2639 2686 die
2667 2623 2855 2685 ebene

608 2731 720 2788 etc.
809 2728 1149 2806 Iisdemque
1194 2726 1447 2789 testibus
1491 2728 1681 2789 utitur
1710 2728 2006 2789 Ameisius
2035 2727 2114 2789 ad
2144 2726 2256 2790 od.
2287 2745 2348 2806 a,
2392 2724 2493 2806 97,
2536 2728 2641 2805 qui
2686 2727 2854 2788 bisce

606 2828 798 2890 fretus
866 2829 1242 2893 adminiculis
1315 2849 1391 2891 ne
1449 2829 1886 2892 substantivum
1948 2830 2191 2908 quidem
2262 2831 2543 2891 omissum
2601 2847 2733 2892 esse
2789 2830 2853 2890 in

607 2933 729 2995 illis
773 2933 1175 2995 locutionibus
1220 2933 1467 2995 Graecis
1513 2933 1841 2994 contendit.
1927 2934 2203 3010 Eumque
2243 2934 2431 2994 secuti
2459 2937 2602 2994 sunt
2630 2934 2857 2994 Auten-

608 3037 762 3097 rieth
826 3042 887 3098 et
944 3038 1035 3098 La
1077 3038 1280 3098 Roche
1339 3036 1418 3096 ad
1476 3037 1546 3097 11.
1590 3037 1666 3115 B,
1713 3032 1853 3097 367.
1957 3037 2037 3096 At
2097 3036 2235 3115 quis
2295 3040 2401 3097 est*
2447 3037 2551 3115 qui
2605 3037 2856 3118 nesciat,

610 3139 906 3202 vocabula
937 3141 1037 3201 illa
1066 3159 1103 3201 a
1129 3137 1435 3202 Lobeckio
1467 3139 1651 3201 allata
1679 3139 1881 3219 specie
1911 3142 2162 3218 tantum,
2206 3157 2384 3216 quam
2427 3157 2587 3200 nunc
2617 3139 2857 3216 habent,

609 3241 803 3303 videri
848 3243 1152 3322 adjectiva
1183 3259 1354 3321 esses
1375 3246 1611 3303 veteres
1656 3248 1856 3303 autem
1888 3260 2093 3303 eorum
2124 3240 2348 3302 formas
2377 3241 2555 3320 plane
2584 3240 2856 3302 diversas

609 3362 742 3405 esse
772 3345 847 3404 ab
878 3346 1317 3425 adJectivorum
1350 3345 1649 3407 femininis
1679 3350 1741 3406 et
1783 3344 1916 3423 ipsa
1959 3344 2376 3407 terminatione
2421 3343 2856 3405 substantivam

613 3447 912 3509 notionem
956 3436 1273 3525 profiteri?
1360 3446 1535 3522 Quod
1581 3446 1888 3509 Lobeckio
1941 3452 2086 3508 tunc
2130 3446 2398 3524 ignotum
2444 3445 2631 3508 fuisse
2674 3445 2857 3507 facile

608 3549 921 3629 ignoscas,
994 3571 1031 3611 a
1095 3551 1288 3612 doctis
1353 3550 1498 3611 viris
1564 3550 1671 3628 qui
1735 3569 1898 3611 nunc
1963 3553 2106 3611 sunt
2170 3551 2436 3628 ignorari
2502 3553 2680 3628 turpe
2744 3554 2858 3609 est.

611 3652 844 3713 Etenim
905 3654 1276 3714 substantiva
1334 3653 1439 3713 illa
1497 3670 1650 3730 quae
1696 3652 2038 3715 Lobeckius
2094 3653 2295 3730 affert,
2354 3653 2553 3713 omnia
2608 3651 2734 3712 fere
2791 3651 2857 3711 in

610 3755 821 3833 lingua
876 3755 1186 3817 theodisca
1240 3760 1445 3816 vetere
1503 3754 1855 3816 desiverunt
1908 3755 1969 3815 in
2028 3750 2073 3833 ἲ,
2151 3773 2310 3832 quae
2370 3754 2709 3815 terminatio
2764 3760 2862 3815 est

612 3857 1120 3919 substantivorum
1166 3858 1602 3919 abstractorum
1648 3856 1916 3919 feminini
1959 3856 2221 3936 generis,
2263 3856 2341 3917 ab
2384 3857 2592 3919 eodem
2638 3854 2858 3918 suffixo

613 3961 675 4018 ἰᾱ
719 3966 877 4041 orta,
935 3961 1095 4022 unde
1151 3962 1326 4023 etiam
1373 3960 1742 4022 Graecorum
1803 3961 2240 4021 abstractorum
2285 3960 2625 4021 terminatio
2669 3977 2738 4018 ια
2781 3959 2861 4019 de

612 4081 734 4143 qua
778 4064 954 4125 modo
1001 4064 1181 4126 locuti
1228 4081 1464 4124 sumus:
1523 4057 1683 4138 eny‘i,
1726 4057 1919 4135 ebant,
1959 4058 2157 4137 fruoi,
2202 4056 2450 4136 haiim-i,
2488 4058 2649 4137 fasti
2682 4057 2861 4137 festi,

612 4162 802 4240 νυὸεῐῖ,
848 4162 972 4227 mm
1016 4166 1315 4240 (Schlflter
1360 4166 1465 4226 1.1.
1509 4184 1569 4243 p.
1605 4161 1721 4224 137
1754 4168 1887 4243 sq..)
1974 4164 2428 4239 Adiectivorum
2472 4169 2671 4226 autem
2716 4165 2865 4239 enai

612 4269 764 4331 eban
804 4270 953 4344 frno
1007 4269 1214 4328 haitor
1252 4269 1411 4343 fasti
1453 4269 1627 4327 noste·
1671 4262 1769 4326 mit
1828 4266 2113 4328 feminina
2172 4271 2277 4327 aut
2334 4267 2631 4329 sonabant
2682 4268 2866 4343 enqin
