3166 4871
607 290 730 352 312

604 464 835 522 ancilla
883 479 1015 521 mea
1065 462 1276 522 Circen
1333 478 1425 521 me
1468 464 1679 521 vocari
1692 456 1767 520 ‘?“
1792 459 1865 535 ¹³)
1955 462 2060 521 sed
2125 464 2221 522 hic
2282 463 2592 522 lectionem
2666 463 2845 538 pluri-

605 583 833 624 morum
882 564 1052 625 codd.
1101 565 1358 624 retinere
1405 582 1752 642 possumus,
1805 565 2065 641 itemque
2131 584 2180 624 c.
2229 569 2342 641 75,
2394 564 2492 625 ubi
2539 567 2625 624 sic
2672 567 2850 624 inter·
2923 568 2931 576 ’

603 666 991 746 pungendum
1053 667 1319 727 videtur:
1399 666 1523 725 ita?
1586 665 1695 725 tibi
1739 667 2008 743 videtur,
2045 668 2434 741 fulce'pedia?
2498 674 2559 727 et
2603 688 2649 726 e.
2695 671 2851 728 102:

602 772 732 843 „ita
775 768 977 840 vero“,
1023 770 1266 843 inquam
1312 785 1445 844 eye,
1490 774 1823 843 „tanquam
1865 770 2090 829 solidos
2134 770 2507 842 alligaturus
2523 768 2593 829 ?“

775 872 1172 933 Usitatissima
1244 871 1505 947 denique
1576 876 1669 929 est
1741 870 1999 930 adnexio
2072 870 2464 943 affirmativa,
2524 889 2679 947 quae
2741 889 2851 947 per

596 975 786 1048 plane
831 972 911 1032 fit„
954 973 1068 1033 loci
1115 979 1333 1048 autem,
1377 971 1595 1048 quibus
1636 974 1821 1046 plane
1867 973 2179 1033 sententiis
2210 973 2599 1049 praemissum
2629 973 2852 1048 iuveni,

603 1078 686 1135 ita
742 1081 809 1135 ut
871 1094 981 1152 per
1036 1074 1394 1150 wahrhaftig
1453 1075 1808 1134 vertendum
1855 1076 1951 1153 sit,
1994 1080 2135 1135 sunt
2181 1075 2272 1133 hi:
2327 1094 2375 1132 c.
2421 1079 2496 1136 12
2544 1074 2681 1150 (14,
2732 1074 2850 1143 11),

603 1182 683 1239 49
730 1176 864 1254 (56,
896 1174 1026 1251 20),
1074 1181 1153 1238 63
1201 1175 1334 1252 (75,
1363 1174 1453 1249 8),
1502 1181 1580 1237 67
1628 1176 1763 1253 (80,
1804 1175 1896 1253 9),
1943 1181 2021 1238 69
2070 1176 2200 1249 (81,
2253 1174 2376 1249 19).
2424 1208 2495 1216 -
2551 1177 2847 1236 interdum

603 1280 778 1339 etiam
826 1278 1247 1355 responsiones
1292 1296 1329 1336 a
1361 1279 1561 1353 plane
1606 1279 1916 1354 incipiunt.
2005 1278 2080 1337 ef.
2111 1297 2159 1338 e.
2192 1283 2270 1338 41
2307 1279 2431 1356 (45,
2467 1276 2545 1351 1).
2590 1309 2677 1317 —
2722 1296 2848 1337 sae·

604 1383 738 1458 pius
799 1380 984 1441 verbo
1045 1380 1279 1441 cuidam
1333 1381 1735 1458 praemittitur
1791 1380 1867 1440 ad
1928 1381 2044 1440 vim
2102 1382 2231 1441 eius
2286 1380 2621 1457 augendam
2668 1387 2849 1456 atque

605 1483 1084 1543 confirmandam.
1181 1482 1252 1541 cf.
1308 1501 1358 1542 c.
1402 1486 1514 1544 43:
1570 1483 1759 1557 plane
1813 1486 2106 1554 fortunae
2152 1484 2339 1555 filius,
2401 1501 2450 1541 c.
2491 1484 2605 1542 45:
2662 1484 2852 1556 plane

597 1586 797 1659 suque
839 1602 1060 1658 merae,
1109 1603 1158 1644 c.
1189 1587 1303 1645 58:
1338 1585 1533 1658 plane
1577 1585 1778 1658 qualis
1823 1585 2114 1657 dominus,
2159 1585 2305 1643 talis
2349 1591 2409 1644 et
2450 1601 2676 1644 servus.

773 1690 1179 1749 Transeamus
1257 1688 1369 1746 iam
1456 1687 1528 1745 ad
1611 1685 2071 1747 examinandum
2152 1705 2323 1746 usum
2402 1687 2848 1765 particularum,

604 1792 821 1868 quibus
887 1790 1221 1851 sententiae
1280 1790 1437 1849 inter
1481 1808 1544 1849 se
1591 1791 2072 1868 coniunguntur,
2129 1809 2200 1849 ac
2259 1791 2511 1868 primum
2561 1789 2848 1864 copulati-

604 1911 833 1970 varum,
866 1892 1402 1970 adversativarum,
1432 1892 1941 1952 disiunctivarum.
2018 1894 2075 1951 in
2108 1891 2635 1952 commemorandis
2667 1891 2849 1967 libris,

599 1997 659 2056 in
723 1996 942 2072 quibus
1003 1994 1078 2054 de
1140 1994 1254 2053 hac
1309 2013 1373 2054 re
1430 1996 1657 2070 agitur,
1719 1994 2030 2053 brevitatis
2086 2012 2271 2054 causa
2314 1995 2661 2072 plerumque
2706 1992 2849 2052 satis

601 2098 833 2157 habebo
892 2097 1116 2156 Handii
1173 2096 1614 2173 Tursellinum,
1674 2097 1963 2172 Draegeri
2026 2097 2179 2156 Hist.
2232 2097 2402 2174 Synt.
2455 2096 2510 2155 d.
2553 2097 2652 2156 lat.
2697 2096 2847 2171 Spr.‚

597 2200 907 2260 Knehneri
957 2199 1127 2259 Ausf.
1172 2199 1429 2259 Gramm.
1494 2198 1548 2257 d.
1596 2199 1700 2258 lat.
1745 2197 1877 2275 Spr.
1924 2200 2145 2277 citare,
2205 2199 2481 2275 quoniam
2544 2199 2602 2256 hi
2665 2198 2847 2257 libros

598 2304 861 2380 priorum
911 2302 1171 2360 virorum
1219 2301 1532 2361 doctorum
1578 2301 1868 2360 indicant.
1953 2302 2011 2360 in
2061 2301 2422 2378 explicando
2479 2305 2677 2360 autem
2736 2318 2843 2359 usu

596 2403 1023 2482 particularum
1072 2421 1312 2480 operam
1362 2402 1517 2474 dedi,
1564 2422 1638 2463 ne
1685 2403 1856 2463 nimis
1903 2408 2116 2479 argute
2162 2404 2413 2480 singulis
2458 2403 2604 2464 locis
2643 2404 2846 2480 singu·

593 2507 779 2565 larem
824 2505 1221 2581 significatum
1268 2506 1688 2581 attribuerem,
1746 2505 1908 2581 quod
1966 2505 2205 2582 quidem
2253 2507 2653 2582 periculosum
2700 2524 2844 2565 sane

597 2628 668 2667 ac
712 2607 1003 2667 lubricum
1051 2613 1158 2665 est.
1246 2624 1317 2665 ac
1375 2625 1450 2665 ne
1497 2606 1774 2665 Handius
1827 2606 2070 2683 quidem
2128 2607 2242 2666 hoc
2289 2609 2615 2682 periculum
2663 2608 2843 2685 plane

595 2710 832 2769 videtur
876 2709 1177 2783 effugisse.
1264 2708 1536 2768 omnibus
1581 2709 1728 2767 locis
1775 2709 2298 2784 simplicissimam,
2355 2728 2531 2785 quam
2578 2712 2842 2787 reperire

594 2813 793 2889 potui,
850 2810 1305 2886 explicationem
1367 2816 1608 2870 secutus
1667 2827 1829 2887 sum,
1889 2817 2102 2889 atque,
2158 2812 2261 2871 ubi
2324 2812 2581 2872 dubitari
2630 2818 2844 2890 potest,

593 2932 732 2973 num
780 2913 1101 2989 peculiaris
1146 2911 1441 2989 quaedam
1489 2913 1655 2973 notio
1699 2913 2018 2972 statuenda
2063 2913 2173 2990 sit,
2217 2918 2494 2990 cunctos,
2550 2921 2840 2991 quantum

594 3017 791 3095 potui,
851 3016 1100 3093 collegi,
1163 3019 1229 3075 ut
1272 3016 1374 3091 qui
1421 3016 1709 3094 similibus
1754 3016 1971 3075 studiis
2017 3034 2257 3092 operam
2306 3016 2537 3092 darent,
2582 3017 2841 3092 explica·

590 3121 786 3179 tiones
854 3136 1015 3177 meas
1068 3117 1345 3176 facillime
1405 3118 1746 3177 examinare
1799 3123 2059 3195 possent.
2163 3118 2391 3177 nullum
2440 3125 2603 3178 certe
2648 3119 2841 3178 locum

593 3220 991 3280 difficiliorem
1039 3219 1313 3279 consulto
1360 3220 1545 3279 omisi.

767 3400 831 3465 ¹³)
865 3398 912 3452 B
948 3403 1007 3451 et
1041 3414 1078 3467 p
1115 3397 1401 3453 exhibent:
1449 3397 1658 3453 ancilla
1694 3415 1815 3453 mea
1841 3417 1926 3455 me
1953 3400 2149 3453 Circen
2176 3401 2383 3465 vocari,
2420 3401 2571 3469 quod
2598 3399 2838 3453 Bueche-

591 3483 741 3537 letus
777 3483 850 3548 {in
896 3482 1142 3536 editione
1186 3484 1499 3537 recentiore
1545 3499 1595 3536 a.
1639 3487 1756 3536 1⁸71
1811 3484 1867 3537 in
1907 3492 2119 3538 textum
2167 3485 2393 3553 reecpit.
2475 3485 2574 3538 sed
2624 3501 2691 3537 ex
2739 3485 2839 3538 hae

591 3567 861 3624 varietate
897 3567 954 3620 id
992 3567 1121 3621 mihi
1160 3569 1380 3622 videtur
1404 3569 1638 3636 elucere,
1675 3569 1816 3622 illud
1854 3572 2145 3623 molestum
2180 3588 2304 3624 mea
2345 3570 2659 3640 ‚eiciendum
2697 3586 2837 3623 esse.
