3166 4871
565 266 645 327 32
1563 260 1831 346 Zacheis

562 439 669 499 sed
714 440 931 500 Pollux
994 440 1154 499 hunc
1214 440 1409 499 locum
1470 441 1664 499 citans
1710 437 1769 516 5,
1811 435 1893 496 29
1956 439 2164 500 scribit
2207 432 2584 516 στροφὶων,
2645 438 2808 516 quod

562 545 726 601 recte
770 541 1172 601 Schneiderus
1216 542 1601 617 Xenophonti
1651 542 1924 601 restituit.
2015 542 2167 601 Nam
2217 542 2327 599 liae
2373 540 2807 619 significatione

562 648 778 703 neutra
807 644 867 703 in
901 660 1043 701 not·
1075 662 1193 702 uon
1227 643 1514 703 videntur
1546 641 1674 716 uti).
1743 636 2067 721 δοχαῑος
2112 643 2436 722 excipiens„
2481 638 2808 720 δοχεῑον

562 746 1024 824 receptaculum.
1112 746 1165 805 A
1226 746 1410 805 verbo
1474 736 1730 824 λοχεύω
1804 746 2075 807 derivata
2134 752 2275 806 sunt
2347 744 2482 823 λοχ
2501 751 2676 815 αῖος
2748 750 2809 805 et

563 846 846 925 λοχεῖα
866 870 892 918 J
938 849 1011 909 de
1055 848 1271 925 quibus
1315 850 1654 909 accuratius
1697 854 1877 926 atque
1924 850 2167 909 uberius
2211 850 2370 909 infra
2399 848 2434 919 ἓ
2469 844 2548 905 72
2599 848 2808 908 dicam.

564 948 835 1026 λοχαῑος
896 949 1190 1027 significat
1254 939 1378 1008 τὸν
1440 939 1816 1027 λοχεύοντα
1879 952 1974 1010 vel
2020 940 2488 1028 λοχευόμενον,
2546 948 2806 1029 lox-§tog

561 1051 854 1130 quidquid
932 1072 1064 1112 cum
1132 1053 1453 1130 puerperio
1523 1053 1909 1130 conjunctum
1977 1060 2094 1132 est,
2168 1044 2250 1111 τὰ
2319 1052 2544 1132 λοχεῖα
2607 1053 2806 1114 locum

564 1154 840 1215 natalem.

733 1259 984 1317 Restant
1026 1275 1252 1335 pauca,
1309 1276 1466 1334 quae
1512 1258 1586 1317 ab
1640 1257 1849 1318 eadem
1895 1259 2082 1337 stirpe
2130 1259 2413 1319 nominali
2461 1264 2606 1319 sunt
2651 1258 2805 1318 deri-

562 1366 721 1420 vata.
817 1358 1265 1437 Significatione
1321 1360 1610 1420 differunt
1654 1345 2044 1432 αὔλειος,
2117 1362 2468 1438 praesertim
2515 1360 2591 1421 de
2634 1366 2810 1439 porta

480 1450 505 1503 ⁴-
563 1462 770 1541 aulae,
814 1463 953 1522 inde
1000 1464 1077 1522 ab
1124 1463 1384 1522 Homero
1431 1464 1748 1538 usitatum,
1811 1467 1871 1522 et
1916 1447 2218 1521 αὐλαία
2272 1462 2579 1540 aulaeum,
2644 1463 2808 1541 quod

562 1583 683 1624 non
729 1565 897 1640 prius
946 1570 1297 1642 usurpatum
1342 1566 1661 1642 reperitur,
1708 1582 1886 1642 quam
1916 1564 1990 1623 ab
2021 1565 2327 1641 Hyperide
2360 1571 2420 1624 et
2453 1565 2807 1626 Menandro.

563 1666 651 1727 cf.
695 1666 852 1727 infra
912 1668 948 1737 ᾖ·
995 1664 1094 1727 47.
1179 1668 1393 1744 Itaque
1460 1668 1639 1727 huius
1706 1667 2071 1727 diversitatis
2135 1685 2320 1728 causa
2371 1667 2623 1728 fortasse
2685 1686 2805 1728 non

563 1771 754 1829 solum
802 1770 1063 1829 studium
1110 1769 1257 1828 illud
1304 1768 1741 1846 distinguendi,
1811 1770 1917 1829 sed
1965 1771 2142 1830 etiam
2190 1776 2521 1848 temporum
2586 1769 2808 1848 quibus

561 1872 712 1932 haee
772 1871 1068 1931 vocabula
1122 1870 1383 1931 formata
1441 1876 1582 1932 sunt
1643 1871 1959 1932 diversitas
2018 1872 2148 1932 fuit.
2236 1872 2503 1932 Eandem
2566 1890 2805 1932 causam

562 1992 692 2035 esse
738 1976 1062 2053 putaveris,
1107 1993 1216 2034 cur
1260 1993 1296 2032 a
1339 1961 1568 2053 νύμφη
1615 1974 1731 2034 dea
1774 1973 2110 2051 derivatum
2163 1976 2240 2034 sit
2284 1980 2592 2052 νυμφαῑ
2608 1991 2689 2044 ος
2746 1979 2809 2033 et

562 2083 1015 2153 νυμφαῑον,
1061 2097 1096 2136 6
1126 2065 1353 2155 νύμφη
1392 2082 1599 2154 nupta,
1645 2078 1833 2155 virgo,
1876 2078 2076 2154 puella
2122 2083 2522 2154 νυμφεῑος
2569 2078 2802 2153 nuptia-

564 2180 655 2257 lis,
683 2186 1098 2257 ,νυμφεῖον
1146 2179 1442 2239 thalamus
1488 2180 1796 2255 nuptialis,
1853 2185 2203 2257 νυμφεῖα
2249 2180 2560 2258 nuptialia.
2646 2179 2804 2241 Nam

564 2301 675 2358 ego
722 2281 993 2359 quidem,
1064 2282 1202 2341 licet
1263 2283 1379 2341 iam
1438 2282 1602 2359 apud
1648 2281 1969 2341 Homerum
2019 2271 2241 2361 νύμφη
2301 2287 2558 2360 utraque
2606 2285 2808 2341 utatur

561 2383 1024 2463 significatione,
1070 2384 1268 2445 nullus
1314 2383 1547 2464 dubito,
1594 2385 1739 2463 quin
1784 2384 2086 2463 primitiva
2130 2385 2407 2446 vocabuli
2453 2384 2806 2464 significatio

562 2487 747 2547 fuerit
787 2481 1047 2565 ‚‚nupta“
1092 2489 1272 2564 (quae
1318 2491 1410 2548 est
1454 2489 1756 2548 sententia
1797 2487 2024 2548 Kuhnii
2071 2488 2191 2547 KZ.
2235 2489 2292 2566 1,
2336 2484 2489 2567 459,
2533 2487 2807 2548 Lottneri

561 2590 639 2650 ib.
686 2590 817 2669 VII,
870 2586 1018 2668 176,
1079 2590 1388 2651 Schmidtii
1440 2592 1580 2651 Voc.
1625 2592 1676 2669 Ι,
1722 2586 1834 2647 59:
1909 2590 1985 2649 ef.
2044 2590 2143 2650 lat,
2187 2588 2418 2649 nubere
2461 2591 2682 2669 alicui,
2728 2588 2805 2649 de

564 2711 786 2770 sponsa
830 2711 986 2768 quae
1031 2711 1143 2770 pro
1191 2693 1401 2753 marito
1447 2711 1581 2754 sese
1627 2693 1898 2753 flammeo
1945 2692 2124 2770 velat,
2167 2693 2267 2753 lat.
2312 2691 2503 2752 nubes
2545 2690 2799 2762 nimbus,

560 2813 648 2871 gr.
695 2789 984 2874 νεφέλη,
1043 2813 1158 2855 661.
1203 2794 1437 2855 nablia-s·
1494 2796 1714 2873 naboe,
1758 2795 2063 2872 anglosax.
2107 2790 2297 2870 nipan
2354 2797 2648 2874 caligare,
2706 2794 2809 2855 ob-

563 2915 827 2976 scurare,
868 2900 1052 2972 yenip
1100 2898 1331 2975 cange,
1391 2895 1667 2973 nebula),
1728 2897 1946 2958 deinde
2008 2898 2248 2958 omnino
2308 2898 2384 2958 de
2430 2898 2660 2975 virgine
2705 2897 2808 2956 vel

563 3001 767 3078 puella
810 3000 1031 3061 dictum
1077 3001 1180 3077 sit,
1239 3006 1299 3060 et
1346 3001 1483 3060 hinc
1528 2999 1766 3060 demum
1826 3002 2181 3061 translatum
2230 3000 2305 3059 ad
2352 3000 2537 3060 deas:
2612 3017 2808 3075 neque

563 3104 721 3163 enim
767 3104 909 3163 mihi
953 3103 1321 3180 persuadere
1368 3121 1640 3179 possum,
1684 3121 1813 3163 eam
1859 3102 1935 3162 ob
1981 3121 2254 3181 causam,
2297 3103 2457 3179 quod
2507 3101 2804 3180 nymphae

565 3205 712 3267 deae
759 3206 1058 3282 nuptiales
1103 3211 1305 3266 essent
1360 3224 1432 3266 66
1476 3206 1819 3282 nuptiarum
1879 3204 2221 3282 praesides,
2285 3223 2539 3283 sponsas
2587 3195 2802 3265 novas-

563 3326 684 3385 que
748 3312 970 3385 nuptas
1032 3313 1277 3369 vocatas
1333 3326 1465 3368 esse
1533 3297 1797 3385 νύμφας
1864 3305 2122 3380 (Preller
2166 3306 2267 3368 Gr.
2316 3308 2504 3384 Myth.
2548 3308 2594 3386 1,
2640 3303 2810 3384 567),

565 3428 761 3486 neque
819 3411 1117 3488 nymphas
1175 3410 1420 3486 quidem
1483 3427 1614 3470 6666
1677 3428 1972 3487 aquarum
2035 3411 2207 3488 deas,
2281 3428 2534 3487 quarum
2594 3427 2808 3470 nomen

565 3512 899 3572 derivatum
946 3512 1024 3572 sit
1068 3531 1106 3571 a
1148 3512 1275 3572 rad.
1319 3529 1435 3571 suu
1479 3512 1698 3572 fluere:
1743 3512 1817 3573 ab
1864 3512 2075 3572 eadem
2118 3512 2329 3573 radice
2358 3514 2539 3590 plane
2571 3512 2812 3572 diversa

563 3616 790 3676 ratione
836 3615 1081 3675 fluxisse
1126 3603 1348 3694 νύμφη
1395 3621 1618 3693 nuptae
1664 3616 2005 3693 appellatio,
2049 3633 2260 3693 nempe
2308 3616 2391 3675 sic
2421 3618 2488 3675 ut
2515 3613 2814 3692 significet

565 3735 694 3779 eam
741 3736 895 3794 quae
939 3723 1203 3793 generat,
1250 3735 1435 3794 quum
1480 3736 1556 3777 ex
1601 3717 1826 3779 fluendi
1873 3718 2114 3778 notione
2159 3717 2471 3795 pullularit
2501 3717 2814 3778 causativa
2875 3767 2880 3774 .

562 3820 883 3898 fundendi,
944 3829 1003 3880 et
1062 3821 1176 3880 hoc
1220 3821 1592 3881 causativum
1652 3819 1984 3880 adhibitum
2040 3821 2118 3880 sit
2161 3819 2237 3880 ad
2284 3822 2588 3881 notionem
2632 3837 2810 3896 gene-

561 3921 775 3999 randi,'
794 3922 1082 3999 gignendi
1127 3923 1580 4000 exprimendam
1626 3920 2012 3995 („Vielleicht
2042 3921 2419 3984 entwickelte
2450 3922 2579 3982 sich
2611 3921 2814 3982 dieser

562 4023 781 4101 begriff
830 4023 938 4084 der
983 4018 1242 4101 ‘jungen
1287 4024 1456 4102 frau,
1502 4024 1708 4102 braant,
1751 4023 2227 4101 heiratsfahigen
2263 4015 2591 4101 juugfrau'
2656 4042 2815 4101 ganz

560 4125 950 4203 unabhangig
1009 4144 1127 4186 von
1167 4127 1352 4202 jenen
1401 4127 1735 4203 nymphen;
1808 4125 1928 4186 den
1972 4126 2285 4202 ilbergang
2326 4144 2448 4184 von
2493 4118 2757 4186 ‘fliessen
2781 4124 2817 4203 ⁸,

560 4228 762 4289 causal
819 4220 1188 4304 ‘ergiessen‚
1232 4226 1611 4303 ausgiessen'
1681 4228 1737 4287 in
1785 4221 2101 4306 ‘zeugen,.
2142 4226 2527 4287 befruchten’
2594 4228 2814 4304 zeigen
