3166 4871
2529 311 2651 370 205

420 485 511 562 εἰς
570 482 693 572 τὴν
753 486 1183 551 Μακεδονίαν
1242 484 1670 565 ἐπεδείξαντο
1726 477 1850 567 τὴν
1908 480 2163 545 οἰκείαν
2224 479 2480 562 τέχνην,
2547 478 2659 542 καὶ

420 580 603 654 οὕτω
670 583 1103 673 φιλοφρόνως
1163 578 1406 662 αὐτοὺς
1472 585 1744 668 ἐδέξατο
1810 585 2179 661 Φίλιππος,
2256 574 2421 647 ὥστε
2490 573 2660 667 πρὸς

418 703 560 768 τοῖς
624 685 855 767 ἄλλοις
907 681 1192 775 χρήμασι
1272 689 1382 754 καὶ
1443 681 1614 753 ἄλλα
1675 686 1749 753 ἐκ
1815 691 1958 753 τῶν
2018 686 2288 752 οἰκείων
2350 697 2660 769 παρεῖχεν

416 784 692 874 αὐτοῖς).
779 799 977 873 Quum
1040 805 1169 858 arte
1213 816 1323 858 sua
1365 799 1424 857 in
1471 802 1701 857 tantum
1743 798 2001 875 Philippi
2053 797 2317 857 favorem
2385 796 2659 871 venisset,

420 902 640 963 factum
703 906 793 962 est
850 906 917 961 ut
974 902 1114 978 plus
1172 901 1353 962 semel
1408 900 1824 961 Aristodemus
1885 900 2118 977 legatus
2179 899 2253 958 ad
2316 898 2655 975 Philippum

421 1005 780 1064 mitteretur:
811 1004 925 1066 Cic.
958 1004 1033 1063 de
1062 1022 1186 1081 rep.
1217 1022 1310 1081 ap.
1335 1005 1549 1063 Donat.
1585 1004 1620 1061 1.
1654 1004 1689 1062 Ι.
1722 1002 2050 1079 „siquidem
2086 1031 2167 1042 —
2199 1001 2659 1079 Aristodemum,

419 1107 708 1186 tragicum
777 1107 915 1167 item
978 1110 1272 1183 actorem,
1343 1106 1702 1167 maxsumeis
1758 1105 1834 1165 de
1893 1106 2073 1165 rebus
2144 1105 2310 1182 pacis
2369 1109 2428 1165 et
2484 1105 2658 1165 bellei

422 1211 682 1288 legatum
747 1209 823 1269 ad
896 1210 1243 1287 Philippum
1310 1209 1710 1270 Athenienses
1770 1226 1952 1285 saepe
2012 1206 2356 1267 miserunt.“
2472 1208 2658 1268 Recte

422 1314 630 1375 Cicero
675 1313 864 1372 solum
900 1311 1335 1372 Aristodemum
1384 1289 1834 1388 commemorat3
1879 1311 1953 1370 ad
2000 1310 2455 1387 Neoptolemum
2502 1309 2655 1369 idem

421 1433 634 1475 munus
680 1413 943 1475 delatum
991 1431 1142 1492 esse,
1185 1433 1304 1475 non
1349 1413 1639 1475 audimus.
1729 1416 1816 1473 De
1863 1414 2053 1490 prima
2090 1412 2454 1472 Aristodemi
2497 1413 2657 1490 lega-

417 1518 578 1578 tione
637 1517 952 1577 audiamus
996 1516 1354 1577 Aeschinem
1415 1518 1475 1576 in
1530 1535 1614 1576 or.
1663 1517 1721 1576 d.
1766 1516 1803 1575 t'.
1853 1516 1889 1576 1.
1924 1519 2001 1577 15
2047 1507 2222 1589 (200)
2276 1513 2659 1575 referentem:

419 1619 682 1697 Olyntho
755 1639 791 1679 a
852 1619 1126 1696 Philippo
1189 1625 1536 1697 expugnata
1613 1637 1829 1696 magna
1889 1618 1980 1677 vis
2048 1617 2523 1696 Atheniensium,
2598 1619 2656 1677 in

418 1739 671 1800 quorum
735 1740 981 1783 numero
1051 1723 1344 1784 Jatrocles
1404 1729 1464 1782 et
1520 1723 1847 1800 Eucratus,
1919 1739 1955 1780 a
2011 1719 2442 1780 Macedonibus
2503 1722 2659 1798 capti

418 1827 863 1902 retinebantur3
907 1825 980 1884 ad
1012 1843 1166 1902 quos
1212 1825 1591 1886 redimendos
1624 1824 2022 1888 Athenienses
2060 1816 2430 1900 „Jte'mtovot
2460 1834 2656 1902 πρεσ-

419 1913 661 2008 βευτὴν
723 1911 1190 2005 ,Ἀριστόδημον
1263 1914 1386 1986 τὸν
1449 1915 1827 2007 ὑποκριτὴν
1887 1915 2058 2002 πρὸς
2121 1919 2490 1996 Φίλιππον,
2551 1915 2660 1984 διὰ

419 2014 543 2109 τὴν
597 2024 848 2107 γνῶσιν
896 2023 1005 2086 καὶ
1066 2024 1597 2106 φιλανθρωπίαν
1652 2026 1772 2108 τῆς
1830 2022 2117 2108 τέχνης.“
2211 2026 2477 2105 Captivis
2530 2029 2659 2088 sine

421 2131 612 2209 pretio
656 2128 762 2205 (16
816 2160 935 2203 ,,-
982 2116 1143 2189 ἄνευ
1191 2120 1461 2209 λύτρων
1505 2128 1659 2204 -“)
1704 2131 2028 2208 redemptis
2074 2125 2487 2191 Aristodemus
2531 2131 2660 2191 aliis

422 2233 774 2313 quibusdam
821 2233 1077 2310 negotiis
1123 2238 1453 2311 occupatus
1499 2253 1619 2293 non
1666 2234 1965 2311 extemplo
2023 2233 2379 2311 legationem
2427 2235 2658 2294 civibus

418 2336 884 2398 Atheniensibus
903 2336 1284 2406 renuntiavit,
1308 2335 1413 2397 sed
1425 2337 1739 2413 Jatrocles,
1762 2355 1937 2414 quem
1957 2354 1989 2395 e
2015 2337 2357 2414 captivitate
2377 2338 2656 2406 solverat,

419 2459 551 2500 eum
601 2441 931 2518 praevenit.
1016 2442 1222 2501 Multis
1270 2440 1625 2502 Aristodemi
1685 2439 2029 2501 tarditatem
2090 2458 2270 2518 aegre
2326 2439 2658 2501 ferentibus

417 2546 663 2604 auctore
693 2545 1051 2604 Democrate
1081 2543 1279 2621 Aphid
1291 2562 1437 2604 naeo
1472 2544 1884 2604 Aristodemus
1924 2543 2280 2623 legationem
2311 2543 2657 2604 renuntiare

408 2646 619 2724 jussus
662 2650 780 2717 est3
838 2663 958 2722 quo
1003 2644 1160 2707 facto
1207 2646 1622 2707 Aristodemus
1680 2651 1741 2707 et
1797 2646 1855 2706 in
1921 2647 2089 2706 curia
2132 2649 2192 2707 et
2252 2647 2311 2706 in
2372 2646 2656 2707 contione

418 2749 761 2826 Philippum
843 2748 1312 2810 Atheniensibus
1377 2748 1993 2810 benevolentissimum
2069 2767 2200 2810 esse
2276 2751 2336 2808 et
2411 2747 2656 2809 foedere

420 2869 552 2911 cum
606 2852 679 2910 iis
724 2851 1010 2929 conjungi
1065 2850 1406 2911 desiderare
1464 2852 1851 2912 renuntiavit.
1942 2852 2206 2911 Auctore
2251 2851 2657 2911 Demosthene

419 2950 821 3026 Aristodemo,
882 2952 932 3010 si
976 2952 1259 3011 Aeschini
1307 2951 1455 3012 tides
1500 2957 1593 3012 est
1638 2950 1931 3023 habenda,
1985 2951 2061 3011 ob
2103 2952 2457 3028 legationem
2503 2953 2658 3011 bene

420 3052 893 3114 administratam
927 3071 1149 3113 corona
1180 3057 1273 3114 est
1302 3052 1569 3130 decreta3
1616 3054 1694 3113 ad
1722 3054 1881 3114 hanc
1911 3053 2268 3114 Aristodemi
2301 3054 2654 3131 legationem

420 3155 856 3216 Demosthenes
914 3155 1160 3232 respicit
1219 3155 1278 3216 d.
1323 3174 1444 3216 cor.
1477 3160 1554 3218 21
1605 3153 1813 3230 (232):
1867 3186 1996 3226 „-
2041 3139 2185 3214 ἀλλ’
2229 3142 2266 3214 ὁ
2308 3149 2433 3233 μὲν
2476 3150 2657 3234 πρῶ-

419 3274 537 3329 τος
581 3244 793 3316 εἰπών
839 3250 949 3316 καὶ
992 3252 1316 3338 μνησθεὶς
1361 3245 1532 3336 ὑπὲρ
1575 3254 1697 3337 τῆς
1740 3242 2008 3338 εἰρήνης
2052 3240 2516 3338 Ἀριστόδημος
2570 3244 2658 3336 ἦν

421 3344 459 3421 ὁ
518 3342 890 3439 ὑποκριτής
939 3405 953 3419 .
987 3406 999 3419 .
1039 3357 1090 3418 .“
1206 3361 1381 3422 Brevi
1459 3363 1598 3438 post
1657 3360 1904 3438 primam
1967 3361 2321 3438 legationem
2387 3365 2655 3438 tempore

421 3463 863 3525 Aristodemum
923 3463 1134 3523 iterum
1191 3463 1374 3542 legati
1439 3481 1685 3525 munere
1741 3463 2012 3523 functum
2059 3463 2344 3524 videmus.
2432 3465 2658 3525 Nuntio

419 3566 520 3626 illo
566 3564 928 3626 Aristodemi
975 3570 1220 3642 accepto
1266 3566 1666 3626 Athenienses
1725 3566 1885 3643 regis
1928 3565 2187 3625 animum
2235 3567 2347 3627 sibi
2405 3569 2655 3628 amicum

419 3672 481 3729 et
522 3686 560 3727 a
602 3686 753 3745 pace
798 3667 958 3728 haud
1015 3668 1270 3729 alienum
1316 3685 1447 3730 esse
1494 3669 1719 3746 opinati
1765 3672 2012 3729 auctore
2056 3669 2395 3730 Philocrate
2449 3669 2655 3730 decem

420 3771 649 3848 legatos
694 3770 771 3831 ad
817 3771 1158 3848 Philippum
1206 3771 1354 3831 mitti
1391 3771 1725 3849 jusserunt,
1769 3773 1871 3848 qui
1917 3771 1992 3831 de
2038 3790 2183 3848 pace
2244 3772 2659 3849 componenda

418 3877 693 3952 agerent3
724 3891 979 3950 quorum
1008 3874 1068 3933 in
1102 3892 1410 3934 numerum
1444 3873 1713 3935 delectus
1744 3874 1855 3934 fuit
1879 3874 2294 3935 Aristodemus
2322 3874 2563 3945 (Aesch.
2583 3876 2657 3945 ΙΙ,

422 3980 498 4039 19
545 3973 712 4055 (30);
758 3980 838 4039 52
887 3974 1081 4053 (231),
1124 3995 1250 4055 arg.
1296 3976 1371 4035 ad
1418 3978 1585 4037 Dem.
1632 3975 1690 4036 d.
1736 3975 1842 4036 f.1.
1889 3995 1944 4054 p.
1978 3974 2144 4049 336).
2234 3976 2655 4054 Aesch.11,52

417 4076 592 4152 (231)
653 4079 1064 4140 Aristodemus
1130 4078 1284 4140 facie
1354 4081 1608 4158 insignis
1686 4078 2101 4155 praedicatur:
2174 4068 2424 4149 „dexee
2489 4076 2656 4159 Κτη-

419 4178 699 4258 σιφῶντι
741 4167 873 4261 τὴν
916 4168 1079 4260 ὄψιν
1124 4172 1427 4260 λαμπρὸς
1469 4171 1665 4241 εἶναι·
1713 4173 1860 4258 ἐμοὶ
1904 4166 1964 4239 δ’
1988 4166 2071 4240 οὐ
2110 4166 2657 4259 χείρωνᾌριστό-

421 4277 628 4367 δημος
672 4272 709 4343 ὁ
753 4266 1189 4369 ὕποκριτής“).
1267 4286 1439 4362 Quae
1468 4285 1687 4365 legatio
1733 4290 1799 4347 ut
1844 4303 2018 4365 quam
2052 4285 2317 4365 proxime
2349 4284 2421 4345 ad
2457 4303 2653 4365 regem
