3166 4871
2488 300 2611 360 417

367 478 428 537 in
478 477 776 536 curriculo
825 476 1121 537 honorum
1171 477 1321 537 haec
1367 480 1510 536 nota
1553 494 1625 535 eo
1671 476 1803 535 loco
1850 477 2205 553 poneretur,
2249 475 2348 534 ubi
2394 475 2621 551 primus

369 580 771 656 primipilatum
835 580 1033 639 locum
1082 597 1255 639 suum
1312 578 1589 638 habebat.
1675 577 1764 638 Ac
1813 596 1946 638 cum
1992 580 2157 637 certa
2201 577 2478 654 exempla
2522 595 2621 636 ex-

370 687 530 743 stent
588 681 928 758 bominum,
985 682 1089 759 qui
1152 681 1310 742 duos
1372 682 1658 759 deinceps
1716 681 2112 759 primipilatus
2169 684 2488 757 gesserunt
2543 680 2621 748 (v.

370 784 547 854 infra)
594 784 731 844 dno
776 784 1323 862 primipil'orum
1372 785 1431 844 11
1477 803 1760 863 genera
1804 784 2031 844 fuisse
2078 782 2459 843 statuendum
2493 799 2622 842 esse

370 886 630 965 videtur,
675 906 926 965 quorum
978 889 1218 964 utrique
1264 888 1422 948 duos
1468 886 1866 964 primipilatus
1909 891 2256 963 gesserunt,
2299 885 2404 946 sed
2449 885 2624 946 alteri

370 989 522 1050 duos
566 990 725 1050 inter
769 1008 835 1050 se
880 991 1262 1067 excipientes,
1309 991 1481 1051 alteri
1539 991 1765 1068 majore
1808 989 2091 1068 temporis
2133 990 2328 1066 spatio
2370 989 2624 1066 aliisque

371 1091 716 1152 muneribus
764 1093 1153 1169 interpositis.
1166 1087 1243 1168 ⁴²)

540 1213 868 1272 Posteriori
930 1213 1140 1290 generi
1201 1231 1338 1271 cum
1403 1213 1683 1289 exempla
1744 1230 1823 1272 ss.
1883 1215 2115 1273 9—-14
2174 1210 2625 1272 adnumeranda

370 1332 501 1374 esse
546 1318 859 1392 appareat,
904 1313 978 1374 de
1024 1315 1330 1391 prioribus
1375 1315 1566 1375 titulis
1615 1315 1717 1374 cui
1763 1332 2012 1374 numero
2057 1313 2326 1391 quidque
2368 1312 2626 1374 addatur

368 1418 661 1476 incertum
729 1423 849 1493 est3
927 1420 1089 1476 certe
1151 1421 1354 1476 tamen
1419 1435 1575 1476 unus
1640 1416 1708 1476 L.
1753 1417 2072 1477 Petronius
2115 1415 2369 1476 Sabinus
2413 1413 2504 1490 (6)
2550 1433 2625 1476 ex

371 1520 562 1579 altero
624 1518 988 1596 primipilatu
1052 1519 1334 1578 continuo
1396 1519 1474 1579 ad
1533 1519 1786 1579 alterum
1847 1520 2114 1590 transiit,
2176 1537 2374 1596 neque
2431 1519 2626 1578 minus

373 1626 533 1681 certe
594 1621 655 1679 id
717 1620 791 1681 de
850 1619 986 1681 Sex.
1031 1621 1287 1681 Aulieno
1337 1619 1426 1693 (1)
1473 1621 1713 1692 dixeris,
1766 1623 1871 1699 qui
1916 1622 2154 1699 quidem
2200 1620 2627 1699 progrediendi

372 1724 548 1783 modo
581 1724 653 1783 ab
685 1724 958 1784 omnibus
989 1725 1241 1801 reliquis
1273 1723 1455 1785 valde
1489 1724 1703 1794 distat;
1752 1730 1933 1802 atque
1964 1724 2238 1802 equidem
2272 1741 2625 1800 persuasum

374 1825 594 1896 habeo,
657 1845 729 1886 ex
788 1826 1033 1903 reliquis
1081 1845 1324 1903 quoque
1369 1846 1425 1903 p.
1470 1847 1528 1904 p.
1572 1828 1699 1898 bis,
1766 1845 2021 1904 quorum
2085 1827 2370 1886 memoria
2414 1829 2628 1904 exstat,

375 1948 556 1989 unum
605 1928 982 2006 alterumque
1028 1928 1102 1987 ad
1152 1929 1313 1988 hunc
1359 1947 1672 1988 numerum
1718 1928 2024 1988 accedere.

544 2050 635 2108 De
681 2049 773 2107 bis
842 2047 1292 2125 „primipilis
1336 2045 1499 2107 bis“
1567 2066 1764 2124 pauca
1822 2046 2103 2108 addenda
2159 2052 2332 2124 sunt;
2406 2047 2626 2107 babent

374 2153 529 2228 enim
590 2150 996 2211 similitudinis
1055 2150 1429 2228 aliquantum
1479 2169 1614 2210 cum
1664 2150 1915 2210 tribunis
1960 2151 2205 2210 militum
2252 2151 2327 2209 11.
2360 2141 2479 2210 ¹111.
2523 2149 2628 2227 IV,

375 2256 476 2331 qui
524 2255 584 2313 in
631 2254 822 2315 titulis
868 2252 1233 2330 reipublicae
1268 2253 1493 2314 liberae
1526 2272 1721 2330 saepe,
1778 2255 2205 2331 imperatorum
2236 2256 2431 2313 aetate
2462 2257 2626 2313 certe

375 2355 691 2433 aliquoties
747 2351 1263 2427 inveniuntur43);
1343 2373 1700 2433 quamquam
1762 2354 1821 2415 id
1883 2354 2240 2415 discriminis
2294 2355 2631 2431 intercedit,

376 2458 559 2536 quod,
604 2477 736 2518 cum
782 2459 1129 2518 tribunatus
1165 2457 1412 2518 militum
1463 2460 1849 2537 magistratus
1881 2462 2040 2518 esset
2070 2476 2322 2535 annuus,
2368 2459 2629 2535 primipi-

376 2563 533 2621 latus
607 2565 673 2620 ut
747 2579 952 2621 omnes
1026 2561 1439 2621 centurionum
1519 2561 1748 2640 gradus
1809 2579 1919 2638 per
1983 2562 2274 2621 incertum
2344 2561 2630 2638 temporis

375 2664 627 2741 spatium
674 2663 1238 2735 administrabatur3
1315 2665 1474 2724 unde
1534 2664 1825 2737 efficitur,
1898 2664 2171 2724 tribunos
2233 2665 2476 2724 militum
2523 2665 2632 2735 bis,

374 2772 469 2825 ter
513 2770 625 2825 etc.
671 2783 775 2825 eos
835 2765 1062 2843 fuisse,
1136 2767 1237 2842 qui
1303 2785 1412 2843 per
1475 2766 1654 2838 duos,
1727 2772 1853 2826 tres
1913 2771 2022 2826 etc.
2082 2784 2272 2826 annos
2325 2765 2632 2825 tribunatu

374 2868 817 2944 fungebantur,
882 2868 1217 2946 primipilos
1271 2869 1379 2944 bis,
1440 2872 1540 2944 qui
1590 2868 1648 2927 in
1696 2867 1931 2927 duabus
1976 2867 2261 2943 deinceps
2303 2867 2635 2944 legionibus

375 2972 630 3049 primum
677 2969 943 3031 ordinem
991 2969 1310 3029 ducebant.

550 3092 683 3164 Quo
733 3089 984 3148 consilio
1032 3090 1179 3148 haee
1229 3087 1465 3148 iterat-io
1514 3087 1918 3165 primipilatus
1950 3087 2221 3147 instituta
2260 3088 2353 3158 sit,
2396 3088 2632 3147 minime

378 3212 487 3254 nos
549 3192 750 3269 fallet,
821 3210 955 3251 cum
1025 3192 1495 3268 cogitaverimus
1556 3189 1774 3267 quibus
1830 3189 2054 3249 artibus
2099 3190 2492 3267 imperatores
2536 3190 2634 3250 vel

376 3297 697 3374 gregarios
748 3294 964 3354 milites
1029 3295 1185 3353 ultra
1245 3298 1481 3369 tempus
1544 3293 1936 3351 constitutum
1985 3291 2094 3351 sub
2140 3293 2329 3369 signis
2372 3292 2636 3352 retinere

378 3397 742 3475 studuerint;
819 3402 1043 3473 quanto
1103 3396 1292 3471 magis
1338 3413 1546 3454 eorum
1593 3395 1887 3453 interesse
1933 3393 2222 3472 debebat,
2285 3393 2635 3472 primipilos,

378 3500 645 3560 homines
690 3500 1158 3577 probatissimos,
1203 3501 1531 3573 antequam
1581 3515 1715 3556 eum
1761 3496 1989 3573 ingenti
2039 3498 2304 3575 praemio
2337 3496 2634 3557 mitteren-

381 3608 500 3681 tur,
547 3622 723 3679 quam
771 3602 1099 3661 diutissime
1146 3599 1446 3677 stipendia
1492 3600 1720 3658 mereri.

550 3706 642 3765 Ex
687 3705 756 3764 iis
804 3722 959 3781 quae
1004 3721 1184 3781 supra
1233 3702 1617 3779 exposuimus
1666 3702 1902 3761 elucere
1946 3700 2208 3779 videtur,
2255 3700 2331 3761 ad
2377 3699 2633 3778 primipi-

550 3939 618 4002 ⁴²)
652 3950 723 3990 ne
760 3933 902 3988 duae
940 3933 1067 3986 illae
1103 3932 1420 4001 dignitates,
1457 3931 1514 3985 id
1554 3932 1709 4001 quod
1746 3937 1978 4001 propter
2014 3930 2428 3986 similitudinem
2470 3928 2632 3985 facile

386 4022 504 4076 fieri
542 4028 747 4090 potest,
785 4017 1220 4085 confundantur,
1268 4018 1495 4072 alteram
1532 4036 1622 4087 ,‚p.
1661 4034 1714 4087 p.
1752 4017 1872 4071 bis“
1910 4018 2136 4071 alteram
2174 4033 2264 4085 ‚,p.
2303 4032 2356 4085 p.
2392 4016 2631 4070 iterum“

380 4107 662 4176 appellare
709 4106 921 4174 placet,
971 4119 1303 4173 quamquam
1350 4108 1413 4157 nt
1457 4119 1628 4172 snpra
1665 4103 1906 4158 vidimus
1943 4118 2032 4170 „p.
2069 4119 2123 4171 p.
2161 4101 2285 4156 bis“
2323 4100 2631 4171 appellatio

381 4193 451 4245 de
488 4200 721 4261 utroque
757 4205 962 4258 genere
999 4189 1258 4259 usurpari
1294 4193 1502 4257 potest.

551 4280 620 4339 ⁴³)
656 4275 823 4331 Orelli
862 4280 976 4330 539.
1014 4279 1130 4329 554.
1167 4278 1318 4328 2254.
1356 4279 1506 4329 3133.
1545 4278 1696 4327 3964.
