3166 4871
1065 257 1146 310 De
1181 256 1385 311 nomin.
1422 258 1476 310 iu
1513 276 1675 321 -αιος,
1748 263 1778 323 ξ
1816 264 1896 313 bl.
2474 268 2594 328 247

355 436 572 501 τιαϊος
619 434 798 511 Hipp.
841 433 988 494 Poll.
1117 421 1616 506 ὑποσπαδιαΐος
1669 435 1800 497 Gal.
1933 437 2371 515 σπιθαμιαῖος
2430 442 2610 520 Ηὶρρ,

354 532 539 591 Arist.
570 535 801 613 Thphr.
872 523 1183 616 ἡμισπιθ.
1219 539 1396 617 Hipp.
1486 537 1960 617 σταλαγμιαῐος
1992 541 2158 600 Paul.
2190 541 2284 600 Al.
2372 555 2608 622 στατη-

358 641 576 713 ριαῑος
619 637 852 715 Theop.
882 658 1030 698 com.
1062 659 1156 716 ap.
1181 619 1342 699 Pon.
1372 637 1431 718 9,
1476 640 1574 700 59.
1663 647 2007 709 στατιαϊος
2036 644 2299 720 Hesych.
2389 643 2611 703 στελε-

355 744 570 814 χιαῑος
615 739 748 799 Gal.
836 741 1310 819 στεμματιαϊοὶ)
1357 735 1636 822 δίχηλον
1668 744 1930 820 llesych.
2019 753 2450 818 στεφανιατος
2482 749 2612 808 Gal.

361 838 714 919 στηθιαῑος
760 844 945 903 schol.
991 846 1093 903 Ar.
1136 845 1319 920 gloss.
1406 852 1777 923 στιγμιαῐος
1824 848 1979 906 ΡΙιιι.
2024 847 2153 907 Gal.
2251 857 2614 926 στοιχιαῑος

239 1000 250 1005 -
359 942 493 1002 iscr.
609 952 1102 1023 προστομιαῑον
1146 948 1278 1006 iser.
1393 946 1822 1018 ταλαντιαῑος
1887 950 2050 1007 Dem.
2096 950 2303 1010 Aleae.
2348 957 2495 1010 com'.
2539 953 2612 1011 al.

360 1046 808 1125 πενθημιταλ.
857 1050 1031 1108 Philo
1077 1051 1324 1127 poliorc.
1415 1049 1672 1127 τριταλ.
1722 1052 1874 1110 ΡΙιιι.
1919 1052 2108 1111 Philo.
2196 1052 2613 1130 τελματιαϊος

361 1150 547 1207 Arist.
634 1144 1088 1227 διχοτομιαῑος
1111 1153 1275 1212 Paul.
1299 1153 1471 1212 Alex.
1557 1158 1855 1221 τονιαῐος
1888 1155 2067 1214 Arist.
2102 1154 2326 1214 Euclid.
2354 1158 2615 1217 Aristox.

360 1260 892 1330 τριημιτωνιαϊος
939 1255 1107 1313 Theo
1154 1238 1270 1314 Sm:
1357 1255 1781 1334 τραχηλιαῖος
1826 1258 1939 1316 Str.
1985 1258 2040 1325 (P
2083 1257 2153 1315 cf.
2204 1258 2346 1340 Lob.
2390 1260 2614 1336 Phryn.

363 1349 520 1431 558)
567 1356 735 1414 Euat.
837 1343 1179 1426 ὑὸατιιεῐος
1227 1358 1488 1434 llesycli.
1620 1357 2088 1436 φλεγματιαῖυς
2133 1358 2317 1435 Geop.
2417 1378 2612 1438 φρεα-

364 1463 581 1525 τιαῑος
632 1458 859 1536 Thphr.
903 1460 1060 1519 Plut.
1105 1461 1244 1519 Ath.
1330 1467 1740 1538 φρενιτιαῑος
1770 1462 1950 1537 llipp.
2035 1469 2427 1537 χοινικιαϊος
2475 1466 2615 1523 lscr.

366 1566 470 1618 att.
601 1569 1050 1638 τριχουνιαῑος
1115 1565 1309 1621 Diosc.
1435 1570 1779 1641 χρυσιαῑος
1838 1564 1963 1623 DL.
2096 1549 2371 1639 (όμιαϊος
2436 1567 2616 1625 Arist.

365 1662 601 1721 Heliod.
664 1663 793 1723 Gal.
924 1656 1289 1740 ἐπωμιαῑος
1347 1667 1524 1743 Hipp.
1655 1653 1928 1743 ὡριαῑος
1972 1666 2028 1725 S.
2078 1667 2242 1742 Emp.
2289 1669 2438 1728 Ptol.

1411 2016 1424 2025 .
1461 1966 1531 2030 V.

565 2100 673 2166 De
719 2102 1239 2168 terminatione
1286 2125 1431 2178 αιος
1477 2102 1564 2168 ad
1615 2102 1798 2168 alias
1844 2102 2111 2186 stirpes
2158 2104 2424 2171 addita.

547 2271 655 2338 81.
691 2275 1167 2340 Terminationis
1198 2297 1343 2350 αιος
1373 2281 1662 2355 originem
1694 2278 1877 2339 fuisse
1926 2280 2181 2367 vidimus
2228 2300 2386 2361 eam,
2431 2288 2495 2342 ut
2540 2283 2615 2343 ad

369 2381 621 2458 stirpem
682 2383 742 2442 in
785 2399 827 2440 α
874 2381 1242 2444 desinentem
1301 2382 1626 2443 adderetur
1683 2382 1960 2443 suffixum
2022 2401 2105 2443 ιο.
2196 2384 2377 2445 Cuius
2422 2384 2618 2445 suffixi

371 2486 500 2545 iota
544 2503 726 2560 quum
775 2491 894 2546 tam
940 2490 1106 2545 arcte
1152 2504 1285 2546 cum
1333 2486 1734 2563 praecedente
1766 2505 1809 2544 α
1838 2486 2221 2564 conjunctum
2265 2492 2423 2548 esset
2463 2493 2529 2548 ut
2557 2489 2616 2547 in

372 2586 816 2665 diphthongum
864 2605 930 2645 αι
976 2589 1409 2664 coalescerent,
1466 2608 1685 2648 novum
1746 2589 1916 2664 quasi
1979 2590 2279 2667 quoddam
2336 2591 2616 2650 suffixum

374 2706 486 2746 αεο
533 2695 736 2750 natum
782 2694 887 2750 est.
979 2692 1104 2750 Hoc
1163 2691 1348 2767 igitur
1406 2709 1560 2751 novo
1625 2689 1842 2750 suffixo
1895 2692 2019 2768 jam
2084 2693 2167 2751 uti
2217 2696 2498 2770 poterant
2541 2693 2618 2753 ad

373 2793 676 2852 vocabula
736 2813 810 2853 ex
870 2792 1181 2870 quibusvis
1239 2792 1523 2868 stirpibus
1582 2793 1927 2852 derivanda.
2013 2795 2241 2854 Tamen
2306 2814 2377 2854 ea
2435 2795 2493 2854 iu
2557 2813 2621 2854 re

375 2894 698 2955 admodum
746 2914 809 2955 se
855 2895 1238 2970 cohibebant,
1298 2914 1495 2972 neque
1555 2895 1684 2955 fere
1742 2896 1816 2955 ab
1879 2896 2009 2955 aliis
2054 2897 2339 2972 stirpibus
2384 2898 2623 2956 nomina

373 2997 436 3056 in
482 3013 591 3055 αιο
654 2997 1014 3057 derivabant
1071 3015 1250 3073 quam
1312 2997 1386 3056 ab
1448 2998 1536 3056 eis
1594 3015 1748 3072 quae
1794 2998 1852 3055 in
1900 3014 1938 3055 o
1986 2997 2294 3074 desinunt,
2355 3003 2421 3056 ut
2465 3017 2622 3074 quae

375 3101 667 3177 stirpibus
711 3100 767 3159 in
799 3118 842 3157 α
875 3101 1184 3178 proximae
1215 3105 1415 3159 essent
1461 3103 1753 3175 cognatae
1798 3117 1870 3158 ac
1913 3099 2010 3158 vel
2057 3100 2225 3175 prius
2268 3098 2431 3175 ipsae
2476 3100 2533 3159 in
2581 3116 2623 3157 α

378 3201 696 3262 desiissent
738 3203 835 3261 vel
893 3202 1125 3262 mobilia
1181 3204 1384 3261 essent
1430 3200 1889 3277 femininamque
1935 3200 2160 3278 primae
2206 3200 2624 3260 declinationis

379 3304 628 3364 sormam
675 3325 711 3362 a
756 3305 941 3364 latero
988 3303 1297 3363 haberent.
1384 3301 1470 3364 Cf.
1516 3321 1704 3380 supra
1746 3322 1801 3381 p.
1856 3298 1971 3358 185
2003 3321 2090 3378 sq.
2151 3302 2244 3362 Ab
2288 3303 2623 3363 huiusmodi

377 3391 561 3484 igitur
604 3409 891 3484 stirpibus
936 3423 1263 3484 permagna
1309 3407 1612 3467 nominum
1660 3407 1718 3466 in
1765 3423 1910 3475 αιος
1955 3405 2274 3465 multitudo
2306 3405 2486 3465 ducta
2517 3410 2625 3484 est,

379 3510 455 3571 de
500 3511 720 3588 quibus
764 3511 965 3587 priore
1012 3510 1208 3587 capite
1254 3510 1500 3586 egimus.
1590 3509 1900 3568 Perraro
1947 3513 2145 3568 autem
2191 3513 2251 3568 et
2299 3509 2663 3569 vetustiore

379 3613 620 3689 quidem
666 3617 934 3689 tempore
978 3612 1106 3671 fere
1152 3629 1456 3689 nunquam
1501 3628 1610 3668 αιο
1656 3610 1737 3669 ad
1796 3610 1979 3671 alias
2034 3612 2321 3688 stirpes,
2376 3611 2411 3669 i.
2443 3629 2495 3670 e.
2539 3611 2625 3669 ad

378 3718 650 3792 stirpes
693 3719 814 3775 aut
857 3733 1173 3775 consona
1217 3719 1342 3774 aut
1383 3712 1533 3773 alia
1577 3732 1780 3790 quam
1823 3730 1866 3770 α
1900 3717 1970 3772 et
2000 3728 2037 3770 ο
2068 3714 2305 3773 vocali
2353 3712 2626 3792 finitas,

379 3819 527 3896 sive,
573 3823 639 3878 ut
668 3819 890 3878 veteris
919 3816 1337 3894 grammaticae
1370 3834 1533 3875 more
1566 3816 1801 3893 loquar,
1828 3816 1901 3874 ad
1936 3815 2176 3875 nomina
2205 3816 2417 3876 tertiae
2447 3814 2625 3876 decli·

382 3921 637 3982 nationis
678 3920 1003 3980 additum
1052 3923 1176 3978 est.
1264 3918 1588 3995 Complura
1620 3936 1773 3994 quae
1805 3918 1917 3977 hac
1948 3918 2179 3978 ratione
2210 3918 2465 3978 formata
2497 3937 2625 3979 esse

383 4024 666 4083 videntur
711 4022 951 4083 nomina
1009 4022 1184 4081 aliter
1242 4023 1384 4080 sunt
1438 4019 1810 4096 explicanda.
1897 4020 2269 4081 Vocabulum
2331 4012 2628 4097 ἐχιαῑος

383 4125 546 4203 quod
594 4126 797 4186 lexicis
843 4123 1293 4200 circumfertur,
1339 4141 1455 4182 non
1504 4140 1634 4182 esse
1681 4122 1790 4181 uisi
1837 4120 2047 4181 falsam
2093 4122 2442 4182 Schneideri
2490 4140 2624 4180 con·

374 4229 676 4307 jecturam
733 4246 845 4305 pro
906 4245 976 4286 eo
1036 4225 1196 4302 quod
1253 4226 1308 4284 in
1357 4224 1645 4284 Nicandri
1699 4224 1867 4284 libris
1912 4229 2003 4284 est
2047 4217 2357 4302 ἐχινατος,
2402 4226 2461 4282 et
2504 4214 2627 4298 ἐχι-
