3166 4871
546 220 671 283 268

545 394 779 454 minime
824 391 1001 453 cadit.
1088 393 1256 466 Quae
1304 411 1437 454 cum
1485 394 1572 452 ita
1619 392 1767 471 sint,
1818 392 1943 454 fere
1990 412 2100 470 pro
2147 398 2309 455 certo
2357 394 2779 456 affirmaverim

542 497 888 558 Ciceronem
936 513 1055 555 non
1101 499 1219 555 tam
1266 514 1339 555 ex
1386 513 1497 554 sua
1541 496 1730 572 ipsius
1776 496 2146 574 cognitione,
2200 514 2380 575 quam
2426 515 2499 557 ex
2556 515 2779 567 eorum,

541 617 694 677 quos
746 601 991 658 secutus
1036 604 1143 673 est,
1187 598 1541 658 auctoritate
1588 598 1977 675 Aristophani
2026 598 2260 658 laudem
2306 599 2602 659 tribuisse.
2690 600 2781 659 Ac

540 701 816 763 facillime
861 699 1149 777 explicari
1195 703 1408 777 potest,
1456 700 1561 777 qui
1596 700 1819 759 factum
1866 700 1961 777 sit,
2009 706 2072 760 ut
2116 719 2367 779 parvum
2414 702 2672 762 studium
2719 703 2779 762 iu

540 805 720 883 hujus
766 802 1090 863 comoediis
1120 802 1444 863 collocaret
1487 811 1546 862 et
1577 803 1737 862 haud
1780 804 1865 863 ita
1907 822 2177 880 magnam
2222 823 2296 864 ex
2343 805 2415 864 iis
2442 806 2781 882 perciperet

539 907 1013 968 delectationem.
1121 906 1333 983 Neque
1408 906 1561 965 enim
1626 904 1973 983 quisquam,
2041 914 2330 983 quantum
2391 908 2644 984 scimus,
2704 926 2778 967 ex

539 1010 731 1089 poetis
789 1008 1044 1068 scenicis
1101 1008 1502 1069 Romanorum
1577 1008 1941 1068 comoediam
2004 1008 2181 1069 ullam
2244 1009 2661 1086 Aristophanis
2716 1011 2776 1070 in

536 1115 800 1191 linguam
844 1111 1118 1171 Latinam
1165 1117 1574 1187 converterat,
1630 1111 1713 1170 ita
1774 1116 1840 1171 ut
1884 1112 1997 1170 hac
2060 1130 2125 1171 re
2171 1110 2377 1172 Cicero
2436 1112 2773 1189 permoveri

537 1220 767 1293 posset,
830 1217 894 1274 ut
936 1213 1125 1292 ipsius
1170 1212 1664 1273 Graeci-fabulas
1719 1213 1978 1291 legeret3
2041 1219 2357 1290 praeterea
2414 1214 2551 1274 illae
2597 1216 2773 1274 etiam

538 1318 766 1378 Graece
813 1316 1001 1376 doctis
1046 1315 1280 1376 illorum
1341 1318 1677 1394 temporum
1726 1316 1868 1376 viris
1914 1317 2131 1377 multas
2186 1316 2262 1377 ad
2310 1317 2774 1394 intellegendum

536 1422 947 1497 praebuerunt
990 1417 1401 1493 difficultates,
1454 1421 1756 1494 postremo
1802 1419 1876 1478 ob
1922 1420 2221 1495 ingentem
2269 1419 2612 1498 audaciam,
2656 1439 2777 1497 qua

535 1521 931 1600 potentissimi
974 1521 1085 1579 viri
1148 1528 1210 1580 et
1249 1520 1599 1596 gravissima
1645 1520 2015 1597 reipublicae
2073 1521 2342 1582 instituta
2386 1523 2446 1583 in
2500 1523 2594 1583 his
2639 1541 2773 1582 exa·

534 1624 914 1702 gitabantur,
992 1621 1067 1682 ab
1149 1622 1430 1681 universa
1505 1621 1728 1698 ingenii
1798 1624 2195 1684 Romanorum
2271 1625 2475 1685 indole
2539 1626 2774 1685 alienae

534 1730 724 1787 erant.
742 1722 818 1797 ⁸3)
849 1755 934 1766 —-
965 1723 1135 1798 Quae
1179 1725 1229 1783 si
1276 1724 1411 1801 quis
1441 1723 1925 1796 consideraverit,
1969 1726 2071 1785 vix
2116 1727 2424 1788 mirabitur
2469 1727 2773 1789 Cratinum

536 1847 609 1889 ne
656 1829 840 1889 semel
905 1827 1144 1905 quidem
1190 1825 1353 1904 apud
1400 1826 1751 1888 Ciceronem
1811 1829 2156 1905 memorari,
2213 1830 2474 1907 Eupolin
2538 1829 2773 1891 duobus

533 1931 697 2008 locis,
741 1930 847 1991 sed
892 1932 991 2008 ita,
1034 1933 1101 1990 ut
1129 1948 1202 1989 ex
1256 1931 1370 1989 hac
1400 1947 1466 1989 re
1512 1930 1747 1990 minime
1779 1930 2063 2007 colligere
2096 1932 2271 1992 liceat
2302 1932 2479 1993 ullam
2512 1934 2566 1993 ei
2597 1934 2774 2009 hujus

533 2034 740 2095 comici
813 2032 1074 2093 fabulam
1151 2039 1348 2093 notam
1428 2030 1631 2094 fuisse.
1742 2033 1895 2092 Nam
1964 2035 2126 2093 Brut.
2183 2037 2264 2097 38
2333 2035 2482 2096 baec
2546 2036 2773 2095 inveni·

534 2145 739 2198 untur:
842 2135 1050 2213 „Non,
1140 2133 1642 2212 quemadmodum
1722 2134 1798 2195 de
1881 2136 2113 2196 Pericle
2193 2137 2434 2213 scripsit
2506 2139 2774 2214 Eupolis,

531 2257 664 2299 cum
728 2238 1120 2299 delectatione
1163 2236 1405 2297 aculeos
1448 2237 1624 2297 etiam
1669 2229 2044 2314 'relinqueret
2086 2239 2143 2299 in
2190 2240 2401 2299 animis
2445 2258 2677 2309 eorum,
2735 2257 2774 2298 a

532 2339 750 2418 quibus
794 2344 955 2399 esset
997 2338 1291 2399 auditus.“
1354 2343 1415 2398 et
1458 2339 1599 2399 ibid.
1642 2343 1720 2400 59
1771 2341 1950 2400 haec:
2007 2330 2289 2413 (Πειθὼ)
2337 2360 2554 2419 „quam
2601 2340 2770 2401 deam

530 2444 589 2502 in
643 2442 863 2502 Pericli
925 2441 1108 2501 labris
1168 2441 1403 2517 scripsit
1462 2441 1711 2519 Eupolis
1770 2443 2204 2518 sessitavisse“.
2307 2444 2566 2504 Primum
2625 2463 2771 2505 vero

530 2542 891 2605 monendum
954 2547 1047 2603 est
1101 2541 1255 2601 duos
1301 2543 1467 2602 locos
1512 2541 1588 2601 ad
1636 2542 1876 2603 eosdem
1922 2547 2137 2620 poetae
2184 2545 2341 2604 illius
2385 2564 2596 2606 versus
2640 2567 2771 2607 esse

528 2645 896 2708 referendos.
984 2644 1117 2720 Quo
1162 2643 1423 2722 accedit,
1469 2645 1631 2721 quod
1676 2643 1735 2704 hi
1783 2662 1990 2706 versus
2034 2645 2323 2705 notissimi
2368 2646 2646 2708 facillime
2691 2651 2770 2709 ab
2840 2665 2855 2676 ·

527 2749 729 2827 aliquo
775 2766 972 2809 rerum
1034 2747 1326 2825 scriptore
1370 2746 1447 2807 ad
1491 2765 1687 2824 genus
1733 2745 1967 2807 dicendi
2014 2748 2262 2809 Periclis
2308 2748 2768 2812 describendum

525 2852 744 2931 prolati
788 2869 919 2912 esse
963 2854 1257 2928 poterant.

697 2957 822 3015 lam
870 2972 1012 3014 vero
1056 2951 1361 3024 absolutis,
1407 2970 1566 3029 quae
1612 2951 1689 3012 ad
1734 2952 2036 3014 Ciceronis
2080 2954 2156 3014 de
2202 2959 2404 3015 vetere
2432 2955 2766 3017 Atticorum

525 3055 833 3118 comoedia
891 3057 1240 3116 sententiam
1304 3056 1779 3132 cognoscendam
1824 3074 1979 3133 opus
2036 3056 2394 3118 videbantur
2411 3056 2506 3136 S⁴),
2577 3060 2769 3137 prius-

527 3178 704 3237 quam
749 3159 825 3219 ad
873 3164 1204 3229 recentem,
1249 3176 1406 3235 quae
1451 3156 1705 3236 dicitur,
1747 3159 2238 3238 progrediamur,
2294 3159 2453 3220 haud
2499 3162 2765 3239 ineptum

526 3260 763 3321 videtur
806 3278 1000 3338 pauca
1042 3260 1285 3338 addere,
1330 3279 1403 3320 ex
1449 3260 1663 3337 quibus
1709 3266 2032 3340 appareat,
2075 3261 2221 3339 quid
2268 3262 2343 3322 de
2392 3263 2768 3342 Epicharmo,

523 3363 959 3440 antiquissim0‚
1016 3368 1084 3422 ut
1124 3361 1388 3438 videtur,
1450 3362 1816 3424 Graecorum
1874 3365 2130 3441 comico,
2201 3366 2470 3426 senserit.
2596 3366 2765 3442 Quae

524 3466 704 3526 etiam
756 3469 934 3526 antea
987 3464 1261 3543 proferre
1331 3469 1631 3544 poteram;
1705 3484 1837 3525 nam
1915 3467 2393 3528 verisimillimum
2469 3473 2562 3529 est
2629 3489 2761 3529 cum

524 3586 763 3628 carmen
829 3567 1277 3645 philosophum,
1338 3567 1499 3645 quod
1559 3562 1715 3647 περὶ
1771 3557 2038 3644 φύσεως
2081 3569 2549 3649 inscribebatur,
2611 3591 2763 3631 com-

523 3671 821 3749 posuisse3
882 3687 1015 3729 cum
1061 3675 1260 3729 autem
1306 3688 1463 3749 eam,
1522 3690 1701 3748 quam
1748 3672 1909 3749 apud
1969 3677 2204 3733 veteres
2252 3673 2457 3734 habuit
2499 3676 2762 3752 gloriam,

525 3774 834 3833 maximam
877 3777 1108 3850 partem
1155 3792 1229 3832 ex
1275 3773 1595 3833 comoediis
1639 3773 1692 3832 ei
1738 3773 2108 3835 redundasse
2155 3781 2414 3852 constet,
2458 3777 2554 3836 hic
2599 3778 2763 3837 loeus

522 3877 718 3953 aptior
762 3874 1115 3945 videbatur,
1176 3873 1275 3934 ubi
1335 3893 1532 3951 pauca
1591 3875 1668 3935 de
1713 3894 1785 3935 eo
1831 3876 2214 3954 disputarem.
2303 3878 2760 3938 concedendum

692 4109 762 4173 ⁸³)
795 4104 865 4160 cf.
905 4105 938 4158 l.
975 4104 1012 4159 l.
1048 4105 1101 4159 d.
1137 4119 1255 4174 rep.
1293 4109 1341 4172 4,
1386 4109 1461 4160 11.

690 4194 758 4259 “)
792 4189 861 4245 cf.
898 4196 1186 4259 praeterea
1220 4190 1274 4245 d.
1309 4190 1402 4244 off.
1447 4196 1488 4252 1,
1533 4196 1642 4260 104,
1680 4191 1750 4245 de
1788 4207 1900 4261 quo
1935 4192 2061 4246 loeo
2103 4198 2298 4262 postea
2333 4192 2758 4262 disputabimus.
