3166 4871
556 304 635 361 30
958 254 965 259 -
1554 300 1811 355 zacher

1615 574 1732 640 111.

768 727 872 793 ne
919 728 1527 794 termmtmnum
1575 750 1721 803 αιος
1765 678 1841 794 et
1884 751 2018 804 eloe
2065 706 2580 796 vicissitudine.

723 881 833 949 10.
910 890 1101 947 Etiam
1165 906 1299 948 eum
1361 888 1781 949 terminatione
1846 906 1978 959 ειος
2038 888 2275 966 saepins
2340 891 2558 949 mutari
2619 908 2792 967 posse

552 1008 696 1060 αιος
741 990 997 1051 videtur.
1083 990 1199 1051 Sed
1243 991 1599 1068 plerumque
1646 991 1936 1051 vocabula
1995 991 2056 1050 in
2113 1008 2261 1061 αιος
2321 992 2658 1053 desinentia
2717 993 2791 1053 ab

551 1094 667 1152 illis
711 1111 865 1169 quae
914 1098 1179 1152 ceterum
1223 1094 1354 1171 pari
1402 1092 1596 1153 forma
1653 1099 1877 1153 exeunt
1917 1094 1977 1153 in
2025 1110 2198 1166 ειος,
2260 1112 2379 1154 non
2442 1094 2554 1154 hac
2598 1097 2792 1155 termi-

552 1195 793 1255 natione
840 1196 969 1255 sola
1011 1194 1248 1255 diversa
1292 1200 1469 1273 sunt,
1512 1195 1621 1255 sed
1665 1196 1764 1255 vel
1812 1195 2168 1256 formatione
2216 1197 2311 1257 vel
2356 1196 2790 1273 significatione

554 1299 647 1357 vel
696 1297 1086 1357 dialectorum
1133 1303 1522 1359 anctorumve
1568 1317 1699 1358 usu.

720 1400 1025 1460 Interdum
1070 1418 1181 1478 pro
1227 1419 1269 1458 α
1312 1400 1517 1478 stirpis
1558 1401 1842 1460 interiore
1890 1405 2029 1460 ante
2073 1400 2351 1461 suffixum
2400 1418 2464 1459 ιο
2517 1418 2587 1459 ια
2634 1402 2787 1479 posi·

550 1506 673 1561 tum
720 1520 852 1562 esse
898 1519 945 1580 ε,
992 1502 1167 1562 modo
1210 1503 1486 1562 vidimus.
1574 1502 1752 1575 Quod
1813 1503 1872 1562 in
1937 1504 2149 1579 paucis
2211 1503 2567 1580 quibusdam
2613 1523 2786 1564 voca-

552 1605 704 1664 bulis
747 1604 838 1664 fit:
911 1594 1154 1683 παρειά
1197 1623 1308 1681 pro
1354 1606 1676 1684 napafta,
1720 1625 1814 1682 ap.
1860 1606 2032 1664 Hom.
2077 1610 2137 1665 et
2181 1606 2322 1684 Ata,
2369 1606 2528 1683 apud
2573 1606 2787 1667 Home-

552 1726 681 1767 rum
736 1708 912 1767 etiam
956 1695 1284 1786 παρήιον,·
1349 1697 1492 1783 ῥεῖα
1536 1707 1709 1766 Hom.
1725 1752 1743 1786 ‚
1808 1701 1953 1766 λεία
2014 1711 2074 1768 et
2129 1700 2430 1766 ἐπίνειον
2473 1710 2595 1769 Att.
2683 1709 2792 1768 His

548 1808 847 1870 accedunt
890 1810 1217 1887 composita
1258 1828 1297 1869 a
1342 1805 1425 1887 γῆ
1471 1809 1775 1887 derivata,
1837 1828 1993 1887 quae
2038 1809 2213 1871 modo
2262 1811 2322 1869 in
2365 1827 2570 1888 -γειος
2615 1810 2789 1871 modo

548 1913 607 1972 in
654 1929 872 1990 -γαιος
918 1911 1221 1990 desinunt,
1265 1912 1436 1971 cuins
1467 1912 1893 1972 vicissitudinis
1937 1913 2175 1989 regulas
2205 1913 2474 1972 invenire
2506 1915 2789 1989 conabor,

549 2034 734 2091 quum
781 2014 856 2074 de
901 2021 1055 2092 γαῖα
1099 2015 1230 2091 ipso
1276 2032 1448 2092 agam
1494 2013 1530 2085 ᾖ
1579 2011 1675 2073 39.

719 2118 771 2176 Α
804 2117 1089 2194 stirpibus
1135 2117 1386 2178 diversis
1430 2117 1734 2195 pullulant
1781 2119 1954 2176 haee:
2000 2111 2493 2193 δευτεραῖος
2539 2118 2789 2175 vocatur

547 2220 709 2295 quod
753 2219 852 2305 die
896 2221 1092 2279 altera
1134 2217 1238 2295 (τῇ
1283 2212 1587 2299 δευτέρᾳ)
1649 2220 1742 2296 fit,
1802 2215 2275 2298 δευτερεῖον
2320 2220 2576 2297 pretInm
2624 2216 2787 2295 qnod

545 2321 812 2380 secundo
888 2317 1011 2398 (τῷ
1083 2315 1401 2401 δευτέρῳ)
1467 2322 1785 2400 tribuitur,
1859 2321 2189 2399 eodemque
2257 2321 2432 2381 modo
2494 2321 2786 2380 differunt

548 2429 915 2504 τριταῖος
970 2428 1354 2502 τριτεῖον.
1444 2412 1772 2502 γύνειος
1832 2445 1883 2484 a.
1929 2428 2000 2484 st.
2045 2441 2243 2504 γυνη,
2306 2428 2788 2502 γυναικεῖος

545 2546 582 2585 a
625 2533 696 2587 st.
742 2543 1008 2604 γυναικ,
1075 2510 1407 2603 ἀρχαῖος
1478 2527 1552 2587 ab
1607 2511 1804 2606 ἀρχή,
1871 2512 2198 2605 ἀρχεῖον
2265 2527 2653 2603 periecticum
2712 2524 2788 2584 ab

546 2615 789 2708 ἄρχων.
900 2626 1358 2688 Μελιταῖον
1429 2630 1683 2690 catellus
1736 2630 1934 2691 insula
1979 2623 2231 2709 Μελίτη
2291 2629 2598 2705 oriundus,
2660 2643 2785 2704 ft?-

549 2725 759 2790 litet
780 2747 870 2790 ov
939 2734 1118 2809 potus
1185 2732 1362 2792 mclle
1435 2725 1636 2809 (μέλι,
1700 2737 1770 2793 st.
1813 2730 2026 2810 μελιτ)
2102 2731 2322 2792 factus:
2407 2736 2693 2808 χοαῖος
2751 2747 2790 2788 a

542 2831 722 2912 χοῦς,
763 2839 1297 2913 χρυσοχοεῖον
1343 2828 1573 2913 axem:
1620 2833 2016 2913 βορραῖος
2059 2853 2096 2893 a
2125 2838 2196 2895 st.
2227 2832 2442 2913 βορ]”α,
2470 2822 2788 2912 βόρειος

544 2956 580 2995 a
632 2941 703 2996 st.
747 2933 965 3015 βορεο.
1028 2935 1438 3016 βορρεῖον,
1501 2936 1666 3013 quod
1734 2936 2018 2997 traditum
2086 2941 2176 2997 est
2236 2936 2399 3014 apud
2455 2937 2606 2997 Xen.
2650 2937 2789 3012 Cyr.

546 3036 687 3115 577,
734 3038 1170 3099 emendandum
1218 3039 1481 3117 videtur,
1554 3043 1616 3098 et
1670 3040 1766 3099 vel
1834 3035 2223 3118 βορραῖον
2289 3040 2388 3098 vel
2452 3027 2787 3116 βόρειον

545 3141 942 3202 scribendum.
1072 3144 1279 3202 Restat
1358 3160 1552 3202 unum
1636 3141 1992 3203 vocabulum
2082 3141 2384 3203 difficilius
2472 3142 2792 3218 explicatu,

544 3229 827 3321 η’θεῖος
872 3245 1280 3321 Homericum,
1324 3264 1434 3322 pro
1481 3264 1602 3321 qno
1650 3229 1944 3325 ἤθαῖος
1989 3245 2284 3305 Pindarus
2329 3246 2532 3304 Isthm.
2578 3240 2635 3319 2,
2680 3237 2788 3300 48:

542 3329 710 3404 ὅταν
754 3346 981 3420 ξεῖνον
1011 3336 1173 3423 ἐμὸν
1216 3331 1469 3426 ἠθαῖον
1515 3338 1737 3423 ἔλθῃς.
1819 3349 2068 3409 Veteres
2107 3347 2477 3424 grammatici
2509 3330 2788 3424 ἠθεῖος

540 3451 645 3507 ant
688 3467 763 3506 ex
808 3446 996 3516 θεῖος
1022 3494 1039 3519 ‚
1094 3438 1268 3508 κατὰ
1310 3439 1742 3528 πλεονασμὸν
1787 3446 1910 3508 τοῦ
1954 3468 2014 3528 η,
2079 3453 2142 3509 nt
2185 3432 2419 3527 ἠβαιός
2465 3468 2538 3509 ex
2581 3436 2788 3520 βαιός,

540 3533 877 3628 η’πεόανός
939 3569 1014 3610 ex
1056 3540 1348 3621 πεὸανός
1395 3556 1632 3630 natum,
1693 3557 1800 3612 aut
1856 3554 1932 3612 ab
1992 3542 2155 3621 ἔθος
2215 3530 2390 3629 ἦθος
2450 3542 2787 3611 derivatum

542 3657 908 3712 censuerunt
964 3651 1065 3725 (cf.
1111 3653 1258 3713 Lob.
1316 3654 1478 3731 path.
1539 3655 1615 3714 el.
1668 3653 1719 3731 1,
1765 3650 1864 3715 67.
1938 3653 2265 3714 Herodian.
2323 3654 2416 3714 ed.
2461 3654 2650 3714 Lentz
2711 3653 2789 3715 Π»

543 3751 644 3834 58,
689 3755 742 3813 5.
811 3753 942 3832 171,
974 3752 1072 3814 20.
1118 3753 1261 3835 517,
1297 3754 1416 3830 10).
1506 3757 1774 3830 Quarum
1820 3757 2251 3817 sententiarum
2296 3756 2399 3817 illa
2431 3754 2789 3834 jamdudum

541 3858 793 3934 explosa
850 3856 974 3937 cst,
1040 3876 1112 3918 ac
1171 3860 1541 3920 recentiores
1586 3859 1712 3920 fere
1757 3876 1962 3918 omnes
2023 3858 2164 3919 inde
2225 3878 2261 3917 a
2305 3858 2611 3919 Lobeckio
2668 3858 2706 3917 l.
2752 3858 2790 3916 Ι.

540 3961 923 4020 consentiunt
964 3960 1331 4037 primitivum
1377 3979 1508 4022 esse
1553 3939 1745 4040 ἦθος,
1791 3960 1930 4021 hinc
1974 3945 2217 4038 ἠθεῖον
2265 3960 2491 4021 dictum
2521 3977 2655 4019 esse
2688 3959 2786 4019 vcl

540 4080 673 4121 eum
735 4063 838 4138 qui
901 4063 1109 4122 eadem
1172 4062 1346 4122 domo
1419 4062 1649 4122 habitet
1722 4061 1932 4139 (quum
1993 4042 2162 4142 ἦθος
2234 4062 2394 4140 apud
2454 4062 2783 4121 Homerum

540 4180 776 4239 semper
843 4164 1139 4240 significet
1208 4163 1676 4241 habitaculum),
1748 4154 1871 4223 τὸν
1918 4158 2197 4237 οἰκεῖον,
2260 4164 2475 4224 deinde
2531 4164 2785 4222 amicum

540 4264 751 4335 (Doed.
802 4266 870 4323 Η.
917 4265 996 4344 gl.
1044 4286 1097 4325 n.
1143 4261 1322 4344 99⁰),
1380 4267 1476 4325 vel
1523 4284 1785 4342 quocum
1835 4269 2268 4345 consentimus,
2326 4256 2449 4324 τὸν
2496 4253 2766 4345 συνήθη
