3166 4871
590 281 706 342 164

584 449 799 528 νίζετο
845 446 958 511 καὶ
1005 445 1061 509 εἰ
1108 436 1187 530 δή
1233 470 1331 522 τις
1377 440 1582 523 ἄλλος
1627 449 1766 510 τῶν
1793 450 2106 512 παλαιῶν
2160 443 2574 533 ὑποκριτῶν·
2626 438 2822 514 Ἀντι-

581 545 788 635 γόνην
861 547 931 612 δὲ
996 548 1438 630 Σοφοκλέους
1489 544 1825 626 πολλάκις
1890 549 2013 634 μὲν
2073 546 2425 633 Θεόδωρος
2494 545 2823 627 πολλάκις

582 650 651 715 δὲ
682 641 1142 734 Ἀριστόδημος
1171 643 1665 733 ὑποκέκριται.“
1756 657 1955 719 llludit
1999 665 2204 718 orator
2236 659 2611 728 Aeschinem,
2658 658 2817 735 quod

583 762 638 820 in
728 761 996 820 oratione
1068 759 1424 819 Timarchea
1498 763 1582 837 (p.
1644 758 1749 831 21)
1834 779 2040 820 versus
2113 760 2401 838 quosdam
2481 762 2822 822 recitaverit

579 881 612 922 e
686 863 988 923 Phoenice
1073 862 1398 939 Euripides
1472 864 1757 938 prolatos,
1864 864 1925 920 in
2005 879 2123 936 qua
2193 864 2415 934 subula
2502 879 2819 937 numquam

575 972 790 1039 partes
851 965 1078 1039 efferim
1141 964 1317 1025 talem
1383 965 1536 1024 enim
1600 963 1861 1024 fabulam
1926 984 2121 1041 neque
2177 965 2561 1026 Theodorum
2626 983 2818 1043 neque

581 1066 1052 1142 Aristodemum,
1112 1068 1330 1144 quibus
1374 1066 1704 1127 Aeschines
1766 1068 1970 1127 tertias
2014 1069 2233 1144 egerit,
2296 1086 2558 1145 unquam
2622 1069 2820 1144 egisse

577 1170 676 1235 (cf.
720 1189 778 1247 p.
810 1174 960 1231 420:
1030 1153 1072 1228 ἃ
1116 1152 1333 1227 ὁόὐόὲ
1388 1153 1659 1228 πώποτ’
1718 1161 1793 1228 ἐι·
1851 1167 1949 1248 τῷ
1996 1164 2122 1247 βίῳ
2171 1152 2544 1246 ἑπεκρὶνω,
2605 1164 2817 1228 ταῦτα

576 1262 861 1354 ζητήσας
892 1265 998 1331 ἐπὶ
1033 1269 1129 1351 τῷ
1159 1269 1296 1330 τῶν
1325 1270 1632 1331 πολιτῶν
1660 1260 1916 1348 βλάψαι
1960 1257 2112 1331 τινὰ
2156 1266 2246 1343 εἰς
2274 1266 2483 1349 μέσον
2512 1259 2815 1351 ἤνεγκας.

577 1377 651 1437 cf.
695 1375 1010 1435 Schaefer:
1064 1393 1201 1452 app.
1247 1375 1414 1434 Dem.
1462 1394 1516 1453 p.
1550 1379 1676 1437 660
1721 1383 1780 1435 ct
1828 1379 1893 1434 Α.
1924 1374 2236 1436 Schael'cr:
2296 1377 2459 1434 Dem.
2509 1395 2560 1435 u.
2592 1393 2637 1433 s.
2685 1377 2744 1434 Ζ.
2774 1375 2818 1448 1,

578 1476 743 1552 216).
842 1480 1014 1537 Patet
1073 1497 1105 1538 e
1147 1477 1301 1537 loco
1362 1477 1855 1554 DemosthenicO,
1915 1479 2264 1555 praesertim
2324 1496 2505 1554 quum
2563 1477 2816 1537 subinde

574 1581 883 1660 Sophoclis
947 1581 1252 1658 Antigona
1310 1585 1671 1658 opponatur,
1746 1581 2103 1641 Phoenicem
2166 1580 2546 1658 Euripideam
2606 1582 2815 1640 Dcmo-

575 1685 802 1745 sthenis
868 1682 1236 1759 temporibus
1303 1683 1767 1759 haudquaquam
1849 1683 2194 1760 popularem
2280 1683 2463 1743 fuisse
2552 1682 2811 1743 fabulam

577 1786 982 1864 Euripideque
1043 1790 1276 1845 mortuo
1341 1786 1441 1844 vix
1496 1785 1810 1862 repetitam
1872 1792 1932 1845 et
1993 1786 2318 1854 Molonem,
2390 1785 2552 1862 quod
2614 1786 2814 1846 verbis

574 1883 719 1961 „acal
766 1881 823 1947 εἰ
867 1876 947 1968 δή
1006 1905 1105 1958 τις
1166 1873 1404 1959 ἄλλος
1462 1885 1628 1946 τῶν
1687 1882 2061 1946 παλαιῶν
2120 1875 2612 1966 ὑποκριτῶν“
2676 1907 2810 1949 con·

572 1992 856 2062 firmatur,
903 1991 1202 2068 Euripidis
1235 1992 1418 2052 fuisse
1448 1991 1777 2067 aequalem.
1806 2022 1893 2032 —
1922 1991 2038 2052 Sed
2073 2009 2272 2052 nonne
2318 1993 2525 2051 mirum
2562 1991 2835 2068 videtur„

574 2096 734 2172 quod
783 2092 1246 2171 Demosthenes,
1309 2112 1491 2171 quum
1553 2094 1629 2153 de
1676 2094 1976 2157 Phoenice
2041 2094 2368 2171 Euripides
2426 2093 2586 2152 dicat
2644 2094 2810 2170 quasi

575 2198 651 2258 de
695 2197 898 2257 fabula
942 2196 1214 2257 obsoleta
1258 2203 1318 2257 et
1363 2214 1434 2256 ex
1485 2197 1785 2257 hominum
1836 2196 2115 2258 memoria
2145 2196 2401 2272 sublata,
2446 2202 2809 2273 compertum

575 2300 755 2361 habet
798 2319 834 2358 a
879 2318 1137 2377 quonam
1184 2298 1468 2358 histrione
1516 2299 1653 2359 olim
1700 2304 1837 2359 aeta
1880 2296 2000 2359 sit‘?
2065 2299 2241 2359 Haud
2291 2298 2470 2358 dubie
2514 2297 2654 2358 inde
2700 2299 2813 2357 hoc

573 2402 1016 2480 explicandum,
1080 2401 1240 2479 quod
1288 2402 1724 2463 Demosthenes
1769 2401 2064 2463 Molonem
2112 2393 2808 2479 Euripidis'fabularum

571 2510 834 2567 actorem
881 2504 1066 2565 fuisse
1111 2505 1419 2581 cognovit3
1477 2504 1773 2564 Molonem
1819 2505 1876 2565 in
1926 2505 2038 2564 hac
2083 2507 2213 2583 ipsa
2258 2504 2562 2582 Euripidis
2607 2504 2811 2564 fabula

573 2609 709 2669 olim
771 2612 973 2684 partes
1033 2606 1224 2683 egisse
1285 2606 1721 2666 Demosthenes
1782 2608 1883 2666 vix
1944 2606 2198 2679 audivit,
2260 2614 2319 2668 et
2379 2608 2517 2667 inde
2575 2608 2809 2667 demum

570 2709 869 2770 affirmare
916 2709 1170 2779 videtur,
1230 2708 1389 2786 quod
1438 2709 1736 2769 Molonem
1786 2709 2088 2786 Euripidis
2147 2709 2519 2787 potissimum
2580 2709 2811 2770 fabulas

572 2813 767 2888 egisse
812 2810 1065 2889 audivit;
1121 2829 1303 2888 quum
1351 2811 1676 2872 Theodoro
1720 2816 1781 2872 et
1827 2811 2201 2872 Aristodemo
2249 2813 2553 2873 actoribus
2594 2830 2812 2888 aequa·

568 2915 725 2974 libus
767 2915 1065 2992 quendam
1110 2908 1251 2972 τῶν
1294 2909 1612 2972 παλαιῶν
1656 2897 2050 2992 ὑποκριτῶν
2095 2934 2397 2993 opponere
2441 2916 2587 2975 velit
2630 2919 2691 2974 et
2735 2914 2810 2974 de

573 3016 773 3077 fabula
805 3017 1131 3094 Euripides
1174 3023 1412 3093 agatur,
1458 3018 1589 3096 ejus
1620 3036 1832 3078 nomen
1881 3019 2068 3091 affert,
2114 3019 2215 3095 qui
2249 3018 2551 3095 Euripidis
2582 3017 2809 3077 fabulas

570 3120 706 3179 olim
754 3120 890 3195 egit.
980 3120 1181 3193 Quare
1226 3121 1385 3180 inter
1432 3121 1728 3180 Molonem
1777 3124 1838 3180 et
1884 3121 2225 3199 Euripidem
2274 3123 2558 3181 rationem
2622 3137 2808 3198 quan·

567 3222 703 3281 dam
750 3222 1162 3282 intercessisse
1227 3241 1301 3282 ex
1350 3223 1460 3282 hoc
1520 3223 1651 3283 loco
1702 3223 2100 3300 colligendum
2163 3242 2295 3284 esse
2358 3225 2494 3283 mihi
2558 3222 2809 3282 videtur.

569 3323 731 3384 Cave
791 3330 1021 3401 autem,
1080 3343 1154 3384 ne
1201 3325 1454 3385 oratoris
1519 3326 1720 3385 verbis
1781 3344 2063 3403 perverse
2130 3326 2449 3386 intellectis
2512 3326 2806 3386 Molonem

567 3431 891 3504 propterea
951 3426 1110 3503 quod
1157 3427 1459 3487 actoribus
1521 3427 1903 3487 nobilissimis
1949 3428 2295 3489 Theodoro,
2324 3437 2385 3489 et
2428 3428 2807 3489 Aristodemo

567 3530 892 3607 opponitur
953 3529 1268 3589 obscurum
1333 3530 1424 3589 sui
1486 3532 1773 3607 temporis
1818 3530 2163 3592 histrionem
2231 3532 2411 3592 fuisse
2469 3532 2809 3609 suspiceris.

566 3630 949 3691 Theodorum
981 3633 1134 3691 enim
1178 3638 1238 3692 et
1268 3631 1712 3693 Aristodemum
1747 3633 1969 3693 Moloni
2017 3639 2146 3694 arte
2177 3633 2393 3710 agendi
2442 3635 2807 3712 praestitisse

567 3734 822 3794 oratoris
857 3752 971 3793 non
1022 3735 1268 3794 interest
1298 3734 1726 3814 demonstrare,
1774 3734 1878 3795 sed
1931 3735 2234 3796 histrionis
2275 3737 2432 3796 illius
2463 3737 2808 3797 vetustioris

567 3855 780 3897 nomen
829 3837 1085 3896 afferens
1133 3836 1190 3896 id
1236 3838 1367 3896 vult
1421 3836 1800 3908 confirmare,
1860 3838 2218 3899 Phoenicem
2265 3840 2568 3917 Euripidis
2633 3838 2805 3899 modo

566 3939 962 4016 temporibus,
1008 3957 1125 3998 non
1187 3946 1397 4015 postea
1456 3944 1647 4001 actam
1711 3957 1866 4013 esse,
1929 3959 2075 4018 ergo
2134 3942 2483 4002 Aeschinem
2547 3942 2802 4002 fabulam

563 4042 756 4113 illam,
817 4060 893 4101 ex
948 4060 1066 4118 qua
1110 4060 1321 4102 versus
1377 4060 1517 4103 suos
1564 4044 1623 4102 in
1670 4043 1940 4103 oratione
1988 4043 2345 4104 Timarchea
2393 4043 2808 4123 desumpserit,

566 4146 756 4220 ipsum
806 4162 1127 4221 numquam
1174 4145 1386 4221 egisse.

736 4246 899 4306 Idem
967 4247 1068 4323 qui
1136 4266 1172 4305 a
1237 4248 1633 4307 Demosthene
1693 4246 2062 4324 significatur
2133 4249 2288 4308 Molo
2360 4247 2566 4309 histrio
2646 4248 2803 4310 haud
