3166 4871
568 292 644 350 14
1566 276 1828 337 Zaeher

563 480 776 542 κερως
819 460 1006 525 Anth.
1039 444 1358 541 εὖκέραος
1401 462 1562 539 apud
1596 463 1802 538 epicos
1834 462 2007 521 Alex.
2053 466 2113 521 et
2157 466 2310 539 post.
2342 460 2580 535 aetatis,
2627 446 2808 519 εέκεν

563 582 697 643 ρως
744 567 923 641 Soph.
972 549 1346 643 εὖρύκερως
1393 564 1545 639 Opp.
1592 557 2002 641 καλλίκερως
2049 564 2173 623 Gal.
2206 563 2386 623 Anth.
2417 553 2807 641 μονόκερως

566 668 744 726 Arist.
792 645 1198 744 όλιγόκερως
1266 666 1493 742 Geopp.
1551 655 1952 742 πολύκερως
2012 665 2191 742 Soph.
2253 652 2591 744 ὑψίκερως
2635 668 2808 725 Ηοιιι.

560 758 987 847 χρυσόκερως
1032 767 1206 826 Pind.
1251 769 1404 844 Att.;
1473 769 1533 827 in
1589 768 1806 843 quibus
1873 784 1955 824 αο
2024 772 2399 827 contractum
2461 773 2554 827 est
2619 772 2686 826 ut
2745 767 2806 825 in

562 871 914 947 compositis
958 872 1019 930 in
1067 858 1311 947 -γὴρως
1369 873 1429 928 et
1490 886 1733 947 -κρεως
1798 874 1858 927 et
1918 874 2021 928 att.
2067 854 2306 939 ἀείναος
2364 887 2476 946 pro
2522 852 2803 937 ἀείναος.

563 973 655 1031 Ex
702 958 1042 1049 ἰπὶ-κερ-Ῐος
1087 976 1291 1030 natum
1344 956 1603 1049 ἄκερως
1645 974 1820 1046 putat
1851 972 2090 1047 Brugm.
2121 972 2159 1030 l.
2190 972 2228 1029 l.
2273 989 2330 1047 p.
2371 965 2503 1029 162.
2553 958 2808 1048 Κεραός

562 1094 639 1133 ex
696 1063 962 1151 κεραιός
1026 1078 1229 1132 natum
1289 1074 1491 1149 arguit
1548 1067 1882 1150 κεραία,
1946 1073 2110 1148 quod
2173 1073 2314 1132 inde
2374 1073 2449 1132 ab
2505 1070 2806 1147 Aeschylo

566 1175 918 1251 frequenter
963 1175 1282 1234 adhibetur
1330 1174 1407 1233 ad
1454 1174 1722 1234 diversas
1766 1192 1861 1234 res
1910 1176 2121 1234 cornui
2164 1174 2388 1233 similes
2420 1173 2808 1250 denotandas,

562 1279 818 1339 maxime
844 1264 1159 1337 'antennas
1205 1283 1266 1335 et
1310 1276 1644 1336 machinam
1691 1277 1989 1352 quandam
2035 1276 2326 1336 bellicam.

734 1379 1002 1439 Eandem
1066 1380 1354 1454 originem
1411 1395 1543 1437 esse
1604 1380 1915 1454 putaveris
1974 1379 2151 1439 etiam
2199 1379 2625 1439 vocabulorum
2674 1395 2807 1456 γε·

563 1471 761 1563 ραός
835 1480 999 1557 quod
1056 1480 1236 1557 Soph.
1297 1483 1359 1539 et
1419 1479 1676 1540 Nicand.
1737 1484 2187 1556 usurpaverunt
2241 1498 2352 1557 pro
2416 1481 2658 1557 vulgato
2705 1496 2805 1557 γε·

563 1574 780 1664 ραιός,
845 1571 1149 1661 γηραός
1208 1584 1269 1640 in
1330 1582 1510 1641 Anth.
1572 1582 1700 1641 Pal.
1744 1582 2020 1659 Append.
2072 1580 2209 1659 147,
2267 1567 2638 1661 ἀγήραος
2710 1600 2807 1658 ap.

564 1688 737 1746 Hom.
770 1685 918 1744 Hsd.
950 1685 1121 1744 Pind.
1164 1683 1367 1757 (etiam
1416 1684 1607 1743 forma
1652 1690 1839 1745 contr.
1885 1669 2210 1764 ἀγήρως
2246 1685 2373 1761 jam
2403 1685 2563 1761 apud
2587 1684 2807 1763 Hom.),

563 1775 1116 1867 μακρογήρως
1161 1787 1340 1847 Anth.
1386 1774 1693 1863 Artemidss,
1737 1775 2273 1866 πολυγήραος
2319 1787 2533 1864 Asius,
2595 1784 2807 1844 πολυ·
2877 1808 2884 1813 ·
2961 1788 2966 1799 “

564 1882 782 1970 γήρως
826 1890 915 1948 Pl.
947 1888 1200 1949 Axioeh.
1244 1888 1459 1948 Anth.:
1506 1894 1575 1947 ut
1617 1888 1809 1948 forma
1852 1889 2152 1965 primitiva
2195 1890 2272 1948 sit
2299 1888 2661 1967 -yc-pao-Jog
2707 1889 2807 1947 vel

568 1992 937 2073 γηραο-,Ῐος,
968 1990 1183 2067 „suffixi
1216 2006 1281 2048 ιο
1328 2008 1440 2066 ope
1485 2008 1521 2049 a
1550 1991 1737 2066 stirpe
1768 2001 1979 2069 γηρασ
2010 1991 2300 2050 derivata.
2387 1990 2520 2051 Sed‘
2543 1993 2811 2067 praestat

568 2098 821 2155 sortasse
867 2093 1015 2153 haee
1061 2111 1303 2170 quoque
1350 2093 1646 2152 voeabula
1704 2094 1971 2152 inserere
2034 2111 2241 2153 eorum
2303 2110 2583 2170 numero,
2651 2110 2807 2169 quae

563 2198 848 2272 deinceps
894 2195 1325 2273 enarrabimus,
1371 2214 1524 2271 quae
1569 2214 1608 2253 a
1636 2196 1840 2255 verbis
1885 2196 1944 2254 iu
1992 2212 2093 2252 αω
2139 2212 2268 2253 mm
2313 2194 2452 2269 αζω
2495 2196 2623 2255 sim.
2654 2195 2805 2254 deri-

562 2306 709 2359 vata
752 2304 907 2358 sunt.
996 2299 1269 2374 Namque
1316 2316 1499 2374 quum
1548 2298 1733 2357 verba
1776 2300 1833 2357 in
1883 2316 1985 2355 αω
2031 2300 2201 2374 prius
2234 2298 2521 2358 desierint
2562 2299 2625 2357 iu
2656 2297 2807 2370 ου’ω,

563 2402 641 2462 ab
689 2402 761 2461 iis
806 2401 1155 2461 derivantur
1200 2401 1439 2465 nomina
1485 2402 1544 2460 in
1592 2418 1766 2470 -αιος
1810 2402 1910 2461 vel
1956 2402 2101 2461 eliso
2148 2418 2170 2457 ι
2215 2403 2275 2461 ἰιι
2309 2416 2428 2472 αος
2457 2400 2810 2478 desinentia,

564 2511 634 2564 ut
678 2521 709 2563 e
756 2503 951 2563 verbis
1009 2503 1071 2562 in
1117 2520 1244 2560 αιω
1290 2523 1338 2563 e.
1398 2522 1485 2579 gr.
1531 2498 1712 2561 παίω
1775 2495 2070 2580 ἔμπαιος.
2183 2503 2319 2578 Qua
2380 2504 2455 2564 de
2521 2522 2588 2562 re
2651 2502 2810 2561 infra

568 2607 814 2666 uberius
844 2604 1279 2682 disputabimus
1326 2605 1360 2675 ξ
1391 2602 1489 2664 67.
1576 2606 1786 2681 Itaque
1834 2594 2127 2685 ἀγήραος
2172 2609 2494 2682 ceteraque
2523 2604 2584 2664 id
2615 2622 2808 2681 genus

567 2707 864 2767 voeabula
909 2707 1192 2766 videntur
1238 2726 1273 2765 a
1315 2705 1598 2785 γηρᾶναι
1665 2698 1893 2787 γηράω
1941 2697 2255 2788 γηράσκω
2311 2708 2499 2775 (Gurt.
2547 2706 2718 2767 Verb.
2762 2707 2809 2782 1,

574 2807 713 2867 193.
743 2805 892 2881 277)
936 2827 1069 2868 esse
1100 2810 1383 2868 derivata.
1459 2811 1675 2869 Cetera
1706 2811 1834 2870 eius
1863 2811 2102 2887 generis
2134 2811 2427 2870 voeabula
2459 2816 2600 2869 sunt
2629 2809 2807 2867 haee:

738 2900 1032 2980 ταλαός
1088 2910 1192 2970 Ar.
1237 2911 1348 2970 Av.
1394 2908 1515 2967 687
1582 2905 1822 2969 ταλαοὶ
1865 2906 2102 2989 βροτοὶ
2155 2912 2306 2971 idem
2369 2910 2530 2987 quod
2579 2904 2805 2967 ταλαί-

563 3029 791 3092 πωροι
845 3013 941 3072 vel
987 3008 1456 3090 ταλαίμοχθοι,
1517 3033 1553 3072 a
1596 3014 1781 3074 verbo
1825 3009 2079 3072 ταλαὶω
2133 3015 2233 3074 vel
2279 3001 2525 3090 ταλάω,
2569 3013 2739 3072 ouius
2784 3029 2808 3068 ι

567 3122 874 3176 servatum
919 3117 978 3174 in
1013 3117 1353 3192 compositis
1392 3110 1843 3194 ταλαίπωρος,
1887 3110 2304 3193 ταλαίφρων,
2333 3110 2806 3193 ταλαίμοχθος.

574 3219 737 3278 Gurt-
783 3219 964 3278 Verb.
1007 3220 1052 3295 1,
1099 3215 1240 3278 335.

744 3312 968 3388 ἵλαος
1022 3320 1291 3395 placatus
1336 3320 1693 3379 conciliatus
1739 3319 2031 3395 clemens,
2075 3320 2216 3379 inde
2261 3320 2336 3379 ab
2383 3320 2644 3380 Homero
2690 3320 2807 3378 usi·

570 3426 782 3498 tatum,
826 3421 985 3496 apud
1032 3421 1266 3481 Atticos
1310 3421 1504 3482 forma
1548 3413 1774 3493 ἵλεως,
1822 3437 1980 3496 quae
2026 3440 2098 3480 ex
2145 3413 2363 3493 ἱ’λα]“ος
2409 3427 2552 3481 nata
2595 3425 2702 3500 est,
2745 3425 2850 3480 ut·

569 3542 704 3601 geu.
748 3513 985 3581 ἱκέτεω
1031 3541 1104 3583 ex
1150 3514 1427 3597 ὶκέτα]ὀ.
1520 3524 1723 3584 Delbr.
1769 3525 1930 3585 Stud.
1998 3524 2091 3601 11,
2159 3518 2294 3582 199.
2400 3525 2659 3601 Etymon
2720 3529 2814 3583 est

448 3644 459 3648 “
574 3617 802 3702 ἵλαμαι
848 3613 1130 3703 ἱλάομαι.
1221 3627 1385 3686 Ourt.
1434 3626 1608 3685 Verb.
1651 3626 1709 3704 Ι,
1774 3622 1908 3684 173.
1954 3621 2094 3684 277.
2184 3625 2470 3686 Vocabuli
2535 3619 2725 3695 ἵλαος
2769 3642 2811 3682 α

573 3745 756 3803 quum
798 3745 981 3804 saepe
1026 3728 1384 3804 productum
1426 3729 1505 3787 sit
1549 3727 1712 3804 apud
1755 3732 1967 3803 poetas
2011 3727 2104 3798 (11.
2133 3729 2206 3786 A.
2237 3723 2378 3788 583.
2419 3729 2475 3788 h.
2507 3725 2811 3789 Ger.·204.

572 3829 719 3888 Hsd.
750 3848 844 3905 op.
875 3826 1016 3888 340.
1060 3830 1275 3889 Aesoh.
1307 3830 1474 3889 Eum.
1512 3827 1674 3886 1040
1720 3834 1781 3888 et
1807 3847 1901 3905 ap.
1931 3827 2124 3907 alios),
2153 3847 2275 3888 non
2305 3832 2510 3908 inepte
2532 3829 2814 3891 Doederl.

575 3932 652 3990 H.
696 3931 877 4006 gloss.
921 3932 1043 4008 111,
1100 3950 1158 4007 p.
1202 3927 1326 3988 360
1387 3932 1477 3990 his
1533 3931 1679 3990 loeis
1739 3931 2057 4008 legendum
2115 3949 2249 3992 esse
2309 3938 2517 3992 censet
2577 3923 2811 4003 ἱλαῐος.
2903 3931 2910 3936 ’

576 4031 763 4107 [Quid
835 4032 1217 4093 statuendum
1291 4035 1370 4093 sit
1442 4033 1518 4091 de
1598 4033 1786 4092 forma
1869 4036 1935 4092 ut
1993 4034 2109 4094 vid.
2167 4034 2435 4093 laconica
2492 4024 2699 4112 ἱλήΓῳ
2751 4038 2812 4095 in

570 4135 997 4219 epigrammate
1044 4135 1652 4194 Lacedaemoniorum
1716 4132 2023 4212 Olympiae
2085 4140 2324 4211 reperto
2345 4179 2361 4211 ‚
2435 4137 2525 4194 ed.
2573 4137 2814 4197 Curtius

574 4237 756 4295 Aroh.
801 4238 943 4297 Zeit.
988 4239 1091 4297 IX.
1143 4233 1335 4314 1876,
1380 4237 1610 4296 Insehr.
1656 4251 1765 4296 aus
1820 4235 1911 4296 Ol.
1965 4257 2060 4298 no.
2109 4235 2163 4313 7,
2223 4237 2398 4295 euius
2447 4255 2538 4296 me
2586 4239 2816 4298 monuit
