3166 4871
542 248 665 309 392

540 422 823 499 majorem
855 421 1209 482 industriam
1255 422 1546 481 militandi
1595 425 1655 481 et
1700 421 2116 482 modestiorem
2162 423 2394 500 imperii
2439 424 2784 499 patientiam

536 526 947 601 incitarentur,
992 509 1261 601 operam·
1284 522 1523 583 dedisse
1569 530 1733 600 puto,

708 628 974 688 Numero
1045 627 1132 684 illi
1192 625 1683 702 primipilarium,
1757 627 1857 702 qui
1920 626 2337 702 imperatorem
2402 629 2499 687 vel
2555 628 2783 703 legatos

536 731 791 804 Augusti
841 728 1308 805 comitabantur,
1370 747 1475 787 eos
1520 728 1676 787 solos
1719 726 1979 786 adscribi
2023 731 2290 804 potuisse
2336 736 2616 807 apparet,
2678 732 2778 808 qui

536 833 776 890 militiae
825 830 1077 905 amplius
1124 849 1367 906 operam
1419 830 1561 889 dare
1609 831 1866 899 velleut3
1928 849 2059 890 cum
2107 850 2250 891 vero
2297 834 2526 909 copiam
2573 852 2778 894 eorum

534 935 635 1010 qui
684 933 998 1008 stipendiis
1031 933 1192 1008 fessi,
1241 937 1304 991 ut
1335 935 1548 992 aetatis
1580 933 1894 991 vacatione
1927 933 2146 1008 optime
2180 936 2388 993 merita
2419 935 2778 1007 fruerentur,

535 1036 789 1112 majores
839 1036 1099 1093 honores
1148 1040 1531 1105 recusarent,
1579 1035 1724 1093 satis
1771 1054 2042 1110 magnam
2092 1036 2271 1095 fuisse
2319 1038 2640 1096 verisimile
2688 1039 2780 1114 sit,

533 1138 666 1196 duo
749 1153 1015 1212 genera
1101 1137 1665 1212 primipilarium
1751 1136 1983 1196 fuisse
2060 1137 2438 1215 videntur,
2523 1140 2775 1199 alterum

530 1258 768 1308 eorum,
845 1239 949 1314 qui
1027 1238 1247 1296 militiis
1330 1239 1798 1315 muneribusque
1891 1239 2163 1298 civilibus
2249 1257 2393 1298 vere
2467 1241 2778 1317 vacabant,

531 1343 781 1401 alterum
831 1360 1065 1418 eorum,
1133 1343 1353 1417 quibus
1419 1342 1804 1418 primipilaris
1849 1341 2110 1419 dignitas
2154 1342 2386 1401 initium
2431 1342 2613 1403 fiebat
2657 1362 2773 1403 ma-

519 1446 720 1521 jorum
785 1445 1093 1502 honorum.
1194 1443 1461 1516 Quorum
1523 1449 1912 1520 utrorumque
1977 1443 2252 1504 eoudicIO
2312 1463 2444 1503 cum
2505 1463 2569 1503 re
2629 1465 2773 1506 vera

529 1564 779 1623 prorsus
825 1546 1065 1605 diversa
1110 1545 1305 1623 fuerit,
1350 1546 1669 1622 sejunctim
1718 1546 1791 1605 de
1836 1548 1907 1606 iis
1952 1566 2144 1622 agam.

610 1839 669 1907 1.
744 1831 858 1904 De
910 1831 1505 1927 primipilaribuS,
1562 1832 1681 1925 qui
1741 1855 1830 1905 ex
1887 1832 2331 1927 primipilatu
2385 1833 2692 1906 honesta

1222 1950 1569 2023 missione
1623 1951 1826 2022 missi
1883 1958 2065 2024 suut.

1358 2155 1458 2218 De
1507 2154 1931 2220 commodis.

694 2298 1121 2373 Primipilatum
1186 2297 1368 2355 fuisse
1431 2315 1563 2355 cum
1626 2314 1914 2355 summum
1978 2297 2226 2372 gradum
2278 2298 2601 2376 honorum,
2661 2302 2761 2376 qui

524 2399 802 2459 militibus
884 2401 1176 2476 gregariis
1257 2400 1574 2476 patebant,
1667 2403 1789 2458 tum
1871 2418 2084 2459 munus
2153 2402 2420 2460 maximis
2487 2402 2765 2478 praemiis

520 2503 804 2560 donatum
853 2503 1257 2578 compluribus
1302 2504 1660 2578 scriptorum
1707 2503 1851 2561 loeis
1896 2523 2073 2579 quam
2123 2505 2447 2564 certissime
2493 2523 2763 2582 compro-

520 2606 724 2663 batur:

690 2709 943 2766 Martial.
994 2709 1033 2765 Ι.
1085 2712 1183 2767 31.
1273 2710 1460 2767 Grata
1506 2707 1751 2766 Pudens
1809 2709 2016 2768 tulerit
2061 2711 2272 2768 merita
2318 2728 2448 2768 cum
2499 2711 2764 2785 praemia

517 2811 638 2886 pili.

690 2914 786 2971 VI.
818 2917 898 2973 58
946 2908 1043 2987 (ad
1078 2914 1295 2971 Aulum
1332 2911 1693 2989 quendam:
1743 2914 1816 2971 Et
1860 2914 2086 2973 referes
2131 2912 2234 2991 pili
2270 2915 2530 2990 praemia
2561 2915 2760 2973 clarus

516 3034 717 3091 eques
766 3045 846 3054 --
892 3016 966 3074 cf.
1012 3016 1055 3073 Ι.
1104 3018 1204 3076 93.

685 3118 950 3176 luvenal.
995 3118 1150 3175 XIV.
1188 3120 1337 3177 197:
1395 3122 1460 3176 ut
1501 3116 1856 3194 locupletem
1902 3118 2156 3193 aquilam
2201 3118 2302 3177 tibi
2351 3120 2758 3193 sexagesimus

513 3238 703 3277 annus
752 3216 1113 3290 Adfe1·at.¹¹)

684 3321 911 3379 Plinius
958 3321 1111 3380 XlV.
1148 3325 1249 3379 19:
1297 3321 1438 3397 quid
1488 3320 1652 3396 quod
1698 3322 1922 3380 inserta
1966 3323 2177 3381 castris
2223 3341 2505 3381 suminam
2557 3342 2755 3382 rerum

510 3423 944 3499 imperiumque
1013 3426 1279 3482 continet
1346 3424 1760 3482 centurionum
1839 3426 1894 3483 in
1974 3442 2144 3483 manu
2215 3426 2351 3484 vitis
2428 3433 2486 3484 et
2557 3428 2755 3503 opimo

511 3528 772 3602 praemio
819 3526 1022 3586 tardos
1067 3526 1308 3586 ordines
1355 3525 1431 3584 ad
1480 3527 1673 3585 lentas
1720 3526 1995 3602 perducit
2039 3527 2287 3603 aquilas.
2315 3526 2383 3601 12)

516 3660 619 3667 φ.-
672 3660 779 3667 --.-.
802 3661 841 3666 —-
862 3661 917 3667 ως

687 3726 747 3785 ¹¹)
787 3723 959 3785 „Quia
1006 3722 1194 3789 aquila
1229 3722 1283 3773 in
1324 3721 1589 3790 primipili
1641 3722 1818 3775 tutela
1864 3728 1920 3775 et
1973 3723 2023 3775 ei
2069 3724 2227 3776 velut
2261 3725 2574 3791 assignata,
2621 3725 2756 3779 inde

509 3808 779 3871 manavit,
830 3814 891 3859 ut
928 3808 1111 3874 aquila
1156 3824 1258 3874 pro
1295 3806 1420 3874 ipso
1455 3807 1554 3859 illo
1591 3822 1817 3859 munere
1854 3813 1911 3860 et
1947 3808 2301 3876 primopilatu
2341 3816 2752 3877 usurparetur.“

504 3892 759 3961 (Lipsius
797 3892 830 3944 l.
868 3907 913 3944 e.
953 3908 1006 3958 p.
1052 3895 1186 3955 ¹20.)

685 3980 745 4039 ¹²)
782 3976 914 4029 vitis
968 3983 1085 4029 erat
1143 3976 1365 4043 insigne
1419 3976 1835 4043 centuriouum3
1904 3975 2091 4043 opimo
2157 3978 2401 4044 praemio
2455 3994 2555 4045 pro
2615 3995 2752 4046 „spe

506 4063 677 4130 opimi
718 4062 993 4129 praeniii“‚
1031 4077 1154 4113 nam
1194 4062 1439 4128 praemia
1474 4060 1864 4114 centurionum
1903 4077 2013 4113 uon
2053 4062 2132 4115 ita
2168 4063 2351 4131 opima
2388 4069 2543 4116 eraut
2576 4065 2749 4127 (simi-

504 4147 630 4199 liter
668 4148 871 4201 Caesar
908 4146 961 4201 b.
998 4162 1043 4199 c.
1082 4147 1123 4198 1.
1162 4151 1207 4199 4.
1248 4149 1293 4199 2.
1333 4161 1525 4213 regum
1562 4146 2026 4214 appellandorum
2069 4147 2457 4215 largitionibus
2493 4158 2753 4203 movetur

505 4247 606 4299 pro
643 4247 774 4298 „spe
814 4232 1217 4299 largitionum··.
1271 4229 1343 4284 cf.
1371 4231 1663 4298 Naegelsb.
1694 4231 1783 4283 lat.
1820 4230 2018 4285 Stilist.
2057 4248 2109 4300 p.
2151 4236 2274 4300 56.)
2361 4235 2587 4301 Lipsius
2626 4234 2660 4287 l.
2699 4252 2748 4289 e.
