3166 4871
2425 328 2434 335 ’
2499 312 2618 379 311

374 490 502 547 tata
558 491 855 547 enervent
909 492 1093 565 atque
1149 489 1491 549 effeminent
1534 458 1781 549 animos.
1881 490 1962 550 At
2020 467 2181 566 quod
2244 490 2624 552 Aristotelem

377 588 598 651 docere
670 590 984 651 contendit
1052 590 1367 668 tragoedia
1450 596 1825 669 spectatores
1908 592 2147 653 liberari
2218 593 2627 654 misericordia

376 696 660 770 metuque
704 693 963 771 aliisque
1008 694 1337 772 affectibus,
1368 694 1559 777 ‘valde
1603 712 1838 756 errasse
1883 694 2140 755 videtur.
2227 772 2230 773 ⁷

548 795 810 856 Primum
856 796 1010 855 enim
1056 800 1311 874 apparet
1357 797 1470 857 boc
1499 796 1629 857 fleri
1661 816 1779 857 nou
1812 814 1991 875 posse
2020 815 2131 874 per
2160 797 2624 857 misericordiam

376 903 441 959 et
482 902 735 976 metum,
779 915 913 958 cum
957 898 1317 959 Aristoteles
1361 899 1525 958 dicat
1568 882 1654 957 δι’
1699 891 1897 958 ἐλέου
1939 893 2050 957 καὶ
2095 888 2348 977 φόβους
2410 900 2629 961 deinde

376 1002 566 1060 verba
608 1001 712 1060 illa
754 995 899 1059 τῶν
942 990 1285 1060 τοιούτων
1326 1003 1531 1062 nescio
1578 1002 1879 1078 quomodo
1924 1003 2011 1061 illi
2056 1003 2351 1063 excidisse
2381 1004 2627 1063 creden·

378 1103 517 1163 dum
564 1107 672 1164 est.
757 1105 961 1181 Atque
1004 1104 1298 1165 accidisse
1345 1107 1477 1165 viro
1507 1104 1849 1165 doctissImo
1875 1105 2086 1165 videre
2113 1105 2274 1183 licet,
2320 1111 2403 1185 ut,
2445 1125 2626 1182 qnam

376 1207 507 1283 ipse
554 1206 1071 1267 vehementissime
1118 1209 1429 1286 impugnat
1473 1207 1837 1287 doctrinam,
1881 1208 1943 1268 in
1989 1208 2240 1268 eandem
2307 1208 2630 1287 relabatur,

381 1327 560 1386 qnam
605 1308 931 1370 defendere
975 1310 1196 1388 studet,
1240 1315 1505 1371 evertat:
1550 1329 1687 1370 nam
1733 1310 1991 1388 Lessing
2035 1311 2385 1389 purgandos
2429 1308 2628 1389 neque
2663 1362 2680 1371 ..

380 1412 775 1489 expellendos
830 1430 965 1473 esse
1025 1413 1155 1473 illos
1215 1415 1466 1473 affectus
1518 1413 1772 1490 iudicat,
1831 1415 2107 1490 Beruays
2163 1418 2374 1474 contra
2419 1418 2482 1474 et
2524 1414 2628 1490 qui

381 1530 516 1574 eum
574 1515 762 1577 secuti
817 1521 959 1575 suut
1016 1517 1379 1593 interpretes
1437 1516 1906 1577 misericordiam
1967 1521 2308 1593 metumque
2361 1518 2674 1577 amoveri-

383 1632 458 1676 ex
490 1617 699 1677 animis
729 1616 965 1695 docent,
1011 1619 1123 1679 nisi
1153 1619 1315 1696 quod
1349 1620 1409 1678 lii
1439 1620 1805 1680 excitatione
1833 1620 1967 1697 ipsa
1995 1621 2338 1699 affectuum,
2367 1620 2630 1698 Spengel

383 1736 774 1797 personarum
835 1722 1207 1798 praestantia
1248 1720 1307 1781 id
1370 1718 1524 1781 effici
1594 1724 1890 1799 opinatur.
1947 1750 2036 1763 --
2093 1722 2278 1782 Nulla
2335 1740 2481 1782 vero
2541 1726 2633 1783 est

380 1838 621 1900 caussa,
681 1840 792 1883 eur
850 1824 1232 1884 Aristotelem
1290 1824 1758 1885 misericordiam
1828 1828 2169 1902 metumque
2233 1829 2354 1884 tam
2421 1825 2629 1885 noxios

380 1924 636 1985 affectus
681 1928 926 2002 putasse
973 1943 1345 2005 censeamus,
1390 1932 1457 1987 ut
1497 1927 1633 1989 illos
1674 1928 1785 1986 eici
1816 1927 2014 1988 vellet.
2086 1927 2153 1986 ln
2186 1933 2443 2005 utroque
2474 1928 2630 1988 enim

386 2043 519 2086 esse
562 2032 792 2089 rectum
838 2032 901 2088 et
942 2027 1221 2107 medium,
1264 2028 1427 2106 quod
1471 2029 1682 2089 virtuti
1723 2030 2059 2108 conveniat,
2101 2031 2402 2108 expressis
2433 2030 2634 2091 verbis

388 2128 609 2190 docuit.
652 2127 754 2203 (cf.
796 2138 934 2191 ami.
978 2128 1105 2203 58.)
1190 2133 1406 2208 ltaque
1451 2130 1705 2209 Platoni,
1749 2131 2040 2208 siquidem
2074 2136 2137 2192 et
2164 2131 2325 2192 bunc
2353 2131 2632 2194 refellere

388 2236 450 2290 et
491 2232 600 2293 sibi
646 2236 925 2294 constare
970 2232 1277 2312 studebat,
1336 2234 1501 2294 nullo
1558 2234 1735 2294 modo
1779 2234 2148 2311 respondere
2191 2239 2456 2311 poterat,
2513 2239 2633 2294 tra·

390 2334 611 2411 goedia
654 2335 786 2396 tolli
833 2336 1299 2398 misericordiam
1348 2341 1717 2414 metumque,
1762 2338 1939 2397 immo
1984 2354 2130 2398 vero
2174 2341 2340 2398 recte
2383 2338 2632 2397 excitari

389 2442 452 2497 et
508 2438 618 2517 ita,
676 2444 746 2501 ut
802 2441 1279 2502 vehementiores
1338 2441 1467 2502 eius
1510 2441 1754 2518 generis
1796 2442 2051 2502 affectus
2094 2441 2304 2501 mediis
2346 2459 2419 2502 ae
2462 2442 2636 2502 iustis

389 2543 789 2619 expellantur.
874 2544 1011 2604 Hoe
1068 2549 1265 2604 autem
1309 2548 1370 2603 et
1413 2543 1486 2603 iis
1545 2544 1919 2622 contingere,
1982 2546 2084 2620 qni
2142 2544 2461 2605 affectibus
2515 2544 2635 2605 illis

398 2644 653 2705 maxime
696 2648 817 2708 sint
858 2646 1101 2708 obnoxii
1144 2635 1523 2725 (ἐλεήμονες
1563 2640 1678 2705 καὶ
1724 2640 2136 2726 φοβητικοί),
2180 2650 2241 2707 et
2283 2647 2527 2725 ceteris,
2570 2652 2639 2708 ut

391 2748 648 2825 quisque
692 2750 770 2808 sit
813 2750 1115 2827 particeps
1156 2767 1365 2809 eorum
1412 2733 1597 2823 (καθ’
1641 2733 1810 2808 ὅσον
1853 2734 2197 2821 ἐπιβάλλει
2238 2744 2386 2807 τῶν
2419 2738 2635 2807 τοιού-

387 2866 533 2908 των
562 2837 869 2931 ἑκάστῳ),
912 2867 985 2912 ex
1018 2853 1182 2928 polit.
1212 2852 1249 2911 l.
1280 2852 1443 2929 vul,
1488 2855 1522 2913 ‘1
1558 2851 1888 2912 didicimus.
1930 2851 2032 2924 (cf.
2071 2870 2208 2911 ann.
2240 2848 2363 2924 54.)
2449 2853 2636 2930 Prop-

389 2957 558 3013 terea
644 2955 813 3014 multi
903 2947 993 3015 et‘
1050 2953 1212 3016 docti
1298 2954 1412 3013 viri
1501 2953 1803 3030 duplicem
1890 2954 2267 3031 purgationis
2345 2954 2635 3015 rationem

389 3059 758 3135 statuerunt,
800 3060 869 3117 ut
910 3056 1317 3116 misericordia
1360 3061 1423 3115 et
1465 3061 1660 3116 metus
1701 3057 1760 3115 in
1806 3055 1938 3115 aliis
1982 3057 2358 3132 minuantur,
2400 3056 2462 3114 in
2508 3056 2638 3116 aliis

390 3164 761 3233 augeanturz
825 3175 1080 3235 quarum
1126 3157 1379 3218 alteram
1424 3162 1486 3217 et
1528 3175 1606 3219 ex
1651 3158 1928 3218 vocabuli
1970 3146 2304 3236 κάθαρσις
2346 3158 2408 3216 vi
2451 3174 2638 3234 snpra

389 3261 728 3338 reieeimus,
787 3278 983 3336 neque
1040 3260 1117 3320 ad
1176 3260 1446 3320 Platonis
1505 3260 1923 3322 refutationem
1978 3264 2118 3337 apte
2164 3259 2434 3320 adhiberi
2477 3277 2639 3320 nunc

392 3364 680 3424 videmus.
768 3365 892 3424 Iam
923 3382 1066 3424 vero
1098 3379 1340 3424 mouere
1372 3363 1566 3440 liceat,
1610 3359 1993 3423 Arintotele'm
2039 3363 2288 3422 mediam
2321 3363 2639 3423 affectuum

393 3467 801 3527 condicionem
870 3485 989 3527 nou
1057 3466 1307 3526 eandem
1376 3484 1509 3526 esse
1577 3463 1915 3526 hominibus
1982 3465 2226 3543 docere,
2290 3464 2399 3525 sed
2468 3483 2638 3526 suam

395 3570 617 3647 cuique
660 3570 929 3630 tribuere
944 3566 1042 3642 ⁶⁰).
1207 3552 1239 3579 ⁶

393 3781 601 3850 reinigt
645 3779 741 3836 ibn
790 3798 899 3838 von
952 3782 1077 3837 dem
1125 3795 1241 3836 was
1287 3782 1481 3837 Platon
1530 3799 1596 3835 so
1642 3781 1772 3836 sehr
1817 3778 2091 3848 tutemet,
2136 3780 2262 3834 dem
2312 3774 2477 3846 ἔλεος
2521 3781 2640 3835 und

396 3866 683 3922 mancbem
719 3867 967 3923 anderen
1001 3868 1175 3934 noch,
1224 3868 1360 3921 dasz
1396 3882 1455 3921 er
1493 3867 1656 3922 keiue
1693 3864 1900 3921 Gefaln·
1936 3866 2137 3932 leidet,
2185 3866 2432 3921 sondern
2467 3867 2637 3920 unbe-

394 3952 631 4008 scbadet
662 3954 781 4008 und
818 3951 1078 4022 geaffirkt
1112 3953 1295 4008 davon
1333 3952 1498 4008 sient.
1569 3949 1705 4007 Dies
1740 3953 1816 4006 ist
1849 3950 1941 4007 die
1977 3947 2271 4021 κάθαρσις
2305 3955 2422 4006 τῶν
2451 3955 2640 4020 παθη-

392 4049 643 4106 aarum*

565 4128 637 4194 ⁰⁸)
672 4124 797 4179 Etb.
833 4124 900 4180 N.
936 4123 1008 4188 11,
1046 4128 1093 4176 5.
1137 4127 1314 4177 1106·.
1353 4128 1434 4177 30.
1487 4116 1644 4192 λέγω
1692 4119 1751 4178 δὲ
1798 4125 1904 4177 τοῦ
1938 4119 2052 4190 μὲν
2084 4118 2424 4193 πράγματος
2456 4115 2643 4188 μέσον
2701 4132 2705 4136 ’

395 4205 463 4264 τὸ
502 4202 633 4265 ἴσον
668 4203 888 4280 ἀπέχον
923 4202 1025 4279 ἀφ’
1061 4203 1348 4278 ἑκατέρου
1385 4213 1503 4261 τῶν
1538 4202 1762 4278 ἄκρων,
1810 4199 1961 4278 ὅπερ
2000 4201 2160 4263 ἐστὶν
2192 4198 2259 4261 ἓν
2291 4203 2393 4262 καὶ
2427 4197 2643 4260 ταύτὸν

396 4300 598 4362 πᾶσιν,
647 4290 794 4367 πρὸς
840 4287 986 4365 ἦμᾶς
1036 4292 1096 4351 δὲ
1146 4288 1180 4349 ὃ
1214 4290 1360 4364 μήτε
1396 4289 1702 4361 πλεονάζει
1738 4288 1885 4363 μήτε
1923 4286 2192 4349 ἐλλείπει.
2244 4296 2418 4347 τοῦτο
2453 4284 2502 4345 ‹5’
2536 4283 2641 4360 οὐχ
