<?xml version="1.0" encoding="UTF-8"?>
<!DOCTYPE html PUBLIC "-//W3C//DTD XHTML 1.0 Transitional//EN"
    "http://www.w3.org/TR/xhtml1/DTD/xhtml1-transitional.dtd">
<html xmlns="http://www.w3.org/1999/xhtml" xml:lang="en" lang="en">
 <head>
  <title>
</title>
<meta http-equiv="Content-Type" content="text/html;charset=utf-8" />
  <meta name='ocr-system' content='tesseract 3.04.00' />
  <meta name='ocr-capabilities' content='ocr_page ocr_carea ocr_par ocr_line ocrx_word'/>
</head>
<body>
  <div class='ocr_page' id='page_1' title='image "./dissertationesp00hallgoog_0787.png"; bbox 0 0 3166 4871; ppageno 0'>
   <div class='ocr_carea' id='block_1_1' title="bbox 463 0 1129 4">
    <p class='ocr_par' dir='ltr' id='par_1_1' title="bbox 463 0 1129 4">
     <span class='ocr_line' id='line_1_1' title="bbox 463 0 1129 4; baseline 0 0"><span class='ocrx_word' id='word_1_1' title='bbox 463 0 1129 4; x_wconf 95' lang='lat' dir='ltr'><strong> </strong></span> 
     </span>
    </p>
   </div>
   <div class='ocr_carea' id='block_1_2' title="bbox 2512 289 2634 350">
    <p class='ocr_par' dir='ltr' id='par_1_2' title="bbox 2512 289 2634 350">
     <span class='ocr_line' id='line_1_2' title="bbox 2512 289 2634 350; baseline 0.016 -2"><span class='ocrx_word' id='word_1_2' title='bbox 2512 289 2634 350; x_wconf 83' lang='lat'><strong>423</strong></span> 
     </span>
    </p>
   </div>
   <div class='ocr_carea' id='block_1_3' title="bbox 384 461 2632 642">
    <p class='ocr_par' dir='ltr' id='par_1_3' title="bbox 384 461 2632 642">
     <span class='ocr_line' id='line_1_3' title="bbox 387 461 2632 539; baseline 0.001 -19"><span class='ocrx_word' id='word_1_3' title='bbox 387 462 531 522; x_wconf 90' lang='lat' dir='ltr'><strong>locis</strong></span> <span class='ocrx_word' id='word_1_4' title='bbox 586 463 682 521; x_wconf 85' lang='lat' dir='ltr'><strong>vel</strong></span> <span class='ocrx_word' id='word_1_5' title='bbox 729 461 1209 539; x_wconf 86' lang='lat' dir='ltr'><strong>disjunctissimis</strong></span> <span class='ocrx_word' id='word_1_6' title='bbox 1265 462 1635 538; x_wconf 81' lang='lat' dir='ltr'><strong>maximeque</strong></span> <span class='ocrx_word' id='word_1_7' title='bbox 1682 462 1935 523; x_wconf 89' lang='lat' dir='ltr'><strong>diversis</strong></span> <span class='ocrx_word' id='word_1_8' title='bbox 1982 464 2342 523; x_wconf 73' lang='lat' dir='ltr'>concredere</span> <span class='ocrx_word' id='word_1_9' title='bbox 2391 462 2632 530; x_wconf 88' lang='lat' dir='ltr'><strong>licebat;</strong></span> 
     </span>
     <span class='ocr_line' id='line_1_4' title="bbox 384 564 2531 642; baseline 0 -19"><span class='ocrx_word' id='word_1_10' title='bbox 384 583 521 623; x_wconf 89' lang='lat' dir='ltr'><strong>nam</strong></span> <span class='ocrx_word' id='word_1_11' title='bbox 569 565 787 640; x_wconf 86' lang='lat' dir='ltr'><strong>quibus</strong></span> <span class='ocrx_word' id='word_1_12' title='bbox 833 567 1027 624; x_wconf 89' lang='lat' dir='ltr'><strong>omnia</strong></span> <span class='ocrx_word' id='word_1_13' title='bbox 1074 564 1383 641; x_wconf 86' lang='lat' dir='ltr'><strong>dederant,</strong></span> <span class='ocrx_word' id='word_1_14' title='bbox 1428 566 1504 623; x_wconf 89' lang='lat' dir='ltr'><strong>ab</strong></span> <span class='ocrx_word' id='word_1_15' title='bbox 1548 566 1621 622; x_wconf 90' lang='lat' dir='ltr'><strong>iis</strong></span> <span class='ocrx_word' id='word_1_16' title='bbox 1669 567 1865 624; x_wconf 89' lang='lat' dir='ltr'><strong>omnia</strong></span> <span class='ocrx_word' id='word_1_17' title='bbox 1911 570 2186 642; x_wconf 87' lang='lat' dir='ltr'><strong>repetere</strong></span> <span class='ocrx_word' id='word_1_18' title='bbox 2233 570 2531 641; x_wconf 89' lang='lat' dir='ltr'><strong>poterant.</strong></span> 
     </span>
    </p>
   </div>
   <div class='ocr_carea' id='block_1_4' title="bbox 1310 697 1690 704">
    <p class='ocr_par' dir='ltr' id='par_1_4' title="bbox 1310 697 1690 704">
     <span class='ocr_line' id='line_1_5' title="bbox 1310 697 1690 704; baseline 0 4167"><span class='ocrx_word' id='word_1_19' title='bbox 1310 697 1690 704; x_wconf 95' lang='lat' dir='ltr'><strong> </strong></span> 
     </span>
    </p>
   </div>
   <div class='ocr_carea' id='block_1_5' title="bbox 343 768 2635 4312">
    <p class='ocr_par' dir='ltr' id='par_1_5' title="bbox 388 768 2634 948">
     <span class='ocr_line' id='line_1_6' title="bbox 557 768 2634 844; baseline 0 -16"><span class='ocrx_word' id='word_1_20' title='bbox 557 768 904 844; x_wconf 85' lang='lat' dir='ltr'><strong>Appendix:</strong></span> <span class='ocrx_word' id='word_1_21' title='bbox 950 768 1048 826; x_wconf 92' lang='lat' dir='ltr'><strong>De</strong></span> <span class='ocrx_word' id='word_1_22' title='bbox 1079 769 1190 844; x_wconf 86' lang='lat' dir='ltr'><strong>iis,</strong></span> <span class='ocrx_word' id='word_1_23' title='bbox 1234 770 1352 844; x_wconf 90' lang='lat' dir='ltr'><strong>qui</strong></span> <span class='ocrx_word' id='word_1_24' title='bbox 1384 768 1830 844; x_wconf 88' lang='lat' dir='ltr'><strong>primipilatu</strong></span> <span class='ocrx_word' id='word_1_25' title='bbox 1864 770 2125 829; x_wconf 89' lang='lat' dir='ltr'><strong>omisso</strong></span> <span class='ocrx_word' id='word_1_26' title='bbox 2157 788 2242 829; x_wconf 82' lang='lat' dir='ltr'><strong>ex</strong></span> <span class='ocrx_word' id='word_1_27' title='bbox 2287 769 2634 829; x_wconf 87' lang='lat' dir='ltr'><strong>inferiori</strong></span> 
     </span>
     <span class='ocr_line' id='line_1_7' title="bbox 388 869 2591 948; baseline 0.001 -19"><span class='ocrx_word' id='word_1_28' title='bbox 388 870 615 946; x_wconf 86' lang='lat' dir='ltr'><strong>gradu</strong></span> <span class='ocrx_word' id='word_1_29' title='bbox 663 871 1173 930; x_wconf 86' lang='lat' dir='ltr'><strong>centurionico</strong></span> <span class='ocrx_word' id='word_1_30' title='bbox 1220 869 1305 927; x_wconf 88' lang='lat' dir='ltr'><strong>ad</strong></span> <span class='ocrx_word' id='word_1_31' title='bbox 1352 871 1649 930; x_wconf 82' lang='lat' dir='ltr'><strong>militias</strong></span> <span class='ocrx_word' id='word_1_32' title='bbox 1695 877 2032 948; x_wconf 91' lang='lat' dir='ltr'><strong>equetres</strong></span> <span class='ocrx_word' id='word_1_33' title='bbox 2075 876 2591 948; x_wconf 85' lang='lat' dir='ltr'><strong>pervenerunt.</strong></span> 
     </span>
    </p>

    <p class='ocr_par' dir='ltr' id='par_1_6' title="bbox 558 972 1323 1049">
     <span class='ocr_line' id='line_1_8' title="bbox 558 972 1323 1049; baseline -0.001 -19"><span class='ocrx_word' id='word_1_34' title='bbox 558 973 846 1048; x_wconf 85' lang='lat' dir='ltr'><strong>Exempla</strong></span> <span class='ocrx_word' id='word_1_35' title='bbox 893 972 1323 1049; x_wconf 86' lang='lat' dir='ltr'><strong>epigraphica:</strong></span> 
     </span>
    </p>

    <p class='ocr_par' dir='ltr' id='par_1_7' title="bbox 343 1072 2635 2075">
     <span class='ocr_line' id='line_1_9' title="bbox 561 1072 2631 1152; baseline -0.001 -18"><span class='ocrx_word' id='word_1_36' title='bbox 561 1072 620 1147; x_wconf 91' lang='lat'><strong>1)</strong></span> <span class='ocrx_word' id='word_1_37' title='bbox 672 1076 748 1133; x_wconf 99' lang='lat' dir='ltr'><strong>M.</strong></span> <span class='ocrx_word' id='word_1_38' title='bbox 797 1076 1030 1134; x_wconf 87' lang='lat' dir='ltr'><strong>Vettius</strong></span> <span class='ocrx_word' id='word_1_39' title='bbox 1088 1076 1163 1134; x_wconf 88' lang='grc' dir='ltr'><strong>Μ.</strong></span> <span class='ocrx_word' id='word_1_40' title='bbox 1208 1075 1246 1131; x_wconf 87' lang='lat' dir='ltr'><strong>f.</strong></span> <span class='ocrx_word' id='word_1_41' title='bbox 1294 1074 1426 1133; x_wconf 84' lang='lat' dir='ltr'><strong>Ani.</strong></span> <span class='ocrx_word' id='word_1_42' title='bbox 1475 1075 1695 1135; x_wconf 87' lang='lat' dir='ltr'><strong>Valens</strong></span> <span class='ocrx_word' id='word_1_43' title='bbox 1742 1075 1858 1134; x_wconf 90' lang='lat' dir='ltr'><strong>mil.</strong></span> <span class='ocrx_word' id='word_1_44' title='bbox 1907 1076 2039 1135; x_wconf 86' lang='lat' dir='ltr'><strong>coh.</strong></span> <span class='ocrx_word' id='word_1_45' title='bbox 2087 1076 2224 1135; x_wconf 88' lang='lat' dir='ltr'>VIII</span> <span class='ocrx_word' id='word_1_46' title='bbox 2271 1094 2393 1152; x_wconf 91' lang='lat' dir='ltr'><strong>p1·.‚</strong></span> <span class='ocrx_word' id='word_1_47' title='bbox 2437 1075 2631 1136; x_wconf 86' lang='lat' dir='ltr'><strong>benef.</strong></span> 
     </span>
     <span class='ocr_line' id='line_1_10' title="bbox 383 1169 2633 1255; baseline 0.001 -20"><span class='ocrx_word' id='word_1_48' title='bbox 383 1175 572 1252; x_wconf 88' lang='lat' dir='ltr'><strong>praef.</strong></span> <span class='ocrx_word' id='word_1_49' title='bbox 616 1195 738 1254; x_wconf 87' lang='lat' dir='ltr'><strong>pr.,</strong></span> <span class='ocrx_word' id='word_1_50' title='bbox 783 1197 944 1236; x_wconf 88' lang='lat' dir='ltr'><strong>evoe.</strong></span> <span class='ocrx_word' id='word_1_51' title='bbox 990 1178 1172 1253; x_wconf 55' lang='lat' dir='ltr'><strong>Aug„</strong></span> <span class='ocrx_word' id='word_1_52' title='bbox 1218 1169 1256 1233; x_wconf 93' lang='lat'>7</span> <span class='ocrx_word' id='word_1_53' title='bbox 1303 1174 1600 1254; x_wconf 87' lang='lat' dir='ltr'><strong>(quater),</strong></span> <span class='ocrx_word' id='word_1_54' title='bbox 1665 1179 2030 1238; x_wconf 75' lang='lat' dir='ltr'><strong>exercitator</strong></span> <span class='ocrx_word' id='word_1_55' title='bbox 2074 1180 2255 1254; x_wconf 81' lang='lat' dir='ltr'><strong>equit.</strong></span> <span class='ocrx_word' id='word_1_56' title='bbox 2299 1179 2633 1255; x_wconf 86' lang='lat' dir='ltr'><strong>speculato-</strong></span> 
     </span>
     <span class='ocr_line' id='line_1_11' title="bbox 387 1279 2634 1357; baseline 0 -19"><span class='ocrx_word' id='word_1_57' title='bbox 387 1298 537 1356; x_wconf 88' lang='lat' dir='ltr'><strong>rum,</strong></span> <span class='ocrx_word' id='word_1_58' title='bbox 582 1279 864 1357; x_wconf 89' lang='lat' dir='ltr'><strong>princeps</strong></span> <span class='ocrx_word' id='word_1_59' title='bbox 907 1280 1171 1356; x_wconf 87' lang='lat' dir='ltr'><strong>praetori</strong></span> <span class='ocrx_word' id='word_1_60' title='bbox 1230 1279 1340 1355; x_wconf 86' lang='lat' dir='ltr'><strong>leg.</strong></span> <span class='ocrx_word' id='word_1_61' title='bbox 1388 1280 1531 1338; x_wconf 85' lang='lat' dir='ltr'>XIII</span> <span class='ocrx_word' id='word_1_62' title='bbox 1578 1299 1730 1356; x_wconf 87' lang='lat' dir='ltr'><strong>gem.</strong></span> <span class='ocrx_word' id='word_1_63' title='bbox 1777 1286 1999 1340; x_wconf 82' lang='lat' dir='ltr'><strong>extrec.</strong></span> <span class='ocrx_word' id='word_1_64' title='bbox 2045 1281 2155 1357; x_wconf 86' lang='lat' dir='ltr'><strong>leg.</strong></span> <span class='ocrx_word' id='word_1_65' title='bbox 2191 1282 2271 1339; x_wconf 90' lang='lat' dir='ltr'><strong>VI</strong></span> <span class='ocrx_word' id='word_1_66' title='bbox 2301 1281 2473 1339; x_wconf 86' lang='lat' dir='ltr'><strong>victr.</strong></span> <span class='ocrx_word' id='word_1_67' title='bbox 2503 1281 2634 1340; x_wconf 89' lang='lat' dir='ltr'><strong>trib.</strong></span> 
     </span>
     <span class='ocr_line' id='line_1_12' title="bbox 388 1380 2634 1460; baseline 0.001 -20"><span class='ocrx_word' id='word_1_68' title='bbox 388 1381 518 1441; x_wconf 90' lang='lat' dir='ltr'><strong>coh.</strong></span> <span class='ocrx_word' id='word_1_69' title='bbox 580 1383 696 1459; x_wconf 84' lang='lat' dir='ltr'><strong>vig.</strong></span> <span class='ocrx_word' id='word_1_70' title='bbox 759 1383 889 1441; x_wconf 89' lang='lat' dir='ltr'><strong>urb.</strong></span> <span class='ocrx_word' id='word_1_71' title='bbox 947 1387 1130 1458; x_wconf 89' lang='lat' dir='ltr'><strong>praet.</strong></span> <span class='ocrx_word' id='word_1_72' title='bbox 1184 1380 1366 1455; x_wconf 88' lang='lat' dir='ltr'><strong>(trib.)</strong></span> <span class='ocrx_word' id='word_1_73' title='bbox 1426 1382 1539 1459; x_wconf 85' lang='lat' dir='ltr'><strong>leg.</strong></span> <span class='ocrx_word' id='word_1_74' title='bbox 1591 1383 1760 1441; x_wconf 87' lang='lat' dir='ltr'>XIIII</span> <span class='ocrx_word' id='word_1_75' title='bbox 1805 1402 1956 1460; x_wconf 88' lang='lat' dir='ltr'><strong>gem.</strong></span> <span class='ocrx_word' id='word_1_76' title='bbox 2005 1384 2177 1442; x_wconf 87' lang='lat' dir='ltr'><strong>Mart.</strong></span> <span class='ocrx_word' id='word_1_77' title='bbox 2221 1384 2411 1460; x_wconf 88' lang='lat' dir='ltr'><strong>victr.‚</strong></span> <span class='ocrx_word' id='word_1_78' title='bbox 2470 1401 2634 1460; x_wconf 90' lang='lat' dir='ltr'><strong>proc.</strong></span> 
     </span>
     <span class='ocr_line' id='line_1_13' title="bbox 343 1481 2634 1563; baseline 0.001 -20"><span class='ocrx_word' id='word_1_79' title='bbox 343 1488 349 1494; x_wconf 87' lang='grc'><strong><em>’</em></strong></span> <span class='ocrx_word' id='word_1_80' title='bbox 386 1486 521 1560; x_wconf 87' lang='lat' dir='ltr'><strong>imp.</strong></span> <span class='ocrx_word' id='word_1_81' title='bbox 568 1484 735 1544; x_wconf 74' lang='lat' dir='ltr'><strong>Gaea.</strong></span> <span class='ocrx_word' id='word_1_82' title='bbox 782 1481 1088 1562; x_wconf 86' lang='lat' dir='ltr'><strong>(Neronis)</strong></span> <span class='ocrx_word' id='word_1_83' title='bbox 1135 1485 1287 1562; x_wconf 85' lang='lat' dir='ltr'>Aug.</span> <span class='ocrx_word' id='word_1_84' title='bbox 1337 1503 1505 1560; x_wconf 84' lang='lat' dir='ltr'><strong>prov.</strong></span> <span class='ocrx_word' id='word_1_85' title='bbox 1536 1486 1806 1545; x_wconf 86' lang='lat' dir='ltr'><strong>Lusitan.</strong></span> <span class='ocrx_word' id='word_1_86' title='bbox 1896 1485 2175 1559; x_wconf 84' lang='lat' dir='ltr'><strong>(Arimini</strong></span> <span class='ocrx_word' id='word_1_87' title='bbox 2222 1488 2361 1545; x_wconf 91' lang='lat' dir='ltr'><strong>anni</strong></span> <span class='ocrx_word' id='word_1_88' title='bbox 2408 1505 2462 1563; x_wconf 90' lang='lat' dir='ltr'><strong>p.</strong></span> <span class='ocrx_word' id='word_1_89' title='bbox 2496 1486 2634 1546; x_wconf 83' lang='lat' dir='ltr'><strong>Chr.</strong></span> 
     </span>
     <span class='ocr_line' id='line_1_14' title="bbox 388 1587 2634 1665; baseline 0 -18"><span class='ocrx_word' id='word_1_90' title='bbox 388 1592 491 1658; x_wconf 84' lang='lat'><strong>66,</strong></span> <span class='ocrx_word' id='word_1_91' title='bbox 552 1588 797 1646; x_wconf 88' lang='lat' dir='ltr'><strong>Henzen</strong></span> <span class='ocrx_word' id='word_1_92' title='bbox 844 1592 1034 1656; x_wconf 81' lang='lat'>6767;</span> <span class='ocrx_word' id='word_1_93' title='bbox 1099 1588 1425 1646; x_wconf 81' lang='lat' dir='ltr'><strong>Mommsen</strong></span> <span class='ocrx_word' id='word_1_94' title='bbox 1475 1587 1608 1663; x_wconf 84' lang='lat' dir='ltr'><strong>eph.</strong></span> <span class='ocrx_word' id='word_1_95' title='bbox 1658 1590 1845 1665; x_wconf 81' lang='lat' dir='ltr'><strong>epigr.</strong></span> <span class='ocrx_word' id='word_1_96' title='bbox 1888 1589 1986 1649; x_wconf 92' lang='lat' dir='ltr'><strong>IV.</strong></span> <span class='ocrx_word' id='word_1_97' title='bbox 2035 1593 2176 1648; x_wconf 85' lang='lat'><strong>231.</strong></span> <span class='ocrx_word' id='word_1_98' title='bbox 2223 1594 2281 1649; x_wconf 89' lang='grc'><strong>4.</strong></span> <span class='ocrx_word' id='word_1_99' title='bbox 2337 1595 2476 1648; x_wconf 87' lang='lat' dir='ltr'><strong>ante</strong></span> <span class='ocrx_word' id='word_1_100' title='bbox 2523 1590 2634 1664; x_wconf 85' lang='lat' dir='ltr'><strong>leg.</strong></span> 
     </span>
     <span class='ocr_line' id='line_1_15' title="bbox 388 1689 2635 1768; baseline 0 -20"><span class='ocrx_word' id='word_1_101' title='bbox 388 1690 467 1748; x_wconf 88' lang='lat' dir='ltr'><strong>VI</strong></span> <span class='ocrx_word' id='word_1_102' title='bbox 512 1690 678 1749; x_wconf 89' lang='lat' dir='ltr'><strong>victr.</strong></span> <span class='ocrx_word' id='word_1_103' title='bbox 730 1689 883 1766; x_wconf 78' lang='lat' dir='ltr'><strong>„pp“</strong></span> <span class='ocrx_word' id='word_1_104' title='bbox 938 1690 1239 1750; x_wconf 80' lang='lat' dir='ltr'><strong>excidisse</strong></span> <span class='ocrx_word' id='word_1_105' title='bbox 1284 1694 1475 1767; x_wconf 87' lang='lat' dir='ltr'><strong>putat,</strong></span> <span class='ocrx_word' id='word_1_106' title='bbox 1523 1690 1732 1767; x_wconf 88' lang='lat' dir='ltr'><strong>„quod</strong></span> <span class='ocrx_word' id='word_1_107' title='bbox 1780 1691 1911 1749; x_wconf 89' lang='lat' dir='ltr'><strong>sine</strong></span> <span class='ocrx_word' id='word_1_108' title='bbox 1943 1692 2219 1768; x_wconf 83' lang='lat' dir='ltr'><strong>exemplo</strong></span> <span class='ocrx_word' id='word_1_109' title='bbox 2254 1695 2343 1750; x_wconf 87' lang='lat' dir='ltr'><strong>est</strong></span> <span class='ocrx_word' id='word_1_110' title='bbox 2374 1711 2406 1750; x_wconf 91' lang='lat' dir='ltr'><strong>e</strong></span> <span class='ocrx_word' id='word_1_111' title='bbox 2438 1692 2635 1766; x_wconf 86' lang='lat' dir='ltr'><strong>caliga</strong></span> 
     </span>
     <span class='ocr_line' id='line_1_16' title="bbox 387 1790 2633 1870; baseline 0 -21"><span class='ocrx_word' id='word_1_112' title='bbox 387 1790 462 1849; x_wconf 87' lang='lat' dir='ltr'><strong>ad</strong></span> <span class='ocrx_word' id='word_1_113' title='bbox 524 1792 761 1850; x_wconf 84' lang='lat' dir='ltr'><strong>militias</strong></span> <span class='ocrx_word' id='word_1_114' title='bbox 822 1797 1133 1868; x_wconf 81' lang='lat' dir='ltr'><strong>equestres</strong></span> <span class='ocrx_word' id='word_1_115' title='bbox 1188 1793 1361 1851; x_wconf 89' lang='lat' dir='ltr'><strong>aliter</strong></span> <span class='ocrx_word' id='word_1_116' title='bbox 1407 1795 1589 1868; x_wconf 89' lang='lat' dir='ltr'><strong>atque</strong></span> <span class='ocrx_word' id='word_1_117' title='bbox 1634 1811 1743 1869; x_wconf 89' lang='lat' dir='ltr'><strong>per</strong></span> <span class='ocrx_word' id='word_1_118' title='bbox 1788 1793 2215 1870; x_wconf 80' lang='lat' dir='ltr'><strong>primipilatum</strong></span> <span class='ocrx_word' id='word_1_119' title='bbox 2263 1791 2633 1869; x_wconf 85' lang='lat' dir='ltr'><strong>perveniri“;</strong></span> 
     </span>
     <span class='ocr_line' id='line_1_17' title="bbox 385 1893 2630 1971; baseline 0 -19"><span class='ocrx_word' id='word_1_120' title='bbox 385 1903 583 1954; x_wconf 86' lang='lat' dir='ltr'><strong>tamen</strong></span> <span class='ocrx_word' id='word_1_121' title='bbox 647 1899 712 1952; x_wconf 84' lang='lat' dir='ltr'><strong>ut</strong></span> <span class='ocrx_word' id='word_1_122' title='bbox 767 1893 1038 1953; x_wconf 87' lang='lat' dir='ltr'><strong>videmus</strong></span> <span class='ocrx_word' id='word_1_123' title='bbox 1097 1895 1370 1970; x_wconf 82' lang='lat' dir='ltr'><strong>exempla</strong></span> <span class='ocrx_word' id='word_1_124' title='bbox 1432 1912 1627 1969; x_wconf 89' lang='lat' dir='ltr'><strong>pauca</strong></span> <span class='ocrx_word' id='word_1_125' title='bbox 1687 1899 1950 1970; x_wconf 83' lang='lat' dir='ltr'><strong>exstant,</strong></span> <span class='ocrx_word' id='word_1_126' title='bbox 2010 1899 2455 1971; x_wconf 83' lang='lat' dir='ltr'><strong>proptereaque</strong></span> <span class='ocrx_word' id='word_1_127' title='bbox 2510 1913 2630 1954; x_wconf 92' lang='lat' dir='ltr'><strong>non</strong></span> 
     </span>
     <span class='ocr_line' id='line_1_18' title="bbox 386 1989 1375 2075; baseline -0.003 -20"><span class='ocrx_word' id='word_1_128' title='bbox 386 2015 539 2074; x_wconf 90' lang='lat' dir='ltr'><strong>opus</strong></span> <span class='ocrx_word' id='word_1_129' title='bbox 589 2015 720 2055; x_wconf 89' lang='lat' dir='ltr'><strong>esse</strong></span> <span class='ocrx_word' id='word_1_130' title='bbox 768 1996 1002 2055; x_wconf 87' lang='lat' dir='ltr'><strong>videtur</strong></span> <span class='ocrx_word' id='word_1_131' title='bbox 1047 1989 1375 2075; x_wconf 89' lang='lat' dir='ltr'><strong>supplere.)</strong></span> 
     </span>
    </p>

    <p class='ocr_par' dir='ltr' id='par_1_8' title="bbox 354 2091 2633 2372">
     <span class='ocr_line' id='line_1_19' title="bbox 559 2091 2633 2176; baseline -0 -17"><span class='ocrx_word' id='word_1_132' title='bbox 559 2097 622 2172; x_wconf 85' lang='lat'><strong>2)</strong></span> <span class='ocrx_word' id='word_1_133' title='bbox 668 2099 904 2158; x_wconf 86' lang='lat' dir='ltr'><strong>Manilio</strong></span> <span class='ocrx_word' id='word_1_134' title='bbox 952 2098 1149 2158; x_wconf 85' lang='lat' dir='ltr'><strong>Cordo</strong></span> <span class='ocrx_word' id='word_1_135' title='bbox 1197 2091 1235 2155; x_wconf 93' lang='lat'>7</span> <span class='ocrx_word' id='word_1_136' title='bbox 1281 2099 1394 2175; x_wconf 87' lang='lat' dir='ltr'><strong>leg.</strong></span> <span class='ocrx_word' id='word_1_137' title='bbox 1456 2099 1597 2157; x_wconf 88' lang='lat' dir='ltr'><strong>XXI</strong></span> <span class='ocrx_word' id='word_1_138' title='bbox 1646 2100 1866 2174; x_wconf 86' lang='lat' dir='ltr'><strong>Rapac.</strong></span> <span class='ocrx_word' id='word_1_139' title='bbox 1910 2098 2099 2176; x_wconf 86' lang='lat' dir='ltr'><strong>praef.</strong></span> <span class='ocrx_word' id='word_1_140' title='bbox 2145 2100 2325 2175; x_wconf 86' lang='lat' dir='ltr'><strong>equit.</strong></span> <span class='ocrx_word' id='word_1_141' title='bbox 2370 2103 2633 2159; x_wconf 83' lang='lat' dir='ltr'><strong>exactor.</strong></span> 
     </span>
     <span class='ocr_line' id='line_1_20' title="bbox 387 2192 2633 2278; baseline 0.001 -19"><span class='ocrx_word' id='word_1_142' title='bbox 387 2201 585 2260; x_wconf 86' lang='lat' dir='ltr'><strong>tribut.</strong></span> <span class='ocrx_word' id='word_1_143' title='bbox 647 2202 864 2260; x_wconf 82' lang='lat' dir='ltr'><strong>civitat.</strong></span> <span class='ocrx_word' id='word_1_144' title='bbox 925 2199 1076 2259; x_wconf 86' lang='lat' dir='ltr'><strong>Gall.</strong></span> <span class='ocrx_word' id='word_1_145' title='bbox 1134 2192 1466 2278; x_wconf 87' lang='lat' dir='ltr'><strong>(Bononiae</strong></span> <span class='ocrx_word' id='word_1_146' title='bbox 1528 2201 1712 2262; x_wconf 89' lang='lat' dir='ltr'><strong>Orelli</strong></span> <span class='ocrx_word' id='word_1_147' title='bbox 1771 2203 1954 2261; x_wconf 83' lang='lat'><strong>3341.</strong></span> <span class='ocrx_word' id='word_1_148' title='bbox 2029 2201 2195 2260; x_wconf 90' lang='lat' dir='ltr'><strong>Grut.</strong></span> <span class='ocrx_word' id='word_1_149' title='bbox 2266 2205 2450 2262; x_wconf 84' lang='lat'><strong>4346.</strong></span> <span class='ocrx_word' id='word_1_150' title='bbox 2541 2202 2633 2261; x_wconf 87' lang='lat' dir='ltr'><strong>De</strong></span> 
     </span>
     <span class='ocr_line' id='line_1_21' title="bbox 354 2301 2137 2372; baseline -0.001 -10"><span class='ocrx_word' id='word_1_151' title='bbox 354 2305 685 2362; x_wconf 72' lang='lat' dir='ltr'><strong>exactoris</strong></span> <span class='ocrx_word' id='word_1_152' title='bbox 731 2303 936 2362; x_wconf 89' lang='lat' dir='ltr'><strong>tributi</strong></span> <span class='ocrx_word' id='word_1_153' title='bbox 984 2321 1227 2362; x_wconf 91' lang='lat' dir='ltr'><strong>munere</strong></span> <span class='ocrx_word' id='word_1_154' title='bbox 1272 2301 1516 2362; x_wconf 82' lang='lat' dir='ltr'><strong>aliunde</strong></span> <span class='ocrx_word' id='word_1_155' title='bbox 1563 2303 1709 2362; x_wconf 88' lang='lat' dir='ltr'><strong>nihil</strong></span> <span class='ocrx_word' id='word_1_156' title='bbox 1756 2307 1960 2362; x_wconf 89' lang='lat' dir='ltr'><strong>notum</strong></span> <span class='ocrx_word' id='word_1_157' title='bbox 2007 2305 2137 2372; x_wconf 88' lang='lat' dir='ltr'><strong>est).</strong></span> 
     </span>
    </p>

    <p class='ocr_par' dir='ltr' id='par_1_9' title="bbox 385 2403 2633 2689">
     <span class='ocr_line' id='line_1_22' title="bbox 558 2403 2629 2482; baseline -0.002 -15"><span class='ocrx_word' id='word_1_158' title='bbox 558 2403 620 2477; x_wconf 88' lang='lat'><strong>3)</strong></span> <span class='ocrx_word' id='word_1_159' title='bbox 668 2405 730 2466; x_wconf 88' lang='lat' dir='ltr'><strong>C.</strong></span> <span class='ocrx_word' id='word_1_160' title='bbox 773 2405 974 2465; x_wconf 88' lang='lat' dir='ltr'><strong>Julius</strong></span> <span class='ocrx_word' id='word_1_161' title='bbox 1022 2405 1285 2466; x_wconf 83' lang='lat' dir='ltr'><strong>Caninus</strong></span> <span class='ocrx_word' id='word_1_162' title='bbox 1332 2404 1677 2482; x_wconf 77' lang='lat' dir='ltr'><strong>praefectus</strong></span> <span class='ocrx_word' id='word_1_163' title='bbox 1725 2406 1838 2482; x_wconf 86' lang='lat' dir='ltr'><strong>leg.</strong></span> <span class='ocrx_word' id='word_1_164' title='bbox 1884 2424 1958 2464; x_wconf 79' lang='lat' dir='ltr'><strong>ex</strong></span> <span class='ocrx_word' id='word_1_165' title='bbox 2006 2407 2347 2466; x_wconf 82' lang='lat' dir='ltr'><strong>trecenario</strong></span> <span class='ocrx_word' id='word_1_166' title='bbox 2395 2404 2481 2477; x_wconf 88' lang='lat' dir='ltr'><strong>(C.</strong></span> <span class='ocrx_word' id='word_1_167' title='bbox 2505 2407 2546 2465; x_wconf 92' lang='lat'><strong>1.</strong></span> <span class='ocrx_word' id='word_1_168' title='bbox 2564 2407 2629 2466; x_wconf 92' lang='lat' dir='ltr'><strong>L.</strong></span> 
     </span>
     <span class='ocr_line' id='line_1_23' title="bbox 386 2508 2633 2585; baseline 0 -18"><span class='ocrx_word' id='word_1_169' title='bbox 386 2509 489 2567; x_wconf 90' lang='grc' dir='ltr'><strong>ΙΙΙ.</strong></span> <span class='ocrx_word' id='word_1_170' title='bbox 552 2512 734 2568; x_wconf 86' lang='grc'><strong>3427.</strong></span> <span class='ocrx_word' id='word_1_171' title='bbox 798 2509 1080 2584; x_wconf 88' lang='lat' dir='ltr'><strong>Aquinci;</strong></span> <span class='ocrx_word' id='word_1_172' title='bbox 1138 2526 1187 2567; x_wconf 87' lang='lat' dir='ltr'><strong>a.</strong></span> <span class='ocrx_word' id='word_1_173' title='bbox 1249 2528 1306 2585; x_wconf 90' lang='lat' dir='ltr'><strong>p.</strong></span> <span class='ocrx_word' id='word_1_174' title='bbox 1371 2508 1432 2568; x_wconf 84' lang='lat' dir='ltr'><strong>O.</strong></span> <span class='ocrx_word' id='word_1_175' title='bbox 1495 2512 1618 2570; x_wconf 86' lang='lat'><strong>233</strong></span> <span class='ocrx_word' id='word_1_176' title='bbox 1684 2508 1756 2567; x_wconf 86' lang='lat' dir='ltr'><strong>cf.</strong></span> <span class='ocrx_word' id='word_1_177' title='bbox 1823 2508 2152 2568; x_wconf 86' lang='lat' dir='ltr'><strong>Mommsen</strong></span> <span class='ocrx_word' id='word_1_178' title='bbox 2211 2509 2347 2584; x_wconf 88' lang='lat' dir='ltr'><strong>eph.</strong></span> <span class='ocrx_word' id='word_1_179' title='bbox 2405 2527 2493 2585; x_wconf 91' lang='lat' dir='ltr'><strong>ep.</strong></span> <span class='ocrx_word' id='word_1_180' title='bbox 2551 2510 2633 2568; x_wconf 76' lang='lat' dir='ltr'><strong>[v</strong></span> 
     </span>
     <span class='ocr_line' id='line_1_24' title="bbox 385 2610 1916 2689; baseline 0.003 -22"><span class='ocrx_word' id='word_1_181' title='bbox 385 2629 442 2686; x_wconf 93' lang='lat' dir='ltr'><strong>p.</strong></span> <span class='ocrx_word' id='word_1_182' title='bbox 491 2615 611 2671; x_wconf 87' lang='grc'><strong>242</strong></span> <span class='ocrx_word' id='word_1_183' title='bbox 659 2612 771 2670; x_wconf 88' lang='lat' dir='ltr'><strong>No.</strong></span> <span class='ocrx_word' id='word_1_184' title='bbox 816 2613 913 2671; x_wconf 85' lang='lat'><strong>84.</strong></span> <span class='ocrx_word' id='word_1_185' title='bbox 962 2610 1158 2670; x_wconf 91' lang='lat' dir='ltr'><strong>Wilm.</strong></span> <span class='ocrx_word' id='word_1_186' title='bbox 1203 2611 1339 2688; x_wconf 86' lang='lat' dir='ltr'><strong>eph.</strong></span> <span class='ocrx_word' id='word_1_187' title='bbox 1384 2613 1568 2688; x_wconf 86' lang='lat' dir='ltr'><strong>epigr.</strong></span> <span class='ocrx_word' id='word_1_188' title='bbox 1616 2612 1643 2670; x_wconf 88' lang='grc' dir='ltr'>Ι</span> <span class='ocrx_word' id='word_1_189' title='bbox 1689 2631 1747 2689; x_wconf 90' lang='lat' dir='ltr'><strong>p.</strong></span> <span class='ocrx_word' id='word_1_190' title='bbox 1794 2610 1916 2683; x_wconf 89' lang='grc'><strong>96).</strong></span> 
     </span>
    </p>

    <p class='ocr_par' dir='ltr' id='par_1_10' title="bbox 384 2710 2633 3093">
     <span class='ocr_line' id='line_1_25' title="bbox 554 2710 2633 2792; baseline 0 -20"><span class='ocrx_word' id='word_1_191' title='bbox 554 2710 620 2786; x_wconf 86' lang='grc'><strong>4)</strong></span> <span class='ocrx_word' id='word_1_192' title='bbox 685 2715 763 2773; x_wconf 91' lang='lat' dir='ltr'><strong>M.</strong></span> <span class='ocrx_word' id='word_1_193' title='bbox 809 2714 1084 2773; x_wconf 86' lang='lat' dir='ltr'><strong>Valeriae</strong></span> <span class='ocrx_word' id='word_1_194' title='bbox 1151 2715 1459 2790; x_wconf 87' lang='lat' dir='ltr'><strong>Augustae</strong></span> <span class='ocrx_word' id='word_1_195' title='bbox 1522 2716 1597 2772; x_wconf 89' lang='lat' dir='ltr'><strong>M.</strong></span> <span class='ocrx_word' id='word_1_196' title='bbox 1661 2715 1951 2774; x_wconf 84' lang='lat' dir='ltr'><strong>Artonius</strong></span> <span class='ocrx_word' id='word_1_197' title='bbox 1995 2715 2272 2774; x_wconf 87' lang='lat' dir='ltr'><strong>Vicasius</strong></span> <span class='ocrx_word' id='word_1_198' title='bbox 2332 2719 2633 2792; x_wconf 79' lang='lat' dir='ltr'><strong>procurat.</strong></span> 
     </span>
     <span class='ocr_line' id='line_1_26' title="bbox 386 2815 2633 2893; baseline 0.001 -19"><span class='ocrx_word' id='word_1_199' title='bbox 386 2815 641 2892; x_wconf 86' lang='lat' dir='ltr'><strong>August.</strong></span> <span class='ocrx_word' id='word_1_200' title='bbox 700 2835 736 2874; x_wconf 87' lang='lat' dir='ltr'><strong>a</strong></span> <span class='ocrx_word' id='word_1_201' title='bbox 795 2821 905 2875; x_wconf 89' lang='lat' dir='ltr'><strong>rat.</strong></span> <span class='ocrx_word' id='word_1_202' title='bbox 965 2816 1073 2874; x_wconf 84' lang='lat' dir='ltr'><strong>XX</strong></span> <span class='ocrx_word' id='word_1_203' title='bbox 1132 2816 1338 2875; x_wconf 87' lang='lat' dir='ltr'><strong>hered.</strong></span> <span class='ocrx_word' id='word_1_204' title='bbox 1397 2824 1698 2892; x_wconf 89' lang='lat' dir='ltr'><strong>procurat.</strong></span> <span class='ocrx_word' id='word_1_205' title='bbox 1758 2817 1879 2876; x_wconf 90' lang='lat' dir='ltr'><strong>lud.</strong></span> <span class='ocrx_word' id='word_1_206' title='bbox 1943 2818 2219 2876; x_wconf 87' lang='lat' dir='ltr'><strong>matutini</strong></span> <span class='ocrx_word' id='word_1_207' title='bbox 2283 2837 2448 2893; x_wconf 90' lang='lat' dir='ltr'><strong>proc.</strong></span> <span class='ocrx_word' id='word_1_208' title='bbox 2511 2818 2633 2877; x_wconf 89' lang='lat' dir='ltr'><strong>lud.</strong></span> 
     </span>
     <span class='ocr_line' id='line_1_27' title="bbox 385 2911 2632 2995; baseline 0 -19"><span class='ocrx_word' id='word_1_209' title='bbox 385 2919 582 2995; x_wconf 85' lang='lat' dir='ltr'><strong>magni</strong></span> <span class='ocrx_word' id='word_1_210' title='bbox 629 2911 667 2975; x_wconf 93' lang='lat'>7</span> <span class='ocrx_word' id='word_1_211' title='bbox 713 2919 827 2993; x_wconf 86' lang='lat' dir='ltr'><strong>leg.</strong></span> <span class='ocrx_word' id='word_1_212' title='bbox 875 2919 902 2976; x_wconf 93' lang='lat' dir='ltr'>I</span> <span class='ocrx_word' id='word_1_213' title='bbox 945 2918 1203 2977; x_wconf 87' lang='lat' dir='ltr'><strong>Parthie.</strong></span> <span class='ocrx_word' id='word_1_214' title='bbox 1261 2917 1526 2994; x_wconf 87' lang='lat' dir='ltr'><strong>(Cuprae</strong></span> <span class='ocrx_word' id='word_1_215' title='bbox 1576 2920 1883 2977; x_wconf 87' lang='lat' dir='ltr'><strong>Maritime.</strong></span> <span class='ocrx_word' id='word_1_216' title='bbox 1945 2917 2129 2977; x_wconf 91' lang='lat' dir='ltr'><strong>Orelli</strong></span> <span class='ocrx_word' id='word_1_217' title='bbox 2193 2923 2372 2980; x_wconf 88' lang='grc'><strong>1065.</strong></span> <span class='ocrx_word' id='word_1_218' title='bbox 2418 2922 2632 2979; x_wconf 85' lang='lat' dir='ltr'><strong>aetatis</strong></span> 
     </span>
     <span class='ocr_line' id='line_1_28' title="bbox 384 3014 1841 3093; baseline -0.002 -14"><span class='ocrx_word' id='word_1_219' title='bbox 384 3014 829 3093; x_wconf 84' lang='lat' dir='ltr'><strong>Diocletianae.)</strong></span> <span class='ocrx_word' id='word_1_220' title='bbox 1836 3031 1841 3035; x_wconf 83' lang='grc'><em>·</em></span> 
     </span>
    </p>

    <p class='ocr_par' dir='ltr' id='par_1_11' title="bbox 378 3119 2632 4312">
     <span class='ocr_line' id='line_1_29' title="bbox 554 3119 2628 3198; baseline -0 -16"><span class='ocrx_word' id='word_1_221' title='bbox 554 3121 927 3182; x_wconf 86' lang='lat' dir='ltr'><strong>Concludere</strong></span> <span class='ocrx_word' id='word_1_222' title='bbox 972 3121 1111 3180; x_wconf 89' lang='lat' dir='ltr'><strong>licet</strong></span> <span class='ocrx_word' id='word_1_223' title='bbox 1156 3139 1231 3179; x_wconf 83' lang='lat' dir='ltr'><strong>ex</strong></span> <span class='ocrx_word' id='word_1_224' title='bbox 1276 3119 1573 3196; x_wconf 87' lang='lat' dir='ltr'><strong>paucitate</strong></span> <span class='ocrx_word' id='word_1_225' title='bbox 1613 3121 2040 3198; x_wconf 83' lang='lat' dir='ltr'><strong>exemplorum,</strong></span> <span class='ocrx_word' id='word_1_226' title='bbox 2083 3122 2381 3181; x_wconf 85' lang='lat' dir='ltr'><strong>rarissime</strong></span> <span class='ocrx_word' id='word_1_227' title='bbox 2426 3128 2628 3181; x_wconf 90' lang='lat' dir='ltr'><strong>centu-</strong></span> 
     </span>
     <span class='ocr_line' id='line_1_30' title="bbox 383 3222 2631 3302; baseline 0 -19"><span class='ocrx_word' id='word_1_228' title='bbox 383 3225 581 3284; x_wconf 84' lang='lat' dir='ltr'><strong>riones</strong></span> <span class='ocrx_word' id='word_1_229' title='bbox 625 3225 990 3302; x_wconf 88' lang='lat' dir='ltr'><strong>primipilatu</strong></span> <span class='ocrx_word' id='word_1_230' title='bbox 1037 3241 1155 3287; x_wconf 86' lang='lat' dir='ltr'><strong>non</strong></span> <span class='ocrx_word' id='word_1_231' title='bbox 1203 3222 1439 3281; x_wconf 85' lang='lat' dir='ltr'><strong>functos</strong></span> <span class='ocrx_word' id='word_1_232' title='bbox 1486 3223 1559 3282; x_wconf 87' lang='lat' dir='ltr'><strong>ad</strong></span> <span class='ocrx_word' id='word_1_233' title='bbox 1607 3225 1929 3299; x_wconf 85' lang='lat' dir='ltr'><strong>ampliores</strong></span> <span class='ocrx_word' id='word_1_234' title='bbox 1974 3223 2198 3300; x_wconf 85' lang='lat' dir='ltr'><strong>gradus</strong></span> <span class='ocrx_word' id='word_1_235' title='bbox 2259 3226 2631 3300; x_wconf 88' lang='lat' dir='ltr'><strong>provenisse.</strong></span> 
     </span>
     <span class='ocr_line' id='line_1_31' title="bbox 382 3325 2631 3403; baseline 0 -18"><span class='ocrx_word' id='word_1_236' title='bbox 382 3326 658 3403; x_wconf 83' lang='lat' dir='ltr'><strong>Singulos</strong></span> <span class='ocrx_word' id='word_1_237' title='bbox 703 3327 904 3386; x_wconf 86' lang='lat' dir='ltr'><strong>titulos</strong></span> <span class='ocrx_word' id='word_1_238' title='bbox 950 3328 996 3384; x_wconf 90' lang='lat' dir='ltr'><strong>si</strong></span> <span class='ocrx_word' id='word_1_239' title='bbox 1042 3325 1419 3402; x_wconf 87' lang='lat' dir='ltr'><strong>respicimus,</strong></span> <span class='ocrx_word' id='word_1_240' title='bbox 1479 3344 1663 3384; x_wconf 90' lang='lat' dir='ltr'><strong>uuum</strong></span> <span class='ocrx_word' id='word_1_241' title='bbox 1717 3345 1826 3398; x_wconf 81' lang='lat' dir='ltr'><strong>„ex</strong></span> <span class='ocrx_word' id='word_1_242' title='bbox 1872 3326 2242 3385; x_wconf 85' lang='lat' dir='ltr'><strong>trecenario“</strong></span> <span class='ocrx_word' id='word_1_243' title='bbox 2296 3327 2459 3386; x_wconf 89' lang='lat' dir='ltr'><strong>sicut</strong></span> <span class='ocrx_word' id='word_1_244' title='bbox 2503 3345 2631 3387; x_wconf 89' lang='lat' dir='ltr'><strong>sae-</strong></span> 
     </span>
     <span class='ocr_line' id='line_1_32' title="bbox 382 3426 2632 3507; baseline 0.001 -20"><span class='ocrx_word' id='word_1_245' title='bbox 382 3430 622 3504; x_wconf 88' lang='lat' dir='ltr'><strong>pissime</strong></span> <span class='ocrx_word' id='word_1_246' title='bbox 667 3429 1065 3506; x_wconf 88' lang='lat' dir='ltr'><strong>primipilares</strong></span> <span class='ocrx_word' id='word_1_247' title='bbox 1103 3426 1465 3486; x_wconf 86' lang='lat' dir='ltr'><strong>ordinarium</strong></span> <span class='ocrx_word' id='word_1_248' title='bbox 1501 3445 1739 3486; x_wconf 88' lang='lat' dir='ltr'><strong>cursum</strong></span> <span class='ocrx_word' id='word_1_249' title='bbox 1775 3429 2066 3487; x_wconf 87' lang='lat' dir='ltr'><strong>honorum</strong></span> <span class='ocrx_word' id='word_1_250' title='bbox 2099 3431 2459 3506; x_wconf 88' lang='lat' dir='ltr'><strong>equestrium</strong></span> <span class='ocrx_word' id='word_1_251' title='bbox 2493 3449 2632 3507; x_wconf 91' lang='lat' dir='ltr'><strong>per·</strong></span> 
     </span>
     <span class='ocr_line' id='line_1_33' title="bbox 381 3530 2629 3610; baseline 0 -19"><span class='ocrx_word' id='word_1_252' title='bbox 381 3533 654 3610; x_wconf 68' lang='lat' dir='ltr'><strong>caluisse,</strong></span> <span class='ocrx_word' id='word_1_253' title='bbox 698 3530 788 3606; x_wconf 88' lang='lat'><strong>(1)</strong></span> <span class='ocrx_word' id='word_1_254' title='bbox 829 3533 1085 3591; x_wconf 90' lang='lat' dir='ltr'><strong>alterum</strong></span> <span class='ocrx_word' id='word_1_255' title='bbox 1118 3531 1202 3597; x_wconf 73' lang='lat'><strong>(3)</strong></span> <span class='ocrx_word' id='word_1_256' title='bbox 1233 3549 1307 3588; x_wconf 84' lang='lat' dir='ltr'><strong>ex</strong></span> <span class='ocrx_word' id='word_1_257' title='bbox 1338 3531 1669 3589; x_wconf 87' lang='lat' dir='ltr'><strong>trecenario</strong></span> <span class='ocrx_word' id='word_1_258' title='bbox 1704 3530 2069 3607; x_wconf 88' lang='lat' dir='ltr'><strong>praefectum</strong></span> <span class='ocrx_word' id='word_1_259' title='bbox 2103 3532 2356 3608; x_wconf 84' lang='lat' dir='ltr'><strong>legionis</strong></span> <span class='ocrx_word' id='word_1_260' title='bbox 2404 3534 2629 3592; x_wconf 83' lang='lat' dir='ltr'><strong>factum</strong></span> 
     </span>
     <span class='ocr_line' id='line_1_34' title="bbox 382 3633 2628 3710; baseline -0 -15"><span class='ocrx_word' id='word_1_261' title='bbox 382 3654 512 3695; x_wconf 87' lang='lat' dir='ltr'><strong>esse</strong></span> <span class='ocrx_word' id='word_1_262' title='bbox 573 3637 870 3705; x_wconf 89' lang='lat' dir='ltr'><strong>videmus;</strong></span> <span class='ocrx_word' id='word_1_263' title='bbox 934 3634 1116 3693; x_wconf 88' lang='lat' dir='ltr'><strong>ceteri</strong></span> <span class='ocrx_word' id='word_1_264' title='bbox 1170 3635 1297 3693; x_wconf 85' lang='lat' dir='ltr'><strong>sine</strong></span> <span class='ocrx_word' id='word_1_265' title='bbox 1343 3633 1523 3692; x_wconf 86' lang='lat' dir='ltr'><strong>dubio</strong></span> <span class='ocrx_word' id='word_1_266' title='bbox 1570 3634 1863 3710; x_wconf 86' lang='lat' dir='ltr'><strong>singulari</strong></span> <span class='ocrx_word' id='word_1_267' title='bbox 1912 3634 2157 3694; x_wconf 88' lang='lat' dir='ltr'><strong>fortuna</strong></span> <span class='ocrx_word' id='word_1_268' title='bbox 2205 3636 2295 3694; x_wconf 87' lang='lat' dir='ltr'><strong>usi</strong></span> <span class='ocrx_word' id='word_1_269' title='bbox 2349 3636 2547 3695; x_wconf 84' lang='lat' dir='ltr'><strong>statim</strong></span> <span class='ocrx_word' id='word_1_270' title='bbox 2592 3654 2628 3694; x_wconf 91' lang='lat' dir='ltr'><strong>a</strong></span> 
     </span>
     <span class='ocr_line' id='line_1_35' title="bbox 381 3733 2629 3813; baseline -0 -16"><span class='ocrx_word' id='word_1_271' title='bbox 381 3739 797 3797; x_wconf 87' lang='lat' dir='ltr'><strong>centurionatu</strong></span> <span class='ocrx_word' id='word_1_272' title='bbox 831 3737 906 3795; x_wconf 91' lang='lat' dir='ltr'><strong>ad</strong></span> <span class='ocrx_word' id='word_1_273' title='bbox 954 3736 1392 3813; x_wconf 83' lang='lat' dir='ltr'><strong>praefecturam</strong></span> <span class='ocrx_word' id='word_1_274' title='bbox 1439 3735 1708 3812; x_wconf 86' lang='lat' dir='ltr'><strong>equitum</strong></span> <span class='ocrx_word' id='word_1_275' title='bbox 1741 3733 1830 3809; x_wconf 89' lang='grc'><strong>(2)</strong></span> <span class='ocrx_word' id='word_1_276' title='bbox 1869 3740 1973 3796; x_wconf 90' lang='lat' dir='ltr'><strong>aut</strong></span> <span class='ocrx_word' id='word_1_277' title='bbox 2003 3743 2460 3813; x_wconf 87' lang='lat' dir='ltr'><strong>procuraturam</strong></span> <span class='ocrx_word' id='word_1_278' title='bbox 2494 3756 2629 3796; x_wconf 89' lang='lat' dir='ltr'><strong>eve-</strong></span> 
     </span>
     <span class='ocr_line' id='line_1_36' title="bbox 382 3837 2628 3915; baseline 0.001 -18"><span class='ocrx_word' id='word_1_279' title='bbox 382 3840 622 3899; x_wconf 88' lang='lat' dir='ltr'><strong>huntur.</strong></span> <span class='ocrx_word' id='word_1_280' title='bbox 712 3840 880 3912; x_wconf 80' lang='lat' dir='ltr'><strong>Quae</strong></span> <span class='ocrx_word' id='word_1_281' title='bbox 927 3839 1203 3914; x_wconf 82' lang='lat' dir='ltr'><strong>exempla</strong></span> <span class='ocrx_word' id='word_1_282' title='bbox 1248 3839 1377 3915; x_wconf 89' lang='lat' dir='ltr'><strong>ejus</strong></span> <span class='ocrx_word' id='word_1_283' title='bbox 1425 3838 1578 3897; x_wconf 91' lang='lat' dir='ltr'><strong>modi</strong></span> <span class='ocrx_word' id='word_1_284' title='bbox 1615 3856 1746 3898; x_wconf 89' lang='lat' dir='ltr'><strong>esse</strong></span> <span class='ocrx_word' id='word_1_285' title='bbox 1780 3837 2079 3915; x_wconf 82' lang='lat' dir='ltr'><strong>videntur,</strong></span> <span class='ocrx_word' id='word_1_286' title='bbox 2111 3840 2327 3915; x_wconf 88' lang='lat' dir='ltr'><strong>quibus</strong></span> <span class='ocrx_word' id='word_1_287' title='bbox 2361 3858 2628 3915; x_wconf 92' lang='lat' dir='ltr'><strong>compro-</strong></span> 
     </span>
     <span class='ocr_line' id='line_1_37' title="bbox 379 3941 2627 4019; baseline 0.001 -20"><span class='ocrx_word' id='word_1_288' title='bbox 379 3942 553 4002; x_wconf 89' lang='lat' dir='ltr'><strong>betur</strong></span> <span class='ocrx_word' id='word_1_289' title='bbox 580 3946 763 4019; x_wconf 91' lang='lat' dir='ltr'><strong>atque</strong></span> <span class='ocrx_word' id='word_1_290' title='bbox 795 3941 1123 4001; x_wconf 85' lang='lat' dir='ltr'><strong>affirmetur</strong></span> <span class='ocrx_word' id='word_1_291' title='bbox 1155 3943 1305 4000; x_wconf 88' lang='lat' dir='ltr'><strong>haec</strong></span> <span class='ocrx_word' id='word_1_292' title='bbox 1337 3941 1575 4017; x_wconf 82' lang='lat' dir='ltr'><strong>regula:</strong></span> <span class='ocrx_word' id='word_1_293' title='bbox 1623 3941 2154 4017; x_wconf 78' lang='lat' dir='ltr'><strong>Imperatorum</strong></span> <span class='ocrx_word' id='word_1_294' title='bbox 2186 3946 2438 4001; x_wconf 88' lang='lat' dir='ltr'><strong>aetate</strong></span> <span class='ocrx_word' id='word_1_295' title='bbox 2468 3943 2627 4001; x_wconf 90' lang='lat' dir='ltr'><strong>nul—</strong></span> 
     </span>
     <span class='ocr_line' id='line_1_38' title="bbox 378 4043 2628 4121; baseline 0 -19"><span class='ocrx_word' id='word_1_296' title='bbox 378 4045 516 4104; x_wconf 89' lang='lat' dir='ltr'><strong>lum</strong></span> <span class='ocrx_word' id='word_1_297' title='bbox 564 4045 1059 4104; x_wconf 89' lang='lat' dir='ltr'><strong>centurionem</strong></span> <span class='ocrx_word' id='word_1_298' title='bbox 1105 4043 1193 4101; x_wconf 89' lang='lat' dir='ltr'><strong>ad</strong></span> <span class='ocrx_word' id='word_1_299' title='bbox 1240 4048 1625 4120; x_wconf 88' lang='lat' dir='ltr'><strong>equestres</strong></span> <span class='ocrx_word' id='word_1_300' title='bbox 1657 4043 1975 4103; x_wconf 89' lang='lat' dir='ltr'><strong>honores</strong></span> <span class='ocrx_word' id='word_1_301' title='bbox 2006 4048 2411 4119; x_wconf 89' lang='lat' dir='ltr'><strong>promotum</strong></span> <span class='ocrx_word' id='word_1_302' title='bbox 2443 4061 2628 4121; x_wconf 87' lang='lat' dir='ltr'><strong>esse,</strong></span> 
     </span>
     <span class='ocr_line' id='line_1_39' title="bbox 379 4145 2627 4231; baseline 0 -25"><span class='ocrx_word' id='word_1_303' title='bbox 379 4149 517 4207; x_wconf 91' lang='lat' dir='ltr'><strong>nisi</strong></span> <span class='ocrx_word' id='word_1_304' title='bbox 564 4149 685 4225; x_wconf 89' lang='lat' dir='ltr'><strong>qui</strong></span> <span class='ocrx_word' id='word_1_305' title='bbox 717 4166 749 4206; x_wconf 90' lang='lat' dir='ltr'><strong>e</strong></span> <span class='ocrx_word' id='word_1_306' title='bbox 793 4145 1244 4223; x_wconf 87' lang='lat' dir='ltr'><strong>primipilatu</strong></span> <span class='ocrx_word' id='word_1_307' title='bbox 1285 4147 1353 4205; x_wconf 90' lang='lat' dir='ltr'><strong>in</strong></span> <span class='ocrx_word' id='word_1_308' title='bbox 1393 4147 1958 4223; x_wconf 88' lang='lat' dir='ltr'><strong>primipilarium</strong></span> <span class='ocrx_word' id='word_1_309' title='bbox 2006 4145 2333 4206; x_wconf 89' lang='lat' dir='ltr'><strong>ordinem</strong></span> <span class='ocrx_word' id='word_1_310' title='bbox 2368 4146 2627 4231; x_wconf 84' lang='lat' dir='ltr'><strong>missus</strong></span> 
     </span>
     <span class='ocr_line' id='line_1_40' title="bbox 378 4256 593 4312; baseline 0 -1"><span class='ocrx_word' id='word_1_311' title='bbox 378 4256 593 4312; x_wconf 57' lang='lat' dir='ltr'><strong>essen</strong></span> 
     </span>
    </p>
   </div>
  </div>
 </body>
</html>
