3166 4871
2543 331 2667 390 355

423 524 534 564 nec
594 505 743 564 situs
804 505 1066 582 origines
1130 503 1409 581 persequi
1469 502 1647 562 facile
1708 507 1798 562 est
1855 502 2168 578 'rugannis
2212 504 2535 580 Liguribus
2580 503 2672 576 (ut

424 607 605 668 ceteri
654 603 1028 678 omittantur)
1075 624 1220 682 agro
1268 605 1467 666 tricies
1511 604 1704 665 dato.“
1799 606 1890 665 Ab
1938 606 2050 666 hoc
2095 606 2227 666 loco
2273 606 2666 667 exoriundum

423 710 804 787 primumque
882 727 1033 768 cum·
1096 708 1368 784 Zumptio
1396 705 1438 777 ¹)
1514 711 1574 767 et
1635 704 2048 778 Detlesseno²)
2121 708 2500 768 statuendum
2582 713 2672 769 est

424 811 685 872 Plinium
731 830 806 872 ex
851 810 1112 887 Augusti
1161 809 1419 887 quodam
1468 809 1621 871 libro
1667 811 1989 887 sumpsisse

916 912 1364 991 discriptionem
1430 913 1490 972 iu
1565 912 1840 974 undecim
1900 914 2177 991 regiones

917 1014 1140 1093 oppida
1196 1015 1482 1092 vicosque
1541 1015 1602 1075 in
1655 1014 1858 1076 literas
1911 1015 2179 1093 digestos

915 1117 1198 1178 colonias.

426 1222 597 1297 Quae
642 1240 775 1281 cum
822 1221 904 1281 ita
948 1220 1100 1296 sint,
1172 1219 1284 1279 hac
1346 1223 1473 1280 tota
1531 1220 1886 1297 quaestione
1930 1219 2485 1297 supersederemus,
2559 1219 2670 1279 nisi

428 1325 546 1385 duo
595 1323 885 1384 mirabilia
928 1327 1335 1382 occurrerent.
1426 1323 1692 1382 Primum
1740 1322 1854 1383 hoc
1894 1327 2001 1401 est,
2046 1322 2205 1400 quod
2237 1321 2495 1400 Augusti
2524 1321 2672 1382 liber

430 1424 668 1502 quidem
715 1425 775 1483 in
823 1427 1140 1483 auctorum
1189 1423 1384 1483 indice
1437 1423 1571 1484 libri
1618 1425 1775 1484 tertii
1837 1428 1957 1484 nat.
2005 1425 2133 1484 hist.
2191 1424 2554 1502 nominatur,
2611 1425 2670 1483 in

428 1529 581 1588 libro
628 1527 804 1588 tertio
851 1528 981 1604 ipso
1029 1531 1228 1587 autem
1278 1526 1368 1586 his
1414 1526 1650 1587 duobus
1697 1528 1843 1587 locis
1886 1529 1921 1596 ς’
1967 1531 2047 1587 46
2095 1532 2154 1586 et
2197 1528 2232 1597 ἓ
2268 1532 2365 1604 17,
2408 1527 2482 1587 de
2528 1546 2672 1604 quo-

428 1649 558 1690 rum
603 1630 791 1690 altero
839 1647 976 1690 mox
1019 1630 1358 1689 accuratius
1404 1629 1664 1708 dicetnr3
1711 1635 1772 1689 at
1815 1630 2084 1707 Agrippa
2129 1631 2473 1707 saepissime
2517 1650 2670 1692 com·

429 1737 812 1805 memoratur,
875 1734 923 1793 si
985 1732 1061 1793 de
1123 1737 1417 1793 terrarum
1483 1737 1678 1793 tractu
1743 1738 1800 1792 et
1865 1750 2144 1792 mensura
2198 1750 2392 1792 sermo
2439 1738 2547 1794 est.
2588 1762 2674 1773 —

431 1836 598 1897 Alter
661 1836 757 1896 hic
813 1835 980 1896 locus
1040 1836 1341 1895 invenitur
1388 1836 1422 1906 ξ
1458 1840 1568 1910 17,
1632 1853 1750 1911 quo
1796 1835 2026 1894 Plinius
2086 1833 2163 1893 de
2211 1835 2469 1894 numeris
2515 1853 2674 1895 men·

429 1955 702 1999 surarum
749 1938 1023 2014 diversis,
1067 1939 1169 2014 qui
1216 1937 1289 1996 de
1338 1936 1670 2014 Hispaniae
1715 1936 2038 2014 provinciis
2085 1936 2444 2013 produntur,
2488 1954 2675 2013 agens

431 2058 647 2101 causas
690 2042 883 2110 affert,
929 2058 1037 2099 cur
1082 2045 1377 2099 terrarum
1424 2042 1656 2099 tractus
1714 2043 1973 2099 mutatus
2025 2039 2131 2115 sit,
2191 2043 2252 2098 et
2311 2039 2396 2106 sic
2449 2039 2676 2117 pergit:

434 2142 801 2221 „Agrippam
848 2141 1088 2219 quidem
1135 2141 1195 2201 in
1242 2145 1407 2201 tanta
1466 2142 1579 2201 viri
1652 2140 1959 2217 diligentia
2019 2145 2374 2219 praeterque
2437 2143 2496 2201 in
2562 2141 2676 2202 hoc

429 2265 609 2324 opere
655 2263 818 2319 cura,
864 2263 998 2304 cum
1044 2245 1246 2304 orbem
1293 2247 1589 2303 terrarum
1637 2243 1768 2303 urbi
1819 2242 2212 2319 spectandum
2257 2244 2677 2321 propositurus

372 2389 377 2394 -
430 2353 615 2420 esset,
684 2365 915 2408 errasse
984 2349 1116 2424 quis
1176 2345 1385 2406 credat
1445 2350 1504 2404 et
1564 2364 1697 2405 cum
1761 2363 1832 2407 eo
1895 2346 2093 2405 divum
2168 2346 2551 2423 Augustum?
2626 2347 2675 2407 is

431 2470 687 2529 namque
733 2450 1097 2528 complexam
1147 2467 1281 2510 eum
1333 2449 1630 2526 porticum
1690 2468 1762 2509 ex
1809 2449 2206 2509 destinatione
2251 2455 2313 2510 et
2357 2456 2675 2511 comment·

430 2555 569 2615 ariis
630 2555 706 2614 M.
750 2553 1059 2630 Agrippae
1120 2570 1156 2611 a
1213 2569 1417 2612 sorore
1479 2552 1609 2612 eius
1655 2551 1990 2613 inchoatam
2038 2551 2322 2631 peregit.“
2418 2554 2510 2613 Ex
2555 2571 2677 2630 quo

428 2660 682 2735 apparet
726 2655 1055 2732 Agrippam
1115 2658 1346 2714 tantum
1406 2654 1606 2731 operis
1661 2661 1959 2731 apparatu
2006 2655 2332 2715 constituto
2379 2659 2677 2715 mortuum

429 2777 579 2836 esse,
623 2757 840 2818 deinde
886 2775 1037 2834 opus
1070 2776 1332 2817 sororem
1368 2758 1592 2817 Pollam
1626 2758 1959 2834 incohasse,
2004 2762 2306 2832 postremo
2338 2757 2676 2834 Augustum

428 2866 531 2921 aut
576 2860 651 2921 ob
698 2861 824 2919 eius
868 2866 1114 2920 mortem
1162 2863 1268 2919 aut
1313 2859 1388 2920 ob
1434 2859 1609 2918 aliam
1659 2876 1898 2918 causam
1946 2857 2289 2918 incohatum
2335 2858 2675 2935 perfecisse.

602 2962 771 3036 Quae
818 2963 863 3020 si
914 2979 1045 3020 cum
1094 2960 1179 3020 eis
1225 2977 1655 3036 comparamus,
1701 2978 1856 3036 qnae
1903 2960 1938 3027 ,ξ
1969 2964 2049 3021 46
2096 2961 2323 3037 scripta
2364 2960 2673 3021 inveniun-

428 3069 546 3142 tur,
589 3062 998 3142 quaerendnm
1043 3062 1285 3122 videtur
1320 3079 1453 3122 csse
1496 3063 1640 3122 hoc:
1688 3080 1826 3121 num
1861 3066 1996 3139 post
2024 3063 2316 3139 porticum
2349 3062 2673 3139 perfectam

431 3167 836 3228 commentarii
895 3165 981 3224 illi
1044 3164 1184 3226 editi
1251 3165 1369 3225 sint
1430 3182 1624 3241 aeque
1684 3170 1864 3242 atque
1924 3166 2191 3241 porticus
2251 3183 2326 3224 ex
2380 3165 2674 3224 communi

431 3271 762 3348 principum
826 3269 1031 3329 labore
1093 3268 1250 3328 orti?
1326 3286 1462 3327 num
1525 3266 1582 3326 hi
1641 3267 2047 3326 commentarii
2105 3265 2260 3325 idem
2330 3267 2450 3325 sint
2507 3265 2675 3337 liber,

432 3392 609 3451 quem
640 3372 870 3432 Plinius
915 3371 1025 3431 sub
1053 3371 1361 3447 Agrippae
1409 3370 1647 3429 nomine
1686 3368 1746 3428 in
1778 3368 2192 3445 geographicis
2221 3368 2402 3428 rebus
2431 3367 2677 3429 laudare

430 3475 623 3537 solet?
696 3490 835 3533 num
893 3472 992 3532 hic
1054 3474 1207 3533 liber
1266 3471 1420 3532 idem
1482 3472 1558 3531 sit
1620 3476 1800 3547 atque
1853 3470 1954 3530 ille
2014 3470 2300 3549 Augusti,
2357 3472 2527 3532 cuius
2580 3491 2677 3532 ar·

432 3581 777 3653 gumentum
825 3576 859 3645 §
892 3579 973 3637 46
1018 3574 1438 3652 significatur?

603 3680 957 3755 Priusquam
1004 3682 1199 3738 autem
1248 3675 1326 3736 ad
1386 3678 1632 3754 primam
1693 3676 2100 3752 quaestionem
2162 3675 2535 3737 tractandam
2582 3694 2676 3736 ac-

433 3781 746 3856 cedamus,
805 3799 955 3858 opns
999 3787 1120 3858 est,
1182 3786 1250 3841 ut
1306 3798 1739 3858 cognoscamus
1815 3780 1957 3857 quid
2028 3780 2134 3840 sibi
2196 3779 2341 3839 velit
2400 3780 2498 3838 illa
2558 3798 2676 3839 vox

436 3884 611 3944 Plinii
684 3902 794 3955 „ex
857 3882 1254 3943 destinatione
1314 3890 1374 3943 ct
1418 3883 1859 3944 commentariis
1904 3872 2256 3960 Agrippae.“
2345 3881 2679 3958 Philippius

434 3988 608 4064 enim,
651 4005 827 4064 quem
862 3984 1246 4046 Detlefsenus
1291 3989 1533 4046 secutus
1579 3992 1688 4060 est,
1733 3984 1885 4044 hanc
1931 4003 2140 4044 vocem
2189 4003 2305 4044 non
2354 3983 2428 4043 ad
2475 3985 2678 4060 operis

609 4221 622 4251 ¹
684 4215 890 4271 Comm.
928 4218 1102 4286 epigr.
1140 4218 1162 4271 1
1202 4233 1254 4285 p.
1299 4220 1409 4270 196.

606 4304 652 4368 ²)
686 4302 721 4355 l.
759 4302 794 4356 l.
832 4319 886 4372 p.
923 4307 1004 4356 32.
