3166 4871
591 298 707 358 140
1567 289 1830 345 zacher

584 490 641 532 n.
690 468 851 528 1715
899 457 1340 549 Ἑκατόμβαια
1401 464 1544 549 τρίς
1604 472 1665 529 et
1711 455 2215 545 Ἑκατομβαιών
2265 469 2326 528 iu
2382 469 2569 529 titulis
2614 469 2826 528 Atticis

584 575 662 635 01
706 575 752 652 1,
795 592 852 650 p.
904 570 1043 651 132,
1087 570 1126 630 6
1195 563 1326 652 Τὴν
1371 565 1442 631 δὲ
1497 566 1838 651 μίσθωσιν
1897 556 2297 629 ἀποδιδόναι
2355 567 2480 628 τοῦ
2511 558 2826 648 Ἑκατομ-

582 673 877 748 βαιῶνος
920 665 1129 756 μηνός
1174 686 1233 736 et
1277 695 1332 752 p.
1369 673 1506 753 141,
1558 672 1635 731 14
1702 662 1835 752 Τὴν
1885 667 2010 751 μὲν
2066 660 2341 752 ἡμίσεαι)
2395 666 2468 731 ἐν
2514 670 2613 751 τῷ
2647 661 2827 732 Ἑκα-

584 775 948 856 τομβαιῶνι
994 775 1140 838 κτλ.
1229 778 1360 839 UIA
1401 774 1517 835 189
1548 778 1586 837 b
1632 772 1731 836 25.
1777 772 1857 833 26
1915 769 2183 853 εἰκοστῇ
2228 772 2354 834 τοῦ
2398 765 2606 855 μηνὸς
2641 762 2825 835 (Εκα-

582 878 1019 958 τομβαιῶνος.

751 981 1154 1057 βουλαῖος
1199 981 1568 1044 diversorum
1604 981 1852 1041 deorum
1885 999 2236 1058 cognomen,
2280 981 2459 1059 Iovis,
2504 982 2827 1057 Minervae,

582 1084 915 1161 Themidis,
977 1086 1231 1160 Dianae,
1292 1088 1352 1144 et
1403 1104 1439 1144 a
1498 1073 1708 1164 βουλή
1752 1088 1812 1143 et
1857 1102 1891 1142 a
1936 1073 2335 1161 βουλεύομαι
2382 1088 2579 1160 potest
2622 1084 2828 1160 repeti.

584 1189 638 1248 A
682 1176 891 1266 βουλή
923 1188 1159 1248 videtur
1197 1187 1528 1247 derivatum
1561 1204 1892 1262 cognomen
1924 1187 2084 1246 Iovis
2115 1190 2175 1246 et
2206 1187 2529 1262 Minervae,
2573 1204 2827 1264 quorum

583 1294 814 1350 statuae
871 1291 930 1350 in
990 1289 1326 1349 buleutelio
1390 1287 1839 1348 Atheniensium
1902 1291 2098 1364 erant,
2158 1287 2403 1365 Antiph.
2448 1307 2505 1364 p.
2556 1282 2701 1365 146,
2746 1284 2826 1344 34

584 1387 713 1453 Καὶ
758 1384 832 1450 ἐν
877 1376 1063 1469 αὐτῷ
1108 1385 1566 1471 βουλευτηρίῳ
1614 1380 1766 1460 Διὸς
1821 1384 2149 1464 βουλαίου
2191 1385 2305 1448 καὶ
2349 1376 2628 1469 ,Ἀθηνᾶς
2671 1386 2824 1462 βου-

584 1489 774 1563 λαὶας
819 1483 1005 1573 ἱερόν
1048 1487 1202 1553 ἐστι.
1296 1493 1383 1554 cf.
1429 1495 1606 1553 Paus.
1657 1491 1709 1570 1,
1755 1488 1810 1570 3,
1856 1490 1911 1552 4.
1972 1492 2089 1553 Sed
2134 1494 2329 1569 possis
2373 1493 2551 1553 etiam
2597 1492 2825 1569 opinari

583 1598 693 1656 has
752 1601 980 1656 statuas
1039 1613 1167 1655 eam
1229 1595 1304 1654 ob
1361 1613 1598 1654 causam
1664 1594 1747 1654 sic
1795 1612 1925 1654 esse
1971 1595 2331 1672 appellatas,
2390 1595 2552 1672 quod
2601 1595 2695 1655 dei
2744 1596 2857 1653 illi-

581 1702 827 1759 senatus
872 1697 1180 1774 praesides
1227 1698 1337 1775 ipsi
1383 1697 1642 1773 quodam
1690 1696 1864 1757 modo
1911 1715 2043 1756 cum
2091 1715 2162 1757 eo
2205 1698 2610 1758 consulerent.
2682 1699 2825 1757 Ver-

581 1801 714 1861 bale
760 1803 922 1859 certe
968 1803 1059 1859 est
1104 1801 1162 1859 in
1195 1800 1284 1859 tit.
1317 1798 1393 1859 CI
1423 1800 1467 1876 1,
1509 1817 1566 1875 p.
1601 1794 1722 1856 588
1770 1795 1959 1857 θεῶν
2001 1796 2324 1872 βουλαϊον
2369 1783 2686 1858 ἀνάκτων
2716 1816 2825 1876 pro

583 1893 997 1980 σύμβουλον,
1061 1902 1480 1962 consiliarium.
1585 1903 1779 1962 Etiam
1850 1902 2079 1963 Dianae
2146 1920 2479 1979 cog-nomen
2547 1897 2829 1975 βουλαία

581 2006 684 2079 (01
751 2002 895 2082 113,
961 2003 1060 2078 15)
1130 2005 1217 2066 sic
1278 1986 1539 2065 videtur⁴
1595 2005 2050 2083 explicandum,
2110 2006 2393 2081 quoniam
2453 2005 2659 2064 eadem
2726 2022 2826 2063 vo-

583 2114 755 2169 catur
819 2092 1290 2187 Άριστοβούλη
1354 2108 1533 2175 (Plut.
1590 2108 1801 2166 Them.
1846 2103 1971 2179 22).
2062 2109 2153 2167 De
2198 2108 2417 2168 ceteris
2461 2108 2645 2184 locis,
2688 2126 2744 2183 q.
2773 2126 2827 2166 v.

583 2229 679 2287 ap.
724 2210 926 2287 Steph.
971 2212 1142 2287 thes„
1186 2228 1305 2270 non
1350 2209 1545 2270 audeo
1581 2209 1882 2287 judicare.

751 2306 1180 2392 γαληναίη
1236 2330 1348 2390 pro
1409 2301 1667 2390 γαλήνη
1725 2311 1859 2395 ΑΡ..
1898 2312 2008 2371 Rh.
2068 2310 2217 2389 Opp.
2265 2311 2467 2389 Antip.
2526 2313 2585 2371 in
2646 2312 2826 2372 Anth.

583 2415 732 2475 Lob.
777 2416 963 2492 paral.
1009 2435 1066 2493 p.
1100 2410 1240 2475 310.
1283 2445 1370 2456 —
1411 2411 1890 2494 γαληνατος
1950 2418 2148 2475 utrum
2205 2429 2283 2475 ex
2332 2403 2585 2496 γαλήνη
2632 2432 2708 2477 an
2756 2433 2826 2476 ex

579 2506 870 2596 γαληνός
929 2517 1292 2594 derivatum,
1358 2516 1615 2577 dubitari
1681 2518 1838 2577 licet.
1939 2517 2058 2596 Sed
2122 2523 2182 2577 et
2242 2517 2303 2577 in
2363 2519 2544 2577 Anth.
2591 2515 2660 2597 7,
2704 2515 2824 2574 640

581 2614 919 2699 γαληυαὶφ
964 2603 1078 2678 ὕπ’
1124 2603 1396 2697 ὀλέθρῳ
1442 2624 1502 2678 et
1547 2620 1624 2679 ib.
1673 2617 1769 2698 10,
1813 2616 1881 2675 21
1955 2609 2175 2698 Κύπρι
2231 2615 2557 2700 γαληναίη
2617 2626 2678 2681 et
2733 2640 2828 2699 ap.

581 2723 781 2782 Noun.
826 2721 1001 2782 Dion.
1048 2718 1147 2800 35,
1179 2719 1302 2779 355
1344 2716 1694 2801 γαληναὶφ
1740 2710 2046 2799 Διονύσῳ
2080 2722 2229 2781 illud
2260 2721 2516 2783 fortasse
2547 2727 2829 2801 praestat.

753 2818 866 2884 49.
954 2817 1405 2903 γαστραία·
1462 2811 1504 2902 ἡ
1549 2819 1898 2904 γογγυλίς·
1945 2814 2280 2896 Λάκωνες.
2352 2826 2614 2902 Hesych.
2662 2828 2827 2887 Deri-

583 2931 786 2987 vatum
831 2927 1072 2987 videtur
1116 2947 1154 2986 a
1197 2916 1475 3005 γάστρα,
1532 2927 1697 3004 quod
1752 2928 2106 3006 plerumque
2152 2928 2227 2988 de
2272 2932 2483 2989 ventre
2528 2930 2689 2988 vasis
2735 2929 2826 2988 vel

586 3031 756 3089 navis
801 3030 1037 3105 dicitur,
1083 3030 1190 3090 sed
1235 3049 1271 3088 a
1316 3030 1810 3090 Lacedaemoniis
1854 3029 1932 3090 de
1977 3049 2128 3109 rapa
2162 3031 2385 3090 dictum
2419 3049 2548 3090 esse
2577 3034 2827 3091 testatur

583 3132 933 3192 Athenaeus
981 3128 1037 3208 9,
1083 3128 1206 3190 369
1237 3132 1322 3193 A:
1383 3127 1783 3211 γογγυλίδας
1831 3116 2148 3204 ,Ἀπόλλας
2179 3179 2193 3193 .
2225 3178 2239 3194 .
2272 3177 2285 3192 .
2328 3121 2465 3192 ὑπὸ
2510 3127 2826 3193 Λακεδαι-

582 3228 842 3310 μονίων
874 3228 1198 3314 γαστέρας
1242 3229 1404 3315 φησὶ
1450 3234 1844 3294 καλεῖσθαι·
1888 3229 2272 3315 Νίκανδρος
2317 3220 2377 3294 <5³
2422 3222 2458 3294 ὁ
2500 3225 2827 3312 Κολοφώ-

582 3351 728 3405 νιος
773 3329 847 3394 ἐν
890 3343 1037 3408 ταῖς
1083 3326 1430 3409 Γλώσσαις
1471 3327 1660 3416 παρὰ
1688 3336 2021 3408 Βοιωτοῖς
2058 3328 2346 3416 γάστρας
2375 3322 2828 3415 ὀνομάζεσθαι

583 3427 702 3507 τὰς
744 3428 1057 3516 κράμβας,
1101 3429 1218 3510 τὰς
1262 3434 1334 3498 δὲ
1377 3434 1779 3519 γογγυλίδας
1823 3434 2247 3515 gamat-[dags
2310 3441 2410 3501 uhi
2458 3442 2624 3501 Eust.
2667 3445 2827 3501 utro·

586 3540 768 3618 bique
817 3536 1174 3620 γαστέρας·
1220 3543 1376 3620 Epit.
1422 3543 1552 3602 cod.
1603 3544 1737 3602 Par.
1783 3536 2107 3622 γαστέρας
2136 3585 2151 3602 .
2182 3586 2196 3602 .
2227 3588 2241 3604 .
2289 3532 2599 3622 γάστρας,
2688 3533 2861 3604 00ᾱῖ

585 3644 736 3703 Ven.
767 3638 1177 3722 γαστέρας..
1209 3689 1222 3704 .
1252 3655 1538 3723 γαστεας
1583 3643 1738 3722 (sic),
1784 3645 1945 3723 quod
1991 3646 2049 3705 in
2097 3645 2459 3723 apographis
2503 3646 2563 3705 in
2608 3640 2829 3724 γαστέ-

585 3761 705 3823 ρας
753 3750 1043 3807 mutatum
1090 3748 1196 3806 est.
1285 3747 1465 3806 Diud.
1508 3748 1690 3807 scribi
1725 3747 1903 3826 jubet
1946 3743 2323 3826 γαστραίας.
2411 3749 2504 3808 Ex
2538 3748 2831 3808 Athenaei

586 3849 722 3908 loco
754 3850 830 3907 M.
862 3847 1129 3908 Schmidt
1165 3850 1223 3907 in
1257 3849 1544 3926 Hesychii
1591 3850 1794 3928 glossa
1833 3843 2172 3930 γαστορίς·
2218 3845 2546 3929 γογγυλίς.
2596 3839 2826 3910 Λάκω-

491 3985 504 3992 -
587 3965 710 4019 νες.
759 3936 799 4027 ἢ
846 3939 1106 4030 κράμβη
1151 3967 1262 4029 pro
1308 3947 1627 4031 γαστορίς
1670 3953 1872 4030 posuit
1916 3942 2191 4031 γάστρα.

756 4054 1132 4129 γενναῑσς
1176 4053 1349 4113 Hom.
1393 4053 1535 4113 Hdt.
1581 4056 1703 4114 Att.
1747 4083 1832 4096 —-
1876 4049 2445 4134 φιλογένναιος
2492 4057 2660 4133 Diog.
2706 4057 2774 4115 L.

755 4142 1097 4231 γύναιος
1152 4157 1323 4216 Hom.
1368 4154 1555 4233 Orph.
1602 4158 1745 4235 Arg.
1789 4185 1871 4200 -——-
1919 4145 2281 4235 γύναιον,
2345 4157 2507 4236 quod
2562 4158 2698 4219 inde
2752 4157 2827 4218 ab

586 4255 892 4335 Aristoph.
952 4260 1012 4317 et
1055 4257 1456 4320 Demosthene
1512 4259 1590 4319 ad
1648 4259 2099 4338 significandam
2161 4260 2597 4342 mulierculam,
2653 4259 2827 4322 modo
