3166 4871
528 278 647 341 192

522 454 745 513 moriae
777 454 1076 530 proditum
1125 459 1233 528 est,
1278 452 1503 512 fabella
1532 450 1814 511 addenda
1858 457 1949 512 est
1995 452 2070 511 ab
2117 452 2429 511 Athenaeo
2475 469 2508 509 e
2539 452 2764 526 Lyncei

522 554 695 615 Samii
752 539 1435 634 ἀπομνημονεύμασιν
1486 553 1709 614 tradita
1762 554 1920 624 XIII,
1963 549 2117 615 584¹l
2189 538 2651 631 3,Ἀνδρονίκου
2696 547 2765 611 δὲ

522 655 644 716 τοῦ
705 652 1062 736 τραγῳδοῦ
1126 641 1240 715 ἀπ’
1290 641 1553 735 ἀγῶνος
1605 673 1816 728 τινος,
1902 649 1974 715 ἐν
2035 637 2092 734 (ᾗ
2160 646 2321 726 τοὺς
2384 640 2768 732 Ἐπιγόνους

521 749 1052 838 ὑποκρινόμενος
1130 743 1559 839 εὐημερήκει,
1648 753 1871 818 πίνειν
1946 752 2314 836 μέλλοντος
2386 743 2544 835 παρ’
2602 742 2769 833 αὐτῇ

522 857 939 940 (Γναθαίνῃ)
1008 856 1122 921 καὶ
1186 859 1313 921 τοῦ
1385 851 1631 932 παιδὸς
1716 846 2114 931 κελεύοντος
2182 850 2306 941 τὴν
2373 846 2769 920 Γνάθαιναν

521 962 1001 1045 προαναλῶσαι

774 1052 1101 1145 ,Όλόμενε
1153 1061 1418 1127 παίδων
1465 1058 1638 1147 (ἔφη)
1685 1074 1896 1127 ποῖον
1939 1060 2206 1146 εἴρηκας
2251 1055 2514 1144 λόγον.“

522 1170 869 1232 Tribucnda
944 1175 1085 1230 sunt
1161 1170 1309 1230 haec
1382 1170 1568 1230 verba
1630 1169 1985 1248 Eriphylae,
2059 1169 2404 1246 Amphiarai
2466 1169 2640 1228 uxori
2706 1170 2762 1227 in

524 1274 806 1349 Aeschyli
876 1278 980 1332 aut
1041 1272 1351 1351 Sophoclis
1411 1274 1721 1350 Epigonis.
1832 1275 1919 1332 De
1984 1270 2334 1332 Andronico
2409 1271 2763 1332 Gnathaenii

525 1376 859 1436 meretricis
904 1379 1167 1435 amatore
1215 1376 1565 1436 Athenaeus
1627 1395 1658 1434 c
1719 1374 2030 1436 Machonis
2083 1367 2397 1452 „xoelatff
2449 1373 2765 1434 memoriae

525 1477 820 1556 quaedam
867 1477 1071 1555 prodit
1113 1478 1576 1556 x111,5810-0;
1623 1476 1837 1538 ibidem
1888 1476 2295 1537 Andronicum
2344 1481 2516 1536 extra
2559 1476 2763 1537 urbem

529 1581 760 1640 fabulas
795 1580 986 1656 egisse
1021 1585 1081 1640 et
1111 1579 1382 1641 Corinthi
1412 1584 1716 1641 versatum
1749 1597 1880 1640 esse
1923 1578 2205 1639 traditum
2240 1568 2457 1652 (ητότε
2490 1563 2550 1637 δ’
2570 1566 2770 1650 ὄντος

526 1676 600 1743 ἐν
648 1667 1024 1763 άποδημίᾳ“
1081 1727 1096 1743 .
1142 1727 1156 1743 .
1200 1680 1271 1759 .);
1345 1683 1641 1743 theatrum
1676 1682 1940 1743 Corinthi
1978 1681 2091 1742 suit
2119 1687 2269 1742 teste
2300 1682 2446 1741 Xen.
2478 1680 2635 1742 Heli.
2667 1682 2766 1750 lv,

525 1790 643 1864 4‚3
683 1786 806 1864 jam
856 1805 909 1846 a.
955 1788 1096 1847 393.

700 1888 949 1965 Saepius
972 1906 1150 1966 quam
1184 1888 1502 1965 quisquam
1536 1905 1610 1947 ex
1635 1886 1884 1965 reliquis
1907 1888 2103 1964 quarti
2136 1887 2356 1946 saeculi
2380 1886 2767 1947 histrionibus

524 2010 560 2051 a
603 1990 1016 2067 scriptioribus
1062 1994 1424 2051 memoratur
1463 1988 1894 2050 Theodorus
1938 1989 2382 2068 tragoediarum
2431 1993 2613 2060 actor,
2660 1988 2762 2066 qui

525 2112 754 2154 summo
787 2093 1028 2170 ingenio
1060 2099 1247 2154 artem
1295 2110 1462 2152 snam
1495 2093 1835 2153 exercuisse
1882 2093 2137 2152 videtur.
2225 2091 2462 2152 Crebris
2490 2091 2767 2152 laudibus

526 2198 772 2255 effertur
816 2214 851 2254 a
894 2195 1222 2256 Plutarcho
1269 2196 1580 2256 Moralium
1631 2194 1778 2255 loeis
1822 2195 2033 2272 partim
2083 2195 2200 2269 jam
2246 2211 2431 2270 snpra
2477 2193 2765 2254 laudatis:

528 2298 602 2358 de
661 2298 807 2374 glor.
869 2296 1085 2357 Athen.
1137 2302 1201 2359 6:
1267 2328 1402 2375 ‚,—
1462 2291 1764 2376 τραγικοὶ
1832 2281 1893 2354 δ’
1950 2281 2181 2367 αὐτοῖς
2237 2282 2595 2375 ὑποκριταὶ
2654 2290 2768 2355 καὶ

528 2384 978 2477 Νικόστρατοι
1029 2445 1041 2459 .
1092 2446 1104 2459 .
1157 2446 1167 2458 .
1216 2394 1328 2459 καὶ
1380 2389 1722 2479 Θεόδωροι
1771 2393 1879 2459 καὶ
1928 2393 2157 2460 Πῶλοι
2208 2393 2584 2460 συνίτωσαν
2632 2446 2643 2458 .
2699 2399 2767 2477 .“,

528 2502 604 2561 de
635 2520 698 2561 se
730 2503 839 2578 ips.
869 2504 999 2562 citr.
1029 2504 1150 2562 inv.
1187 2508 1294 2564 17:
1341 2548 1398 2573 ,,.
1449 2549 1460 2560 .
1511 2490 1663 2561 οἷον
1694 2489 1731 2561 ὁ
1776 2498 1920 2561 τῶν
1949 2496 2348 2581 τραγῳδιῶν
2379 2488 2765 2582 ὑποκριτὴς,

533 2589 885 2681 Θεόδωρος
930 2596 1143 2663 εἰπεῖν
1187 2621 1354 2664 ποτε
1397 2595 1569 2683 πρὸς
1612 2589 1738 2663 τὸν
1783 2594 2087 2682 κωμικὸν
2134 2598 2388 2682 λέγεται
2429 2592 2768 2682 Σάτυρον,

529 2692 620 2777 ὡς
665 2692 748 2764 οὐ
789 2697 1188 2785 θαυμαστόν
1231 2700 1369 2767 ἐστι
1426 2696 1508 2766 τὸ
1553 2703 1759 2786 γελᾶν
1802 2714 2025 2766 ποιεῖν
2078 2692 2238 2779 τούς
2282 2696 2550 2779 θεατὰς,
2597 2691 2771 2766 ἀλλὰ

526 2794 607 2867 to*
654 2798 968 2888 δακρύειν
1014 2804 1124 2869 καὶ
1170 2804 1430 2869 κλαίειν
1478 2858 1487 2867 .
1538 2857 1549 2868 .
1604 2804 1653 2867 .“
1698 2828 1896 2888 praec.
1943 2828 2066 2887 ger.
2110 2811 2256 2888 reip.
2299 2815 2407 2872 21:
2454 2796 2770 2882 ,Ἄτοπον

531 2900 655 2991 γάρ
699 2904 871 2985 ἐστι,
920 2898 1046 2971 τὸν
1090 2905 1213 2991 μὲν
1258 2905 1331 2972 ἐν
1373 2907 1715 2995 τραγῳδίᾳ
1757 2898 2359 2992 πρωταγωνιστὴν,
2408 2903 2770 2992 Θεόδωρον

526 3000 568 3092 ἢ
616 3011 863 3073 Πῶλον
921 3001 1119 3104 ὄντα,
1184 3012 1513 3095 μισθωτῶ
1567 3012 1665 3095 τῶ
1728 3002 1816 3075 τὰ
1873 3011 2064 3096 τρίτα
2125 3009 2388 3095 λέγοντι
2441 3005 2772 3087 πολλάκις

530 3106 811 3176 ἕπεσθαι
856 3111 970 3176 καὶ
1013 3112 1679 3197 προσδιαλέγεσθαι.“

705 3220 872 3296 Item,
915 3221 964 3280 si
1010 3225 1171 3281 recte
1220 3239 1284 3280 se
1331 3221 1555 3281 habeut
1599 3240 1757 3297 quae
1804 3221 2089 3281 Aelianus
2132 3217 2278 3293 (var.
2316 3221 2451 3281 hist.
2480 3220 2635 3291 XIV,
2663 3222 2769 3285 40)

530 3325 797 3400 enarrat,
859 3322 934 3383 ad
980 3322 1364 3384 Theodorum
1429 3329 1521 3383 est
1578 3322 1959 3383 referendum
2029 3322 2193 3402 quod
2253 3323 2612 3383 Plutarchus
2671 3321 2772 3396 (de

529 3423 704 3483 Alex.
749 3424 884 3484 virt.
916 3424 988 3496 11,
1025 3430 1056 3485 1
1107 3429 1166 3486 et
1210 3426 1483 3504 Pelopid.
1531 3428 1634 3486 vit.
1685 3444 1734 3486 c.
1765 3423 1871 3497 29)
1917 3425 2145 3503 profert
2188 3426 2493 3487 histrionis
2533 3427 2771 3488 nomine

532 3526 767 3586 omisso.
856 3525 1091 3600 Quibus
1148 3528 1294 3588 locis
1339 3528 1544 3589 eadem
1595 3532 1792 3590 exstat
1851 3528 1927 3590 de
1972 3528 2320 3590 Alexandro
2365 3530 2767 3590 Pheraeorum

532 3632 792 3703 tyranno
823 3630 1104 3708 narratio,
1149 3649 1324 3709 quam
1359 3630 1645 3692 Aelianus
1675 3633 1712 3691 l.
1743 3631 1782 3691 1.
1813 3631 1905 3692 his
1950 3631 2073 3691 edit
2104 3631 2326 3691 verbis:
2370 3620 2770 3709 ,βεοδῶρου

532 3722 602 3789 δὲ
646 3725 770 3789 τοῦ
814 3727 934 3810 τῆς
993 3722 1370 3812 τραγῳδίας
1433 3715 1815 3811 ὑποκριτοῦ
1860 3732 1988 3806 (ms.
2032 3731 2351 3812 ποιητοῦ)
2409 3721 2772 3812 ὑποκρινο-

529 3826 740 3910 μένου
800 3824 924 3914 τὴν
983 3820 1304 3915 ,Ἀερόπην
1365 3827 1629 3915 σφόδρα
1695 3829 2046 3914 ἐμπαθῶς,
2123 3822 2161 3895 ὁ
2225 3830 2297 3896 δὲ
2360 3830 2452 3908 εἰς
2513 3823 2772 3915 δάκρυα

465 3952 474 3960 ·
531 3928 860 4011 ἐξέπεσεν,
918 3926 1060 3997 εἶτα
1116 3930 1429 4018 ἐξανέστη
1487 3937 1613 3998 τοῦ
1673 3928 1989 4017 θεάτρου.
2094 3922 2649 4018 Ἀπολογούμενος
2700 3932 2769 3998 δὲ

534 4030 717 4117 ἔλεγε
776 4037 875 4119 τῷ
936 4027 1303 4119 Θεοδώρῳ,
1361 4028 1452 4112 ὡς
1510 4027 1597 4100 οὗ
1658 4032 2174 4122 καταφρονήσας
2236 4026 2393 4100 οὐδὲ
2451 4026 2773 4120 ἀτιμάσας

531 4127 744 4201 αὐτὸν
800 4130 1028 4222 ᾤχετο,
1087 4127 1237 4202 ἄλλ’
1288 4133 1714 4222 αἰδούμενος,
1759 4136 1817 4203 εἰ
1874 4134 1960 4203 τὰ
2015 4140 2138 4223 μὲν
2181 4140 2324 4203 τῶν
2382 4133 2773 4221 ὑποκριτῶν

531 4230 727 4324 πάθη
773 4234 913 4318 οἷός
956 4263 1026 4306 τε
1072 4226 1159 4326 ἧν
1203 4239 1435 4321 ἐλεεῖν,
1478 4238 1564 4306 τά
1610 4242 1679 4306 δὲ
1723 4244 1865 4306 τῶν
1910 4237 2155 4308 ἑαυτοῦ
2218 4243 2523 4305 πολιτῶν
2568 4232 2771 4326 οὐχί.“
