3166 4871
950 266 1038 322 De
1070 265 1276 321 nomin.
1310 266 1369 320 in
1404 283 1568 331 -αιος,
1637 266 1671 336 5
1705 269 1787 319 34.
2406 270 2523 332 103

281 441 584 521 producta
643 443 1014 504 substantiva
1077 445 1382 506 abstracta
1441 444 1500 505 in
1567 461 1627 523 η.
1716 443 1811 504 Ab
1873 442 2187 521 adJectivis
2248 445 2527 522 oxytouis

276 545 582 607 abstracta
610 545 964 625 plerumque
995 547 1292 624 barytona
1321 547 1661 608 ducuntur:
1706 534 1971 620 στιλβός
2002 540 2256 626 στίλβη,
2283 536 2526 625 ταγγός

277 636 514 728 τάγγη,
560 637 769 720 κακός
797 638 990 729 κάκη,
1033 638 1379 720 σπαταλός
1409 638 1738 730 σπατάλη,
1767 638 2019 727 θερμός
2050 643 2286 728 θέρμη,
2330 648 2523 729 γαλη-

278 738 395 820 νός
441 740 742 831 γαλήνη,
802 736 1056 830 ὄρφνός
1101 738 1348 833 ὄρφνη,
1411 740 1654 831 ἐχθρός
1698 743 1938 830 ἔχθρα,
2001 741 2245 831 λεπρός
2290 746 2525 831 λέπρα,

276 842 631 933 φαλακρός
688 842 1029 934 madasca,
1095 844 1355 934 ψυχρός
1411 843 1663 934 ψύκοα,
1727 843 1960 934 ψωοός
2014 843 2248 934 wespa,
2313 839 2527 934 ὦχρός

277 940 489 1034 ὥχρα,
544 945 829 1031 βλαστός
870 946 1155 1037 βλάστη,
1213 947 1497 1035 βραγχός
1539 946 1806 1037 βράγχη.
1893 957 2030 1018 ΑΙί8
2084 956 2144 1018 id
2188 976 2382 1034 genus
2424 958 2524 1018 ab·

275 1061 504 1118 stracta
547 1076 683 1120 esse
711 1059 993 1120 videntur
1033 1047 1395 1139 ἆμαρτωλή
1439 1048 1741 1138 φειδωλή
1788 1048 2046 1140 δοκιμή,
2089 1044 2280 1139 ὀδμή,
2322 1060 2522 1140 γηθο-

277 1149 477 1240 σύνη,
539 1150 886 1242 ἱπποσύνῃ
942 1166 1003 1223 et
1055 1168 1168 1223 cet.
1212 1163 1273 1223 in
1320 1174 1558 1242 -συνη,
1614 1152 1906 1242 πινυτή;
1971 1179 2126 1239 quae
2172 1182 2357 1240 quum
2403 1182 2522 1225 non

275 1263 465 1323 solius
520 1263 725 1325 suffixi
779 1265 823 1323 ᾶ
880 1283 993 1342 ope
1046 1265 1302 1326 formata
1359 1265 1504 1344 siut,
1563 1266 1671 1326 sed
1731 1266 1775 1324 ᾶ
1832 1265 2073 1326 affixum
2135 1266 2390 1326 habeant
2445 1267 2523 1327 ad

276 1364 531 1440 -ωλ(ο),
571 1365 759 1445 ·μ(ο),
803 1364 1072 1442 -συν(ο),
1116 1366 1301 1442 -ν(ο),
1345 1366 1521 1446 -τ(ο),
1565 1368 1926 1450 documento
1971 1374 2141 1448 sunt,
2187 1388 2263 1430 cx
2307 1372 2524 1447 quovis

274 1473 695 1530 concretorum
738 1488 962 1552 genere
1004 1489 1114 1548 per
1158 1469 1202 1530 ἅ
1245 1470 1528 1532 suffixum
1583 1470 1845 1532 derivari
1892 1472 2158 1549 potuisse
2201 1472 2524 1533 abstracta.

275 1570 555 1632 Ceterum
600 1572 664 1633 in
708 1585 895 1653 συνη·
918 1590 1007 1653 μη
1050 1577 1114 1634 et
1157 1591 1238 1653 τη
1294 1573 1471 1634 etiam
1524 1574 1643 1634 alia
1684 1572 1984 1650 permulta
2026 1574 2330 1636 abstracta
2372 1575 2522 1636 desi-

277 1679 462 1751 nunt,
507 1693 762 1752 quorum
807 1675 1026 1737 similia
1070 1675 1372 1755 adJectiva
1414 1694 1535 1737 nou
1581 1681 1847 1737 exstant:
1907 1662 2521 1758 ἇβροσύνη,,ἇδρο·

276 1765 468 1857 σύνη,
516 1762 931 1858 ἇληθοσύνη,
972 1763 1384 1859 ἄλημοσύνη,
1416 1767 1964 1860 συγγνωμοσύνη,
1995 1769 2403 1860 δαιτροσύνη
2432 1781 2524 1858 81.,

273 1868 532 1960 γνώμη,
577 1869 811 1960 δυσμή,
858 1870 1204 1962 ἐπιστήμη,
1232 1870 1424 1962 λύμη,
1452 1870 1694 1962 μνήμη,
1723 1867 1894 1962 ὁρμή
1921 1882 2015 1960 ab,
2059 1866 2284 1962 αόετή,
2329 1867 2520 1962 ἀυτή,

275 1970 495 2061 βιοτή,
539 1973 796 2062 γενετή,
842 1972 1010 2064 λιτή,
1051 1977 1317 2064 μελέτη,
1360 1972 1617 2063 τελετή,
1670 1974 1944 2062 τελευτή
1991 1983 2093 2059 (cf.
2119 1985 2222 2045 lat.
2263 1986 2524 2060 defensa

274 2084 518 2158 offensa
561 2088 816 2161 repulsa
858 2079 1166 2166 ασοωεα)ε
1227 2090 1287 2147 et
1335 2102 1461 2164 μος
1505 2090 1565 2147 et
1609 2102 1726 2157 τος
1781 2088 2246 2148 masculinorum
2304 2087 2526 2148 suffixa

276 2191 338 2247 et
381 2187 515 2265 ipsa
557 2189 862 2250 abstracta
905 2190 1335 2268 significatione
1379 2191 1467 2254 uti
1512 2177 1700 2267 ὤρη
1743 2189 2014 2250 vidimus.
2086 2191 2359 2251 Incertus
2393 2209 2523 2251 esse

277 2291 472 2369 possis
518 2290 594 2352 de
638 2292 991 2369 quibusdam
1036 2292 1353 2353 abstractis
1395 2293 1455 2352 in
1500 2309 1569 2350 ια
1616 2296 1683 2352 ut
1734 2275 1916 2352 ὁσία
1973 2287 2260 2372 νηπία,
2323 2298 2520 2354 utrum

275 2411 390 2471 per
448 2393 731 2456 suffixum
790 2394 835 2454 ἅ
893 2395 969 2456 ab
1013 2378 1198 2467 ὅσιος
1243 2383 1511 2476 νήπιος,
1569 2413 1647 2457 an
1707 2413 1819 2474 per
1876 2396 2010 2458 suff.
2067 2411 2136 2457 ια
2190 2414 2265 2458 ex
2309 2390 2519 2458 horum

276 2497 715 2574 adjectivorum
759 2500 1100 2578 prototypis
1145 2497 1417 2559 derivata
1462 2498 1597 2559 sint.

446 2593 560 2662 34.
647 2600 806 2663 Satis
849 2601 1267 2662 multa·verba
1296 2600 1514 2661 fecisse
1546 2601 1684 2661 mihi
1715 2601 1924 2662 videor
1954 2606 2022 2663 ut
2049 2600 2521 2664 demonstrarem

276 2703 491 2764 salsam
535 2720 668 2764 8888
712 2702 1002 2764 Lobeckii
1047 2704 1386 2781 opinionem
1445 2704 1520 2765 de
1581 2705 1817 2765 ratione
1873 2723 1994 2781 qua
2037 2705 2339 2766 abstracta
2382 2709 2523 2765 nata

274 2808 396 2868 sint
454 2825 530 2868 ex
590 2806 904 2884 adjectivis
964 2806 1421 2884 nominibusque
1480 2807 1807 2884 concretis,
1872 2806 1980 2867 sed
2035 2807 2391 2885 plerumque
2449 2827 2521 2869 88

274 2928 399 2969 rem
444 2907 665 2969 factam
710 2927 841 2970 esse
884 2910 1001 2985 via,
1044 2927 1226 2986 quam
1255 2908 1386 2986 ipse
1415 2908 1561 2969 vidit
1590 2908 1851 2987 quidem,
1894 2908 2003 2970 scd
2045 2910 2256 2988 rejecit
2295 2930 2353 2987 p.
2379 2907 2521 2989 360,

274 3030 462 3089 quum
509 3015 961 3073 controversum
1006 3029 1139 3073 8888
1184 3010 1540 3073 confiteatur
1581 3015 1814 3090 „utrum
1860 3000 2110 3091 πινυτή
2158 3012 2318 3073 istud
2356 3012 2521 3073 femi·

275 3116 481 3175 ninum
529 3114 609 3174 sit
651 3114 933 3193 adjectivi
976 3102 1280 3187 πινυτός,
1323 3132 1402 3173 an
1449 3115 1626 3175 ambo
1670 3114 1968 3174 vocabula
2010 3116 2084 3174 ab
2126 3134 2249 3175 uua
2278 3114 2518 3191 quidem

274 3219 484 3297 stirpe,
529 3217 636 3278 sed
681 3217 921 3279 diverso
967 3219 1141 3295 quasi
1187 3219 1331 3278 nixu
1377 3217 1666 3294 nulloque
1711 3217 1867 3276 inter
1911 3234 1978 3277 88
2022 3218 2316 3277 comercio
2362 3217 2524 3278 edita

273 3323 423 3398 sint,
482 3319 637 3381 sicut
695 3339 731 3380 a
785 3317 924 3398 πῦρ
987 3338 1143 3397 quae
1201 3319 1577 3402 descendunt
1633 3306 1820 3399 πυρά
1877 3308 2133 3397 πυρρός
2187 3309 2402 3397 πυρός
2461 3325 2523 3381 et

270 3412 583 3504 πυρσόςμ.
689 3423 858 3498 Quae
919 3428 1115 3484 autem
1177 3423 1479 3484 abstracta
1538 3440 1613 3483 ex
1674 3423 1820 3501 ipsis
1880 3422 2194 3500 adjectivis
2251 3421 2523 3483 derivata

273 3533 435 3605 sunt,
480 3544 554 3586 ea
584 3544 706 3586 uon
738 3544 812 3587 ex
842 3525 1140 3587 femininis
1170 3525 1604 3603 adjectivorum
1635 3526 1914 3586 traducta
1944 3528 2084 3585 suut
2111 3525 2187 3586 ad
2218 3527 2517 3586 notionem

270 3629 660 3707 abstractam,
704 3629 810 3689 sed
855 3646 965 3706 per
1006 3626 1285 3689 suffixum
1333 3627 1525 3688 forma
1566 3626 1657 3687 illi
1697 3626 2117 3689 femininorum
2149 3626 2362 3689 suffixo
2393 3645 2519 3707 par,

267 3730 713 3809 significatione
768 3730 945 3808 plane
1000 3730 1302 3791 diversum
1348 3729 1605 3790 formata
1644 3729 1788 3790 inde
1832 3730 1908 3791 ab
1952 3731 2117 3791 initio
2161 3716 2517 3791 abstractam

267 3833 539 3895 habuere
585 3832 906 3894 notionem.

441 3937 694 4014 Neque
765 3940 999 3997 tamen
1073 3954 1156 3997 ex
1229 3936 1408 3996 solis
1482 3934 1879 4013 adjectivis
1962 3937 2518 4014 nominibusque

265 4040 644 4101 concretis
717 4038 848 4100 hac
920 4040 1202 4100 ratione
1273 4038 1658 4100 abstracta
1723 4039 2055 4100 derivata
2126 4043 2323 4118 sunt,
2394 4039 2516 4101 sed

265 4143 484 4203 etiam
552 4160 645 4203 ex
711 4142 890 4218 ipsis
957 4141 1440 4202 substantivis
1507 4140 1901 4202 abstractis
1963 4140 2214 4202 addita
2276 4142 2516 4203 termi-

262 4246 577 4306 natione
621 4246 1158 4305 abstractorum
1204 4246 1502 4323 propria
1546 4261 1625 4302 ια
1669 4263 1856 4305 nova
1900 4244 2360 4305 substantiva
2401 4244 2516 4304 ab·
