3166 4871
2504 296 2625 358 287

385 465 608 544 verbis,
651 470 938 543 quantum
988 465 1359 543 antiquiores
1402 471 1614 544 poetas
1659 467 2090 527 recentioribus
2132 467 2247 527 illis
2279 469 2627 546 praeferret,

381 566 650 644 profiteri
710 586 826 629 non
876 567 1194 630 dubitaret..
1283 571 1445 629 Dicit
1489 571 1644 630 enim
1694 570 1748 630 d.
1796 570 1913 630 div.
1961 574 2017 647 2,
2065 574 2218 633 132:
2293 572 2437 643 „lile
2482 591 2626 633 vero

381 670 559 730 nimis
603 671 780 731 etiam
834 671 1125 731 obscurus
1171 672 1544 751 Euphorion,
1604 678 1668 733 at
1721 692 1839 733 non
1886 673 2208 733 Homerus:
2267 677 2401 734 uter
2445 674 2627 750 igitur

383 772 669 834 melior?“
762 773 914 834 Tum
972 774 1155 835 Tusc.
1215 779 1288 853 3,
1343 778 1424 836 45
1492 776 1749 835 Ennium
1805 776 1887 836 ita
1949 775 2177 836 laudat:
2251 775 2335 853 „0
2388 780 2623 854 poetam

381 876 711 954 egregium,
749 894 1114 955 quamquam
1142 877 1215 937 ab
1248 877 1340 937 his
1372 878 1716 938 cantoribus
1746 878 2144 956 Euphorionis
2176 878 2625 939 contemnitur.“

382 978 658 1058 Denique
717 979 916 1039 Attico
976 979 1197 1040 ironice
1256 980 1460 1041 scribit
1518 975 1601 1058 (7,
1647 984 1704 1059 2,
1751 983 1839 1050 1):

758 1073 991 1142 ‘Flavit
1045 1082 1122 1142 ab
1167 1083 1351 1161 Epiro
1399 1081 1738 1143 lenissimus
1783 1081 2197 1144 Onchesmites
2216 1081 2247 1155 ’‚

379 1183 541 1243 hunc
598 1171 1158 1259 σπονδειάζοντα,
1219 1186 1266 1245 si
1331 1186 1424 1246 cui
1485 1186 1678 1257 voles,
1738 1181 1876 1244 τῶν
1936 1178 2291 1265 νεωτέρων
2349 1205 2459 1264 pro
2518 1189 2622 1247 tuo

377 1278 680 1346 vendita.“
694 1282 794 1359 ¹⁰⁰)

552 1389 741 1464 Quem
789 1389 846 1450 in
894 1389 1131 1450 modum
1179 1409 1310 1450 cum
1359 1390 1434 1453 de
1481 1390 1654 1452 novis
1700 1391 1911 1469 poetis,
1955 1392 2056 1470 qui
2102 1394 2225 1451 tum
2257 1394 2479 1452 Romae
2525 1410 2623 1453 ex-

374 1493 671 1571 stiterant,
705 1492 957 1571 judicet,
1000 1511 1117 1553 non
1152 1493 1360 1554 mirum
1395 1498 1484 1554 est
1513 1495 1612 1555 vix
1647 1513 1828 1555 unum
1860 1494 2191 1573 vestigium,
2230 1513 2301 1555 ex
2335 1514 2455 1573 quo
2488 1514 2622 1555 eum

375 1595 589 1656 horum
638 1594 907 1656 carmina
948 1596 1164 1673 legisse
1208 1601 1520 1675 appareat,
1566 1596 1724 1675 apud
1775 1614 1908 1657 eum
1943 1602 2197 1659 exstare.
2284 1598 2376 1657 De
2406 1616 2530 1675 qua
2558 1616 2624 1657 re

373 1697 663 1758 memoria
715 1697 861 1759 satis
906 1697 1086 1775 digna
1130 1717 1328 1776 pauca
1371 1698 1597 1760 addere
1644 1700 1702 1760 in
1748 1701 1945 1760 animo
1992 1705 2112 1778 est,
2172 1701 2314 1777 quia
2359 1701 2518 1760 hunc
2563 1700 2622 1759 in

373 1798 618 1861 modum
667 1799 973 1861 Ciceronis
1017 1802 1090 1861 de
1136 1801 1557 1862 Alexandrinis
1602 1802 1702 1879 qui
1749 1802 2032 1863 dicuntur
2089 1803 2281 1880 poetis
2327 1802 2621 1880 judicium

372 1903 580 1980 paullo
626 1904 812 1981 magis
856 1904 1143 1965 illustrari
1187 1922 1366 1982 posse
1414 1904 1666 1965 confido.
1757 1905 1957 1981 Atque
1998 1909 2064 1964 ut
2094 1904 2327 1964 silentio
2358 1909 2620 1981 praeter-

371 2004 605 2067 mittam
651 2005 1015 2084 Lucretium,
1059 2007 1233 2085 cnjus
1280 2006 1576 2067 scribendi
1625 2024 1819 2084 genus
1865 2026 1900 2065 a
1946 2005 2163 2067 ceteris
2208 2006 2364 2067 illius
2407 2008 2623 2067 aetatis

377 2108 575 2187 poetis
633 2108 808 2169 valde
870 2108 1097 2180 differt,
1158 2108 1372 2171 Catulli
1431 2110 1683 2188 ejusque
1737 2109 2072 2188 aequalium
2102 2110 2406 2181 earmina,
2466 2127 2621 2187 quae

370 2229 624 2290 prorsus
668 2212 870 2290 ignota
921 2211 1105 2274 fuisse
1135 2212 1410 2274 Ciceroni
1457 2231 1630 2273 nemo
1677 2213 1927 2292 putabit,
1973 2211 2131 2272 haud
2179 2213 2376 2289 magni
2424 2215 2620 2272 tamen

372 2313 452 2375 ab
501 2332 571 2375 eo
617 2316 926 2375 aestimata
969 2334 1102 2376 esse
1147 2315 1442 2376 videntur.
1505 2316 1676 2376 Illius
1720 2317 1874 2376 enim
1920 2333 2118 2393 neque
2162 2334 2375 2375 nomen
2425 2333 2625 2394 neque

371 2417 564 2480 ullum
610 2437 849 2480 versum
895 2420 1100 2498 affert;
1146 2440 1279 2481 nam
1330 2420 1513 2482 verba
1558 2419 1658 2480 illa
1704 2418 1779 2480 ad
1826 2419 1896 2494 Q.
1943 2419 2015 2480 fr.
2063 2423 2119 2497 2,
2167 2422 2265 2495 15,
2309 2422 2380 2480 4:
2437 2419 2625 2498 „auri-

376 2521 518 2581 cula
563 2522 760 2583 infima
808 2517 1189 2602 molliorem“,
1234 2529 1298 2584 ut
1344 2525 1409 2584 F.
1454 2524 1790 2585 Buecheler
1836 2523 2124 2601 conjecit,
2181 2521 2278 2596 (cf.
2326 2522 2444 2583 ind.
2490 2522 2625 2582 lect.

374 2623 711 2703 Gryphisw.
749 2629 908 2688 1868
941 2646 1120 2706 pagg.
1156 2625 1429 2701 15—17)
1475 2625 1796 2688 referenda
1828 2645 1959 2687 esse
2005 2626 2080 2686 ad
2119 2626 2336 2688 Catulli
2384 2643 2622 2686 versum

375 2724 454 2801 (c.
499 2729 599 2807 25,
645 2727 740 2802 2):
800 2729 1064 2801 „mollior
1108 2760 1191 2771 —
1235 2730 1420 2791 imula
1466 2723 1771 2791 auricilla“
1831 2729 1929 2790 vix
1976 2727 2259 2789 credibile
2304 2733 2421 2806 est,
2482 2746 2625 2806 quo-

374 2829 559 2906 niam,
626 2835 692 2892 ut
751 2832 898 2893 alias
953 2850 1051 2892 res
1110 2833 1401 2906 omittam,
1472 2832 1592 2892 duo
1651 2832 1766 2892 loci
1828 2851 1944 2892 non
2009 2836 2289 2891 accurate
2349 2832 2505 2891 inter
2561 2849 2626 2890 se

378 2934 760 2995 consentiunt
812 2939 873 2994 et
933 2933 1235 3011 proverbii
1285 2933 1718 3011 quodammodo
1766 2952 1911 3011 prae
1970 2951 2033 2993 se
2092 2931 2295 2993 ferunt
2350 2932 2626 3009 speciem.

375 3036 590 3112 Neque
661 3040 825 3098 recte
898 3055 971 3097 ex
1055 3037 1173 3097 alia
1264 3054 1474 3097 caussa
1550 3037 1863 3096 Drumann
1953 3033 2188 3095 efficere
2247 3049 2426 3113 posse
2512 3034 2623 3094 sibi

376 3137 617 3199 videtur
637 3136 740 3211 ¹⁰⁷)
789 3138 1057 3200 Ciceroni
1105 3157 1178 3199 ex
1214 3139 1301 3216 iis,
1347 3139 1448 3216 qui
1480 3141 1604 3198 tum
1639 3141 1811 3198 erant
1848 3137 2061 3216 poetis,
2104 3140 2345 3215 praeter
2375 3137 2622 3197 Accium

378 3244 439 3301 et
493 3240 771 3302 Archiam
833 3240 1129 3302 Catullum
1192 3242 1445 3302 maxime
1505 3240 1819 3319 placuisse.
1937 3242 2239 3301 Provocat
2311 3240 2465 3300 enim
2543 3238 2621 3299 ad

376 3342 558 3422 hujus
603 3362 843 3405 carmen
890 3348 991 3416 49,
1036 3345 1094 3404 in
1129 3362 1250 3421 quo
1281 3343 1367 3404 sic
1399 3344 1750 3405 Ciceronem
1784 3342 2132 3420 alloquitur:
2185 3341 2623 3415 „Disertissime

377 3446 610 3507 Romuli
670 3445 991 3525 nepotum“
1043 3467 1091 3509 e.
1125 3467 1180 3527 q.
1212 3466 1256 3508 s.
1345 3445 1480 3526 Sed,
1541 3448 1592 3506 si
1650 3446 1791 3524 quid
1857 3445 2058 3525 video,
2101 3445 2217 3507 hoc
2260 3446 2484 3507 ironice
2528 3462 2622 3504 ac·

376 3548 715 3627 cipiendum
761 3555 869 3623 est,
917 3570 1049 3611 nam
1099 3568 1457 3629 quamquam
1508 3568 1582 3611 ex
1630 3549 1893 3611 carmine
1938 3549 2071 3628 ipso
2117 3550 2265 3610 nihil
2294 3550 2437 3610 certi
2469 3546 2624 3609 effici

376 3655 603 3732 potest,
659 3655 853 3714 tamen
917 3658 1191 3715 constare
1252 3652 1493 3714 videtur
1539 3652 1886 3715 Ciceronem
1934 3655 1994 3713 et
2036 3652 2329 3712 Licinium
2376 3651 2621 3713 Calvum

377 3754 611 3816 Catullo
655 3755 1070 3817 amicissimum
1116 3757 1273 3818 inter
1318 3773 1383 3816 se
1423 3755 1767 3817 inimicitias
1812 3756 2008 3834 egisse
2056 3755 2201 3815 satis
2243 3754 2509 3815 acerbas.

551 3938 639 4004 ¹⁰⁶)
672 3935 884 3991 Graeca
914 3934 1010 3989 illa
1044 3934 1214 3990 verba
1248 3935 1318 3989 ad
1355 3933 1483 3990 fam.
1526 3941 1605 4003 16,
1630 3940 1712 4005 23,
1739 3940 1801 3990 2:
1843 3928 2017 4004 ,γόνυ
2054 3930 2300 4005 κνήμης“
2336 3937 2435 4000 (se.
2458 3927 2624 4003 ἐγγύ-

376 4023 573 4093 τερον)
607 4021 728 4076 sine
764 4020 937 4075 dubio
974 4019 1257 4089 proverbii
1292 4020 1470 4076 locum
1508 4025 1831 4076 tenuerunt:
1882 4020 2034 4074 nulla
2076 4019 2251 4089 igitur
2285 4033 2485 4074 caussa
2518 4025 2622 4086 est,

376 4122 477 4162 cur
510 4113 773 4176 putemus
809 4104 1088 4161 Theocriti
1125 4120 1346 4161 versum
1383 4105 1489 4173 (Id.
1533 4111 1612 4174 16,
1655 4109 1739 4176 18)
1789 4098 2109 4177 ,ἀπωτέρω
2146 4098 2179 4175 ἢ
2215 4095 2358 4174 γόνυ
2393 4099 2618 4171 κνάμα“

376 4191 628 4248 Ciceroni
663 4192 800 4247 illud
837 4190 1105 4247 scribenti
1141 4190 1213 4245 ob
1249 4191 1444 4247 oculos
1479 4208 1607 4249 esse
1642 4197 1937 4248 versatum.

551 4280 637 4345 ¹⁰⁷)
670 4276 739 4333 ef.
777 4278 812 4333 1.
849 4277 882 4333 1.
920 4276 1018 4347 VI,
1052 4291 1179 4346 pag.
1217 4280 1334 4331 683.

2107 4377 2212 4431 19*
