3166 4871
530 283 657 344 232

528 457 820 516 brandum
868 461 974 532 cst,
1021 462 1087 516 ut
1133 459 1208 518 ad
1263 479 1333 519 ea
1379 477 1623 536 quoqne
1670 465 2023 536 spectemus,
2068 478 2221 536 quae
2267 459 2341 520 de
2372 460 2769 532 Romanorum

530 561 586 619 in
632 560 838 619 iisdem
887 562 1070 620 rebus
1115 562 1339 621 virtute
1386 562 1653 639 protulit.

698 662 1057 740 Priusquam
1126 668 1321 724 autem
1403 663 1479 724 ad
1555 665 1689 741 ipsa
1763 663 2072 725 doctrinae
2148 682 2373 741 genera
2444 664 2772 736 veniamne,

529 765 703 825 aliam
751 783 873 825 rem
919 771 1178 826 tractare
1223 767 1443 842 licebit,
1487 785 1643 842 qnae
1689 770 1819 826 arta
1868 766 2122 843 quadam
2171 767 2595 844 conjunctione
2641 784 2770 826 cum

530 868 647 928 illis
707 868 1027 928 cohaereat
1085 873 1146 928 et
1203 869 1280 929 ad
1343 868 1650 929 Ciceronis
1706 869 1778 929 de
1826 869 2070 930 Graecis
2123 869 2436 948 judicandi
2484 870 2771 929 rationem

529 969 947 1030 illustrandam
975 971 1256 1032 videatur
1287 973 1610 1048 aptissima.
1671 974 1793 1032 Eos
1824 972 1956 1032 dico
1988 973 2166 1050 locos,
2196 971 2410 1049 quibus
2439 972 2771 1048 linguarum

532 1073 799 1133 Graecae
861 1077 922 1133 et
965 1074 1216 1135 Latinae
1280 1074 1597 1134 verborum
1658 1075 1887 1152 copiam
1944 1076 2096 1135 inter
2150 1092 2215 1135 se
2277 1077 2599 1153 comparat.
2683 1076 2775 1133 Ac

531 1176 578 1235 si
643 1177 778 1253 quis
838 1194 912 1236 ex
973 1177 1197 1254 majore
1252 1176 1519 1238 locorum
1582 1196 1827 1238 numero
1888 1178 2189 1238 Ciceronis
2248 1177 2323 1237 de
2378 1178 2488 1236 hac
2534 1194 2600 1236 rc
2642 1194 2773 1236 sen-

529 1279 774 1338 tentiam
831 1280 1226 1358 colligendam
1291 1299 1421 1341 esse
1468 1285 1671 1358 putet,
1731 1280 1928 1340 facore
1975 1299 2091 1340 non
2140 1281 2356 1357 possit,
2418 1279 2560 1357 quin
2614 1278 2776 1339 dicat

531 1381 692 1439 illum
740 1389 1025 1459 paternae
1070 1383 1310 1460 linguae
1357 1385 1618 1460 priorem
1668 1385 1864 1442 locum
1909 1383 2206 1443 tribuisse.
2311 1381 2562 1460 Saepius
2621 1382 2773 1441 enim

530 1485 751 1560 apertis
780 1484 981 1544 verbis
1011 1485 1326 1563 impugnat
1357 1488 1705 1546 sententiam
1741 1487 2121 1564 contrariam,
2166 1504 2341 1563 quam
2376 1487 2774 1545 Romanorum

531 1604 771 1663 quoque
834 1589 1165 1664 permultos
1226 1588 1530 1664 professos
1594 1607 1721 1648 osse
1782 1607 1855 1648 ex
1918 1589 2060 1665 ipsis
2122 1589 2253 1666 ejus
2314 1588 2510 1648 verbis
2579 1587 2775 1665 colligi

530 1693 744 1766 potest.
847 1689 936 1749 Ac
999 1710 1113 1750 nou
1180 1692 1368 1751 solum
1418 1692 1755 1751 universam
1812 1692 2079 1768 linguam
2126 1691 2400 1751 Latinam
2454 1692 2772 1750 verborum

531 1792 704 1868 copia
765 1797 870 1852 aut
929 1797 1239 1870 praestare
1303 1799 1408 1852 aut
1468 1798 1629 1853 certe
1690 1812 1892 1872 parem
1951 1811 2081 1853 esse
2125 1793 2391 1854 Graecae
2449 1791 2778 1870 contendit,

531 1894 636 1955 sed
697 1896 870 1965 etiam
936 1896 1097 1956 haud
1162 1897 1344 1956 semel
1403 1897 1691 1972 exemplis
1759 1898 1874 1956 hoc
1934 1896 2189 1973 probare
2252 1897 2469 1956 studet.
2574 1895 2653 1954 At
2710 1899 2776 1954 ut

530 1997 793 2056 omittam
839 1999 989 2058 haec
1036 2000 1159 2058 fere
1206 2001 1403 2059 omnia
1447 1998 1604 2059 falso
1651 2018 1784 2058 eum
1829 1998 2172 2077 protulisse,
2219 1999 2598 2058 minutiarum
2631 2015 2775 2075 quo·

530 2118 648 2177 que
704 2099 1033 2161 studiosum
1096 2101 1186 2161 bis
1232 2103 1378 2162 locis
1425 2121 1489 2162 se
1534 2102 1798 2180 praebet.
1888 2103 1976 2162 Ac
2019 2103 2273 2178 primum
2320 2101 2556 2178 quidem
2605 2119 2774 2177 aper·

528 2203 750 2262 tissime
799 2203 957 2262 illum
1004 2204 1063 2262 iu
1114 2203 1347 2264 modum
1400 2205 1666 2281 disputat
1711 2205 1942 2264 duobus
1987 2204 2160 2263 locis:
2208 2203 2263 2263 d.
2293 2203 2392 2264 fin.
2427 2208 2479 2274 1,
2515 2207 2594 2265 10
2623 2203 2775 2262 enim

530 2306 612 2365 ita
670 2306 871 2366 dicere
934 2305 1140 2366 audet:
1221 2306 1373 2384 „Sed
1431 2309 1514 2366 ita
1575 2308 1765 2366 sentio
1828 2311 1887 2366 et
1943 2325 2122 2384 saepe
2176 2305 2429 2366 disserui
2505 2305 2778 2366 Latinam

530 2409 794 2485 linguam
857 2428 973 2470 non
1038 2408 1212 2471 modo
1270 2428 1387 2470 non
1450 2410 1717 2486 inopem,
1788 2413 1854 2470 ut
1908 2410 2094 2486 vulgo
2147 2412 2459 2488 putarent,
2530 2408 2635 2469 sed
2695 2408 2776 2468 lo-

530 2511 912 2587 cupletiorem
961 2513 1138 2572 etiam
1205 2531 1356 2589 esse,
1418 2531 1595 2588 quam
1642 2505 1968 2573 G1·aecam“
2026 2516 2087 2572 et
2145 2512 2285 2572 ibid.
2316 2516 2371 2584 3,
2403 2516 2440 2573 5
2486 2511 2778 2571 simillime

532 2614 644 2673 hoc
705 2613 878 2672 modo
939 2613 1199 2673 disserit:
1275 2615 1606 2690 „Quoniam
1667 2632 1849 2692 saepe
1905 2614 2164 2675 diximus
2221 2618 2281 2673 et
2341 2613 2580 2690 quidem
2644 2632 2776 2673 cnm

528 2716 728 2792 aliqua
773 2716 1041 2792 querella
1086 2734 1204 2776 non
1254 2716 1621 2776 Graecorum
1670 2716 1864 2795 modo,
1908 2716 2017 2776 sed
2065 2734 2269 2776 eorum
2316 2715 2523 2789 etiam,
2568 2717 2671 2793 qni
2715 2734 2795 2776 se¹

531 2817 798 2878 Graecos
843 2818 1027 2894 magis
1073 2836 1250 2895 qnam
1300 2822 1537 2879 nostros
1586 2818 1787 2878 haberi
1834 2819 2062 2889 volunt,
2112 2836 2218 2878 nos
2265 2837 2383 2879 non
2435 2817 2609 2878 modo
2659 2836 2778 2877 non

530 2921 693 2980 vinci
728 2939 764 2979 a
794 2919 1039 2981 Graecis
1079 2921 1398 2982 verborum
1450 2922 1642 2999 copia,
1688 2921 1789 2981 sed
1823 2940 1951 2982 esse
1982 2921 2041 2980 in
2076 2940 2147 2981 ea
2177 2922 2353 2981 etiam
2385 2913 2781 2999 superiores.“

528 3020 612 3084 At
685 3041 842 3101 quae
915 3024 1247 3101 posteriore
1325 3025 1457 3084 loco
1537 3025 1808 3103 proxime
1878 3027 2214 3102 sequuntur
2290 3024 2437 3084 satis
2520 3023 2780 3100 probant

532 3128 940 3203 gravissimam
989 3145 1288 3203 caussam,
1334 3146 1457 3204 qua
1503 3127 1713 3188 Cicero
1760 3130 2266 3205 commoveretur,
2312 3131 2378 3187 ut
2421 3127 2595 3186 talem
2641 3143 2779 3203 pro-

531 3229 717 3289 ferret
769 3231 1159 3307 senteutiam,
1223 3230 1460 3290 nimiam
1523 3231 1614 3289 sui
1659 3231 1847 3308 ipsius
1893 3228 2076 3290 fuisse
2125 3230 2497 3307 opinionem,
2554 3247 2674 3305 qua
2717 3229 2777 3287 in

533 3336 680 3408 quot
722 3337 1100 3410 quantosque
1146 3350 1382 3394 errores
1425 3333 1754 3409 perductus
1786 3333 1876 3404 sit,
1923 3332 2078 3392 infra
2110 3333 2347 3410 planius
2378 3331 2780 3407 intellegetur.

535 3434 688 3493 Nam
736 3452 866 3493 cum
915 3433 1074 3494 dicat
1117 3453 1181 3495 se
1225 3435 1286 3494 id
1332 3454 1546 3513 agere,
1607 3442 1673 3494 ut
1720 3436 1887 3495 libris
1933 3436 2054 3495 suis
2099 3434 2173 3493 de
2221 3433 2598 3511 philosophia
2641 3451 2779 3493 con-

535 3535 770 3612 scriptis
817 3536 970 3596 hanc
1017 3537 1258 3613 linguae
1306 3538 1555 3597 Latinae
1618 3538 2040 3615 praestantiam
2103 3536 2352 3615 probet,
2410 3537 2539 3596 sine
2597 3534 2778 3596 dubio

537 3636 873 3715 significare
918 3639 1046 3697 vult
1092 3642 1229 3699 ante
1274 3658 1338 3699 se
1384 3641 1539 3699 hanc
1585 3640 1905 3700 verborum
1967 3640 2318 3699 Latinorum
2381 3640 2611 3716 copiam
2658 3656 2777 3698 non

535 3741 736 3801 fuisse.
825 3741 956 3815 Quo
1001 3742 1247 3819 accedit,
1294 3742 1452 3819 quod
1503 3761 1815 3821 nusquam,
1860 3740 2022 3820 quod
2069 3742 2282 3819 sciam,
2324 3743 2591 3819 priorum
2636 3746 2777 3802 tem-

533 3863 745 3922 porum
801 3844 1070 3905 homiues
1129 3844 1203 3904 de
1266 3845 1379 3904 hac
1432 3863 1495 3905 re
1556 3845 1921 3905 disserentes
1984 3844 2129 3904 facit
2180 3849 2240 3904 et
2294 3844 2453 3921 quod
2513 3845 2568 3904 d.
2613 3842 2778 3904 deor.

536 3951 654 4006 nat.
702 3952 752 4018 1,
787 3950 826 4008 8
874 3948 1019 4006 haec
1065 3949 1375 4025 leguntur:
1421 3948 1813 4026 „Complures
1844 3948 1999 4007 enim
2033 3947 2277 4008 Graecis
2307 3947 2779 4007 institutionibus

536 4050 752 4110 cruditi
801 4069 890 4128 ea,
936 4069 1092 4127 quae
1137 4050 1504 4127 didicerant,
1551 4071 1682 4110 cum
1732 4051 1961 4111 civibus
2006 4051 2129 4109 suis
2175 4051 2613 4110 communicare
2658 4068 2776 4109 non

534 4157 843 4230 poterant,
907 4152 1064 4230 quod
1127 4154 1256 4221 illa,
1322 4172 1475 4229 quae
1535 4174 1570 4212 a
1627 4153 1870 4213 Graecis
1928 4154 2333 4231 accepissent,
2396 4152 2607 4212 Latine
2662 4152 2776 4211 dici

534 4273 711 4330 posse
769 4254 1130 4316 diffiderent.
1237 4255 1371 4329 Quo
1432 4257 1490 4316 in
1553 4274 1772 4331 genere
1833 4261 2063 4315 tantum
2117 4254 2442 4332 profecisse
2489 4253 2781 4331 videmur,
