3166 4871
557 282 681 343 248

560 458 768 515 saeclis
798 458 1367 518 innumerabilibns“
1418 459 1817 535 proferentem
1853 458 2011 517 facit.
2098 458 2209 517 Sed
2261 477 2333 517 ne
2367 476 2520 517 unus
2552 458 2791 535 quidem

557 560 727 618 locus
785 560 1103 629 invenit-ur,
1166 561 1262 620 ubi
1323 579 1455 620 cum
1519 562 1750 637 magnis
1805 560 2164 621 Graecorum
2226 566 2333 619 ant
2390 562 2789 621 Romanorum

556 648 747 738 poetis
792 679 854 721 se
901 681 1250 739 comparare
1296 663 1542 737 audeat,
1597 681 1957 739 quamquam
2007 661 2164 722 haud
2212 663 2339 722 sine
2393 664 2793 723 ostentatione

558 763 783 835 Quinto
847 762 1014 823 fratri
1079 769 1284 824 narrat
1327 762 1407 836 (2,
1454 769 1549 839 16,
1591 762 1656 838 5)
1703 764 1941 825 Caesari
1986 765 2174 841 prima
2233 781 2344 823 sna
2388 766 2652 824 carmina
2711 766 2794 825 ita

556 882 687 924 esse
720 867 987 941 probata,
1023 872 1089 926 ut
1120 868 1408 927 scriberet
1438 885 1500 926 se
1534 885 1609 926 ne
1652 866 1886 928 Graeca
1916 866 2152 944 quidem
2186 868 2431 928 meliora
2461 866 2794 937 novissem)

727 967 843 1029 Sed
879 969 1004 1047 jam
1052 971 1193 1029 satis
1225 968 1300 1028 de
1345 969 1460 1029 hac
1487 988 1552 1029 re
1585 969 1807 1029 dictum
1843 975 1965 1048 est;
2009 970 2296 1046 seqnitur,
2342 974 2408 1028 ιιι
2453 974 2795 1047 quaeratur,

557 1069 698 1146 qnid
747 1070 822 1130 de
869 1070 1158 1149 dignitate
1189 1073 1388 1148 poesis
1434 1073 1706 1132 senserit.
1796 1074 1883 1131 De
1932 1090 2049 1150 qua
2081 1090 2436 1149 quamquam
2482 1091 2600 1133 non
2647 1091 2794 1133 sem-

557 1191 667 1249 por
711 1191 958 1249 prorsus
1005 1173 1209 1235 eodem
1260 1174 1435 1236 modo
1471 1173 1785 1252 judicavit,
1831 1180 2029 1234 tamen
2074 1174 2156 1233 ita
2200 1179 2341 1234 sunt
2381 1174 2513 1252 loci,
2569 1177 2674 1252 qni
2717 1173 2793 1235 ad

557 1277 964 1353 quaestionem
1012 1276 1458 1354 dijudicandam
1503 1278 1821 1355 plurimum
1873 1278 2096 1347 valent,
2151 1278 2495 1354 comparati,
2543 1282 2609 1337 ut
2652 1278 2797 1338 satis

556 1377 731 1438 facile
790 1397 938 1437 vera
1000 1379 1130 1457 ejns
1193 1382 1490 1440 sententia
1553 1381 1744 1457 possit
1805 1380 2082 1457 perspici.
2186 1381 2337 1438 Nam
2403 1386 2469 1439 nt
2529 1380 2792 1440 omittam

557 1482 749 1540 locum
798 1480 956 1540 illum
1006 1479 1061 1540 d.
1107 1501 1192 1541 or.
1227 1487 1281 1559 2,
1314 1488 1409 1551 61,
1457 1483 1555 1542 ubi
1605 1483 1925 1542 Antonium
1974 1481 2268 1542 dicentem
2319 1481 2490 1541 fecit:
2543 1483 2795 1552 „poetas

559 1585 796 1644 omnino
843 1584 1014 1662 quasi
1060 1585 1174 1644 alia
1220 1585 1473 1662 quadam
1521 1586 1727 1661 lingna
1773 1587 2006 1646 locutos
2049 1604 2167 1645 non
2226 1603 2411 1645 eonor
2456 1584 2782 1660 attingere“

559 1717 638 1726 ·—-
683 1687 817 1746 luce
860 1688 1010 1746 enim
1045 1689 1266 1747 clarius
1298 1694 1386 1747 est
1431 1690 1580 1747 haec
1628 1690 1812 1747 verba
1858 1707 1973 1747 non
2024 1707 2097 1747 ex
2145 1688 2450 1749 Ciceronis
2496 1688 2794 1747 sententia

558 1788 718 1848 dicta
764 1806 911 1861 esse,
957 1790 1060 1850 sed
1109 1790 1181 1849 ad
1230 1772 1500 1850 naturam
1566 1808 1883 1867 moresque
1929 1791 2084 1849 illius
2131 1795 2398 1850 veterum
2461 1781 2791 1867 temporum

558 1893 813 1952 oratoris
844 1891 1238 1953 describenda
1268 1894 1568 1970 pertinere
1615 1924 1715 1969 —,
1761 1894 1818 1952 in
1867 1912 1936 1953 eo
1970 1898 2130 1953 certe
2177 1911 2425 1970 prorsus
2468 1895 2793 1952 Romanum

559 1998 764 2054 noster
808 2012 874 2054 se
937 1996 1242 2073 praebuit,
1301 1995 1460 2073 quod
1509 1995 1565 2055 in
1632 1997 1918 2055 leviorum
1983 1998 2197 2056 artium
2260 2014 2506 2055 numero
2569 1996 2792 2073 poesim

559 2097 780 2156 habere
826 2116 1130 2174 nunquam
1165 2095 1571 2169 dubitavit-‚⁵¹0
1647 2100 1728 2158 At
1772 2117 1847 2158 ex
1880 2100 1992 2157 hae
2036 2118 2102 2159 re
2133 2100 2276 2158 nihil
2318 2097 2482 2158 aliud
2530 2104 2797 2175 apparet,

561 2199 670 2258 nisi
717 2200 873 2259 hanc
934 2199 988 2259 ei
1034 2201 1132 2259 vix
1188 2199 1429 2277 dignam
1491 2218 1626 2259 esse
1688 2202 1898 2267 visam,
1959 2203 2016 2260 in
2065 2220 2186 2278 qua
2248 2201 2379 2260 sola
2424 2201 2599 2260 homo
2653 2218 2793 2259 vere

558 2302 863 2361 Romanus
909 2321 1139 2362 omnem
1189 2320 1428 2379 operam
1480 2303 1819 2377 collocaret,
1866 2322 2061 2380 neque
2106 2322 2248 2364 vero
2295 2301 2355 2361 id
2403 2307 2600 2380 potest
2642 2301 2798 2362 effici

557 2404 725 2481 parvi
788 2422 918 2464 eum
984 2409 1192 2481 poetas
1253 2405 1515 2466 duxisse.
1602 2406 1826 2466 Notum
1890 2407 2044 2466 enim
2109 2409 2201 2466 est
2257 2425 2292 2466 a
2354 2406 2636 2466 Romanis
2696 2423 2795 2466 eas

559 2506 718 2566 solas
775 2525 871 2566 res
942 2508 1250 2584 graviores
1323 2508 1608 2585 appellari
1675 2526 1805 2568 esse
1867 2509 2098 2587 solitas,
2156 2528 2312 2586 quae
2368 2528 2484 2569 non
2546 2515 2663 2568 tam
2717 2508 2796 2568 ad

560 2609 1038 2685 delectationem,
1082 2628 1257 2686 qnam
1292 2610 1364 2668 ad
1414 2610 1722 2669 utilitatem
1773 2611 1866 2670 vel
1902 2612 2263 2688 reipublicae
2295 2614 2388 2671 vel
2423 2612 2792 2689 singulorum

558 2710 930 2787 aliquantum
979 2713 1264 2772 valerent.
1353 2711 1628 2789 Denique
1674 2718 1812 2772 sunt
1874 2732 2018 2774 sane
2065 2714 2239 2774 etiam
2285 2715 2460 2791 pauci
2523 2713 2621 2774 alii
2666 2714 2796 2789 loci,

559 2813 773 2891 quibus
833 2819 1141 2892 poetarum
1210 2816 1455 2891 gloriam
1503 2815 1675 2875 nimis
1736 2815 2072 2877 detrectare
2129 2817 2378 2877 videtur.
2469 2818 2546 2877 At
2606 2815 2798 2892 facile,

558 2917 790 2993 opinor,
834 2922 924 2977 est
969 2917 1045 2976 ad
1095 2917 1563 2996 intellegendum
1615 2919 1723 2978 hos
1755 2938 1995 2996 quoqne
2039 2921 2280 2980 minoris
2326 2937 2456 2980 esse
2500 2920 2796 2980 momenti.

559 3019 764 3079 Cicero
811 3022 963 3080 enim
997 3039 1288 3099 persaepe
1321 3041 1438 3082 non
1486 3027 1603 3081 tam
1652 3026 1718 3082 nt
1748 3023 1961 3082 artium
2001 3023 2191 3101 judex
2231 3023 2586 3082 sententiam
2632 3021 2797 3098 dixit,

559 3140 733 3199 quam
781 3142 854 3183 ex
915 3123 1401 3202 philosophorum
1462 3124 1929 3203 consuetudine,
1985 3143 2239 3202 quorum
2286 3125 2563 3202 plerique
2620 3123 2793 3185 etiam

562 3224 723 3302 apud
771 3225 1029 3286 Graecos
1082 3258 1167 3268 —
1214 3232 1274 3287 et
1317 3228 1587 3304 inprimis
1634 3227 1872 3304 quidem
1918 3228 2093 3288 Plato
2139 3258 2221 3267 —
2267 3246 2402 3287 cum
2444 3227 2793 3303 sapientiam

558 3326 684 3386 fere
732 3346 905 3387 unam
962 3329 1301 3389 hominibus
1347 3329 1667 3406 petendam
1729 3347 1858 3388 esse
1906 3332 2216 3406 putarent,
2261 3333 2470 3406 poetas
2516 3328 2795 3406 quodam-

559 3428 733 3488 modo
806 3429 1225 3507 despiciebant.
1342 3432 1434 3490 Ex
1510 3431 1714 3491 eadem
1784 3432 1963 3506 igitur
2032 3432 2329 3492 sententia
2393 3431 2623 3508 ,iudicia
2694 3430 2797 3489 illa

560 3532 882 3609 Ciceronis,
926 3531 1001 3592 de
1047 3534 1265 3609 quibus
1307 3534 1427 3610 jam
1461 3534 1689 3611 paucis
1733 3532 2029 3609 agendum
2063 3538 2169 3604 est,
2217 3534 2554 3593 manavisse
2592 3532 2793 3592 viden·

557 3639 672 3694 tur.
761 3635 913 3693 Nam
948 3634 1125 3694 Tusc.
1159 3640 1217 3711 4,
1250 3639 1331 3697 70
1375 3636 1458 3695 ita
1489 3636 1762 3696 disserit:
1806 3633 1958 3712 „Sed
2004 3640 2215 3712 poetas
2245 3635 2456 3695 ludere
2501 3628 2799 3696 sinamus“

558 3742 619 3797 ct
676 3736 881 3813 paullo
935 3741 1076 3813 post
1120 3735 1179 3809 (ξ
1227 3735 1332 3808 71)
1396 3738 1457 3797 in
1503 3739 1729 3815 poesim
1792 3739 2135 3797 amatoriam
2193 3737 2556 3798 Graecorum
2620 3737 2800 3797 vehe-

560 3847 789 3898 menter
821 3839 1137 3899 invehitur.
1228 3841 1306 3900 At
1350 3839 1653 3918 prioribus
1685 3840 1888 3900 verbis
1920 3838 2158 3900 videtur
2201 3840 2257 3900 id
2305 3840 2495 3900 solum
2536 3839 2795 3900 voluisse

728 4004 793 4063 ⁵⁸)
831 4003 914 4054 Ex
950 4001 1049 4064 iis,
1087 4017 1227 4070 quae
1266 4009 1595 4071 sequuntur,
1631 4003 1893 4071 colligere
1930 4003 2061 4057 licet
2096 4003 2385 4058 Caesarem
2424 4019 2482 4057 re
2516 4017 2653 4057 vera
2686 4016 2799 4055 non

559 4087 720 4140 valde
767 4086 1097 4141 carminibus
1141 4087 1254 4141 illis
1298 4088 1630 4142 delectatum
1680 4102 1808 4143 esse
1846 4086 2241 4158 judiciumque
2295 4101 2330 4140 a
2374 4086 2645 4142 Cicerone
2692 4101 2797 4142 me-

555 4177 825 4225 moratum
864 4188 962 4241 per
997 4171 1293 4227 blanditias
1329 4172 1550 4227 fecisse.

728 4259 795 4322 ⁵⁷)
829 4255 899 4312 ef.
937 4256 1090 4313 Brut.
1128 4263 1185 4328 33
1219 4257 1352 4314 ibid.
1393 4264 1456 4311 70
1492 4263 1550 4313 et
1588 4260 1678 4327 7¹3
1713 4258 1766 4313 d.
1802 4273 1880 4312 or.
1921 4262 1965 4327 1,
2002 4262 2116 4313 212.
