3166 4871
576 295 694 354 174

571 484 818 527 munere
862 467 1104 528 functus
1147 472 1356 544 postea
1401 469 1529 545 ipse
1575 468 1810 527 fabulas
1853 468 2160 543 scripserit
2202 466 2300 538 (ef.
2346 468 2531 527 schol.
2570 468 2670 527 Ar.
2715 466 2808 527 ed.

570 568 835 641 Dubner,
894 569 1070 643 adm).
1147 570 1506 648 Bergkius
1550 571 1614 642 (l.
1661 571 1697 629 l.
1741 589 1799 647 p.
1844 567 1950 642 54)
2013 571 2330 630 obscurum
2390 571 2553 630 huno
2610 569 2807 630 locum

571 670 922 734 emendasse
965 674 1076 733 sibi
1124 672 1380 752 videtur,
1426 692 1610 751 quum
1658 674 1779 751 legi
1814 672 2019 750 jubet:
2071 656 2503 753 ,,ἇνέθηκεν
2535 655 2811 752 Ἑρμῆν

570 765 1090 855 Δεωκράτης“,
1154 776 1314 853 quod
1375 777 1457 836 ita
1518 775 1788 836 defendit
1844 777 2206 854 „Leocrates
2267 776 2389 846 ille,
2449 776 2682 838 Stroebi
2745 777 2813 836 ut

570 876 806 939 videtur
850 877 1025 956 filius,
1068 877 1379 939 Leocratis
1425 879 1685 958 majoris,
1737 880 1838 957 qui
1884 878 2130 939 Periclis
2174 878 2373 939 fuerat
2415 878 2813 955 adversarius,

571 980 871 1058 ohoregus
914 980 1029 1041 fuit
1072 984 1132 1041 et
1175 981 1455 1042 Hermam
1500 983 1560 1041 in
1608 982 1950 1042 memoriam
1995 982 2280 1042 victoriae
2326 973 2676 1043 dedicavit-‘⁴

741 1081 859 1144 Sed
907 1083 1200 1160 Bergkius
1245 1084 1449 1144 miram
1509 1085 1711 1146 verbis
1754 1084 1987 1145 traditis
2046 1084 2244 1145 attulit
2285 1085 2433 1162 vim,
2493 1101 2691 1161 neque
2736 1084 2811 1144 de

572 1185 811 1247 Hermis
839 1204 877 1245 a
901 1186 1162 1265 ehorego
1186 1187 1413 1249 victore
1444 1185 1733 1247 dedicatis
1757 1187 2076 1264 quidquam
2108 1191 2477 1266 compertum
2499 1186 2813 1247 hahemus:

570 1288 836 1366 tripodes
895 1287 1203 1350 dedicatos
1265 1289 1449 1351 fuisse
1511 1294 1696 1352 testes
1767 1295 1907 1350 sunt
1965 1290 2119 1350 Plut.
2178 1289 2422 1351 Aristid.
2468 1291 2511 1368 1,
2567 1309 2623 1368 p.
2670 1293 2811 1361 318,

570 1389 780 1451 Them.
823 1392 894 1468 V,
937 1410 994 1469 p.
1040 1396 1191 1471 114,
1252 1393 1382 1454 Nic.
1425 1393 1533 1471 111,
1578 1411 1637 1470 p.
1670 1396 1823 1470 5243
1880 1394 2118 1453 Pausan
2164 1394 2209 1462 1,
2255 1396 2353 1464 20,
2382 1397 2435 1453 1.
2534 1392 2813 1470 Denique

570 1493 630 1552 in
691 1492 1059 1570 didascaliis‚
1124 1494 1281 1556 uude
1343 1494 1742 1573 fragmentum
1807 1499 2075 1556 nostrum
2138 1493 2515 1572 desumptum
2558 1498 2678 1574 est,
2736 1494 2811 1556 de

571 1595 964 1673 ohoregorum
1025 1596 1199 1658 donis
1259 1598 1405 1658 nihil
1464 1600 1733 1658 notatum
1794 1597 1927 1659 fuit.
1986 1627 2073 1638 —
2129 1598 2484 1658 Recentiore
2543 1602 2811 1675 tempore

571 1697 959 1759 Richterus
1004 1701 1063 1759 in
1111 1700 1225 1760 hoo
1267 1700 1399 1761 loeo
1441 1700 1759 1761 tractando
1819 1701 1992 1761 aliam
2039 1700 2193 1760 viam
2254 1699 2558 1777 ingressus
2617 1703 2709 1760 est
2751 1701 2811 1760 iu

571 1800 753 1861 Proll.
799 1800 874 1860 ad
923 1801 1012 1862 ed.
1059 1818 1225 1881 vesp.
1268 1802 1373 1863 Ar.
1407 1805 1589 1874 1858,
1650 1821 1708 1880 p.
1751 1806 1849 1874 25,
1895 1805 1956 1863 et
1997 1801 2076 1863 ad
2120 1821 2252 1880 pao.
2295 1802 2396 1862 Ar.
2433 1805 2613 1874 1860,
2668 1822 2725 1880 p.
2761 1807 2815 1881 1,

575 1907 608 1964 7
671 1920 792 1982 sq.‚
864 1904 969 1982 qui
1032 1904 1184 1967 duos
1244 1905 1483 1983 quidem
1550 1906 1872 1967 histriones
1929 1905 2034 1966 sed
2102 1909 2423 1983 utrumque
2487 1905 2810 1982 primarum

571 2009 830 2067 actorem
903 2007 1224 2086 significari
1301 2015 1523 2070 censet.
1633 2008 1951 2069 Richterus
2009 2009 2167 2070 enim
2225 2027 2345 2069 non
2406 2009 2618 2069 ultima
2681 2009 2815 2069 sola

571 2108 862 2169 vocabula
906 2116 1193 2189 corrupta
1221 2111 1327 2173 sed
1372 2117 1684 2190 poetarum
1732 2129 1975 2189 quoque
2019 2110 2288 2172 ordinem
2319 2110 2637 2171 confusum
2682 2129 2813 2173 esse

572 2212 798 2291 statuIt,
843 2214 1125 2290 quoniam
1190 2215 1335 2274 mire
1380 2206 1714 2294 ,,ἐνίκησε“
1775 2214 1994 2274 dietum
2040 2217 2135 2275 est
2191 2213 2267 2274 de
2310 2217 2490 2291 poeta
2545 2213 2810 2275 seeundo

572 2315 836 2391 praemio
868 2320 1103 2393 ornat03
1149 2322 1273 2377 aut
1318 2318 1502 2394 igitur
1531 2317 1993 2394 Aristophanem
2039 2317 2231 2393 primo
2261 2316 2415 2394 loeo,
2454 2315 2811 2394 Eupolidem

572 2416 761 2478 altero
822 2417 1105 2479 collocari
1163 2423 1225 2480 et
1279 2418 1428 2480 haec
1490 2419 1611 2497 legi
1663 2418 1865 2498 jubet:
1925 2410 2203 2497 ,,ἑνὶκα
2262 2407 2553 2500 Εἰρήνῃ
2610 2416 2813 2480 Λεω-

571 2504 914 2597 κράτης“,
958 2521 1042 2580 ita
1086 2525 1153 2581 ut
1198 2523 1522 2583 Leocrates
1567 2521 2007 2599 Aristophanis,
2053 2521 2459 2599 Apollodorus
2499 2522 2815 2601 Eupolidis

570 2623 741 2682 actor
799 2620 1009 2701 fuerit,
1067 2625 1367 2684 Leuconis
1425 2624 1732 2684 histrionis
1791 2642 2004 2684 nomen
2068 2625 2342 2702 perierit,
2411 2629 2472 2685 et
2529 2626 2811 2702 antiquae

573 2722 937 2786 didascaliae
980 2727 1213 2803 speeies
1257 2727 1343 2788 ita
1385 2725 1645 2787 formata
1686 2725 1894 2788 fuerit:

1316 2812 1421 2888 Ἐν
1463 2816 1649 2889 ἄστει

1082 2924 1192 2991 ἐπὶ
1240 2918 1565 3011 ἄρχοντος
1593 2916 1895 2992 Ἀλκαίου

1067 3018 1534 3115 Άριστοφάως
1577 3024 1831 3115 Εἰρήνη
1873 3052 1987 3115 πο·

1082 3126 1315 3218 ὑπεκρ.
1374 3124 1779 3218 Λεωκράτης
1824 3138 1959 3216 (pro
2003 3136 2305 3217 Λοιοκρ.)

1188 3226 1492 3313 Εὔπολις
1535 3227 1790 3317 Κόλαξι
1836 3227 2013 3302 deor.

1085 3332 1320 3423 ὑπεκρ.
1349 3327 1865 3422 Ἀπολλόδωρος.

1085 3434 1367 3507 Λεύκων
1417 3432 1761 3527 Φρὰτορσι
1801 3441 1968 3525 τρὶτ.

1182 3531 1402 3627 ὑπεκρ
1407 3592 1676 3608 .....

575 3654 696 3709 aut
741 3654 981 3712 servato
1011 3655 1322 3729 poetarum
1358 3651 1568 3713 ordine
1600 3670 1873 3728 voceque
1903 3643 2236 3732 ,,ἐνὶκησε“
2266 3654 2506 3713 omnino
2538 3652 2815 3731 neglecta

507 3761 515 3769 '
576 3754 724 3814 haec
756 3755 871 3831 legi
908 3754 1108 3833 jubet:
1153 3742 1426 3833 „r‘Jlea
1457 3742 1807 3834 Εἰρήνην
1836 3743 2353 3833 Λεωκράτηόξ
2399 3757 2467 3814 ut
2495 3756 2815 3815 Leocrates

577 3857 1021 3935 Aristophanis,
1079 3857 1483 3936 Apollodorus
1555 3857 1654 3917 vel
1712 3857 2032 3934 Eupolidis
2088 3857 2187 3916 vel
2247 3857 2545 3918 Leuconis
2606 3857 2812 3917 histrio

575 3960 883 4021 habendus
931 3961 1008 4020 sit
1052 3958 1150 4034 (es.
1196 3960 1381 4021 Proll.
1427 3960 1503 4020 ad
1546 3977 1679 4036 pao.
1714 3980 1771 4038 p.
1807 3957 1887 4032 1).
1929 3990 2015 4000 —
2058 3960 2322 4019 Tertiam
2370 3959 2631 4036 denique
2677 3978 2813 4020 eon·

565 4064 863 4141 jecturam
897 4064 1050 4124 idem
1098 4064 1346 4142 protulit
1390 4065 1449 4125 in
1481 4064 1669 4124 Proll.
1717 4063 1795 4124 ad
1827 4082 1960 4142 pao.
2005 4082 2064 4141 p.
2099 4068 2150 4134 1,
2196 4063 2534 4140 suspicatus
2563 4062 2811 4123 duarum

577 4166 1034 4228 didascaliarum
1095 4168 1429 4243 fragmenta
1486 4166 1560 4227 ab
1620 4168 1956 4243 argumenti
2013 4171 2261 4227 auctore
2315 4166 2639 4243 conjuncta
2682 4181 2816 4224 esse

579 4276 642 4331 ut
687 4271 744 4331 in
779 4290 870 4330 av.
900 4274 962 4330 et
1003 4272 1150 4346 plut.
1183 4288 1436 4348 argum„
1480 4269 1810 4347 verbaque,
1855 4268 1932 4330 de
1962 4268 2179 4348 quibus
2209 4268 2423 4345 agitur,
2467 4266 2544 4327 ad
2573 4266 2818 4327 alterius
