3166 4871
2603 436 2692 477 vu

445 590 806 656 desinentia
866 591 962 655 ita
1020 595 1174 655 nata
1236 608 1377 654 esse
1438 608 1819 674 persuasum
1880 586 2112 671 habeo,
2178 593 2247 652 ut
2304 588 2692 670 fingentes

445 714 568 759 non
612 717 676 758 ιο
723 693 850 758 sibi
894 692 1263 757 viderentur
1318 690 1556 756 addere
1616 690 1935 776 primitivo
1998 690 2113 755 sed
2173 690 2429 774 plenam
2484 689 2691 754 termi-

443 798 767 862 nationem
812 818 962 874 αιος
1004 796 1106 860 vel
1149 818 1264 859 αια
1309 794 1402 878 (id
1446 793 1619 876 quod
1664 794 1730 857 in
1773 792 1853 857 iis
1897 792 2241 877 praecipue
2300 792 2536 857 factum
2595 797 2693 856 est

447 918 617 981 quae
687 897 1156 981 significatione
1220 897 1528 981 primitivi
1592 917 1719 961 non
1787 902 2033 961 mutata
2097 896 2372 961 formam
2442 900 2691 958 tantum

449 1001 669 1067 addita
732 1001 847 1066 illa
910 999 1360 1065 terminatione
1427 1004 1690 1083 augent,
1760 999 1932 1081 quod
1999 998 2423 1064 derivationis
2487 1017 2693 1080 genus

446 1104 661 1169 vocari
706 1105 869 1169 solet
923 1121 1320 1187 paragoge
1373 1101 1693 1186 ionica),
1747 1107 1961 1166 tamen
2006 1100 2168 1166 haec
2212 1101 2428 1164 omnia
2473 1100 2605 1165 sere
2652 1119 2692 1162 a

448 1205 750 1291 stirpibus
791 1206 861 1269 in
905 1228 947 1269 α
990 1205 1090 1269 vel
1138 1227 1175 1268 o
1222 1203 1659 1269 desinentibus
1719 1203 2138 1285 descendunt,
2195 1203 2415 1284 itaque
2474 1222 2692 1267 eorum

453 1326 620 1389 quae
664 1328 707 1371 a
752 1307 1057 1392 stirpibus
1099 1308 1165 1371 in
1211 1331 1253 1371 α
1297 1305 1509 1371 suffixi
1540 1328 1604 1370 ιο
1638 1326 1759 1390 ope
1801 1307 2098 1372 derivata
2129 1313 2275 1370 sunt
2319 1305 2692 1387 analogiam

448 1411 733 1493 legitime
803 1418 1177 1494 sequuntur,
1243 1428 1520 1491 eamque
1579 1410 1658 1473 ob
1723 1428 1985 1487 causam
2046 1429 2174 1472 non
2234 1413 2503 1493 possunt
2564 1427 2692 1472 non

448 1513 655 1578 eidem
702 1514 803 1577 cui
848 1510 1008 1578 haec
1051 1512 1243 1577 classi
1287 1512 1718 1578 adnumerari.
1790 1511 1998 1575 Huius
2029 1518 2245 1576 autem
2292 1511 2522 1575 classis
2566 1510 2691 1575 duo

448 1636 665 1680 rursus
708 1635 948 1698 genera
993 1619 1140 1679 sunt
1186 1614 1659 1697 distinguenda,
1704 1634 1920 1678 eorum
1954 1633 2125 1696 quae
2156 1638 2179 1676 ι
2210 1612 2419 1677 suffixi
2454 1636 2516 1678 ιο
2549 1632 2691 1676 cum

450 1740 492 1782 α
522 1717 738 1802 stirpis
768 1722 1153 1802 prototypae
1198 1716 1488 1780 suffixo
1534 1721 1598 1781 et
1629 1735 1799 1798 quae
1830 1737 1972 1781 cum
2001 1706 2045 1779 ἀ
2086 1715 2461 1780 interiore
2506 1714 2692 1797 quasi

450 1820 667 1905 stirpis
724 1827 1110 1905 prototypae
1167 1819 1500 1884 membro
1560 1825 2030 1884 contraxerunt.
2132 1820 2206 1883 In
2265 1818 2393 1882 illis
2452 1809 2691 1881 arctius

451 1922 790 2005 conjuncta
835 1928 981 1987 sunt
1030 1944 1072 1987 α
1115 1930 1178 1988 et
1223 1947 1244 1986 ι
1290 1941 1483 2004 quam
1527 1921 1598 1986 in
1641 1921 1756 2004 his,
1801 1921 2052 1986 illorum
2093 1945 2237 1998 αιος
2265 1921 2471 2004 magis
2499 1921 2693 2004 plena

448 2025 810 2090 terminatio
854 2043 999 2091 esse
1043 2024 1408 2105 videbatur,
1472 2024 1888 2106 quamobrem
1945 2043 2064 2107 ego
2119 2042 2370 2105 quoque
2412 2023 2479 2086 in
2528 2042 2693 2087 com-

453 2128 840 2193 mentatione
883 2128 1144 2212 saepius
1189 2146 1408 2193 veram
1454 2124 1622 2191 hanc
1667 2125 2175 2192 terminationem
2220 2124 2566 2210 appellavi.

619 2229 919 2295 Ceterum
982 2229 1383 2315 propositum
1447 2234 1588 2295 erat
1652 2249 1778 2293 non
1843 2227 2031 2293 modo
2105 2227 2441 2294 universas
2504 2225 2694 2291 huius

450 2330 851 2397 formationis
895 2332 1070 2415 leges
1114 2329 1531 2415 investigare,
1576 2331 1687 2396 sed
1736 2330 1931 2396 etiam
1980 2330 2372 2414 singulorum
2417 2329 2692 2395 vocabu-

448 2434 648 2500 lorum
695 2434 977 2499 omnium
1023 2452 1194 2517 quae
1234 2433 1335 2500 ‘sic
1376 2434 1796 2499 terminantur
1840 2434 2201 2517 intelligere
2231 2432 2693 2498 formationem.

450 2533 876 2614 Quamobrem
922 2536 1005 2603 de
1049 2535 1514 2620 significatione
1558 2539 1821 2621 saepius
1861 2536 2297 2619 quaerendum
2329 2541 2468 2601 erat
2498 2554 2692 2619 quam

449 2657 616 2703 nunc
645 2639 807 2705 solet
837 2639 903 2704 in
947 2638 1499 2722 disquisitionibus
1533 2640 1989 2722 grammaticis,
2034 2639 2148 2704 sed
2179 2638 2279 2704 his
2310 2639 2469 2723 ipsis
2499 2657 2692 2721 quae-

452 2742 766 2807 stionibus
809 2760 998 2826 spero
1043 2761 1146 2807 me
1189 2762 1317 2806 non
1360 2741 1555 2806 nullis
1600 2761 1743 2807 esse
1784 2741 2232 2826 gratificatum.
2312 2740 2692 2806 Nominibus

448 2844 724 2929 propriis
767 2844 1068 2927 abstinui,
1111 2851 1180 2909 ut
1224 2863 1493 2926 quorum
1535 2845 1717 2928 origo
1764 2845 2142 2929 saepissime
2178 2843 2564 2928 perobscura
2592 2842 2695 2926 sit,

451 2945 563 3011 sed
622 2945 951 3030 adjectiva
995 2965 1037 3010 a
1082 2946 1445 3011 nominibus
1501 2946 1781 3032 propriis
1832 2946 2130 3013 derivata
2172 2966 2370 3029 quam
2413 2946 2691 3030 plurima

450 3048 735 3114 invenire
794 3049 980 3134 potui
1036 3048 1320 3114 adhibui.
1403 3049 1488 3113 Et
1544 3068 1740 3131 quum
1795 3050 1985 3115 ceteri
2030 3049 2097 3114 in
2142 3048 2455 3113 eiusmodi
2500 3066 2692 3134 quae-

452 3150 762 3217 stionibus
806 3150 1060 3217 soleant
1104 3151 1432 3233 adjectiva
1475 3157 1725 3216 tantum
1770 3160 1834 3216 et
1878 3151 2288 3217 substantiva
2332 3149 2691 3240 masculina

450 3251 513 3317 in
543 3255 986 3335 quaestionem
1018 3272 1267 3337 voca1e,
1314 3252 1472 3318 mihi
1502 3255 1737 3320 rectius
1767 3253 2149 3319 videbantur
2178 3259 2405 3319 neutra
2437 3271 2691 3336 quoque

449 3361 512 3420 et
572 3355 884 3422 feminina
941 3354 1313 3421 adhibenda
1371 3375 1540 3440 esse,
1597 3357 1750 3423 licet
1801 3355 1963 3421 haec
2017 3355 2290 3422 diversis
2333 3354 2580 3420 suffixis
2622 3377 2692 3419 ια

450 3455 722 3523 formata
765 3458 910 3543 sint,
954 3477 1121 3540 quae
1164 3478 1362 3543 saepe
1408 3458 1669 3525 difficile
1711 3465 1810 3526 est
1854 3459 2245 3542 discernere;
2297 3458 2411 3524 sed
2457 3458 2564 3522 ubi
2608 3456 2691 3522 de

455 3565 581 3624 toto
644 3560 1046 3625 formationis
1109 3581 1343 3644 genere
1409 3562 1569 3646 dixi,
1641 3561 1977 3627 brevitatis
2042 3545 2258 3627 causa.n
2310 3562 2691 3646 plerumque

452 3661 820 3746 simpliciter
879 3661 961 3728 de
1017 3663 1381 3728 nominibus
1438 3663 1505 3727 in
1566 3688 1712 3742 αιος
1754 3665 2007 3730 locutus
2051 3684 2191 3728 sum
2235 3683 2351 3748 pro
2397 3682 2474 3729 eo
2517 3661 2689 3745 quod
2727 3707 2748 3714 -

454 3762 778 3849 debebam,
821 3765 1182 3830 nominibus
1213 3765 1280 3830 in
1311 3788 1456 3844 αιος
1485 3789 1600 3831 αια
1629 3789 1799 3832 acon.
1872 3767 2187 3831 Suffixum
2219 3790 2282 3832 ιο
2317 3766 2688 3850 primarium

459 3867 620 3947 quod
665 3874 899 3932 vocant
942 3867 1335 3951 distinguere
1379 3890 1420 3934 a
1462 3869 1856 3953 secundario,
1899 3889 2093 3952 quum
2137 3876 2202 3935 et
2243 3867 2688 3933 difficillimum

451 3967 530 4032 sit
592 3977 654 4035 et
715 3988 917 4053 saepe
975 3971 1231 4035 omnino
1290 3970 1424 4035 fieri
1478 3978 1762 4054 nequeat
1805 3977 1871 4036 et
1916 3971 2002 4035 ad
2047 3971 2526 4055 cognoscendas
2568 3969 2689 4033 for-

450 4071 664 4135 mandi
710 4071 892 4153 leges
935 4070 1096 4136 nihil
1141 4074 1374 4138 aflerat
1420 4073 1733 4157 utilitatis,
1779 4093 2328 4157 supervacaneum
2370 4072 2544 4137 duxi.

615 4171 858 4239 Omnes
901 4173 981 4239 de
1023 4173 1122 4239 his
1166 4174 1496 4241 vocabulis
1542 4176 1954 4258 quaestiones
2000 4177 2333 4240 absolvere
2379 4193 2574 4255 quum
2620 4172 2688 4237 in

447 4276 664 4340 animo
726 4274 1023 4341 haberem
1080 4276 1387 4362 temporis
1447 4279 1770 4361 angustiis
1827 4277 2172 4362 impeditus
2224 4297 2380 4340 sum.
2467 4275 2689 4340 Pauca

446 4375 638 4460 igitur
684 4377 1010 4457 quaedam
1053 4400 1217 4445 nunc
1277 4380 1493 4463 omisi,
1552 4400 1720 4474 quae
1777 4379 2075 4445 otiosiore
2134 4379 2350 4459 aliquo
2405 4382 2690 4460 tempore
