3166 4871
530 296 606 357 12

526 461 663 528 ἔστι
712 457 770 527 δ’
816 454 1035 538 οὕτως
1082 482 1095 496 ·
1143 452 1180 525 ὃ
1223 459 1553 547 βούλομαι
1607 467 1750 528 κτλ.
1860 470 2172 532 Subditum
2227 489 2358 531 esse
2411 472 2571 532 hune
2633 491 2764 531 ver·

525 590 654 632 sum
684 574 759 631 ab
806 573 909 650 eis,
953 573 1056 649 qui
1101 573 1348 631 oracula
1392 573 1679 632 heroibus
1717 573 1996 633 Troianis
2041 574 2180 634 data
2225 579 2284 632 et
2328 574 2544 633 similia
2587 574 2767 633 finxe-

526 678 684 751 runt,
742 674 857 735 iam
916 674 1257 753 Lobeekius
1302 675 1741 735 animadvertit.
1842 674 2162 753 [Aglaoph.
2226 677 2255 735 I
2310 695 2394 752 p.·
2413 672 2576 745 267.]
2679 677 2768 735 De

526 779 654 836 aliis
700 777 937 836 duobus
982 777 1227 854 mythici
1271 779 1556 854 temporis
1605 778 1863 838 oraculis
1910 797 2066 855 quae
2114 776 2463 851 dicuntur1)
2507 778 2584 837 ad
2639 778 2769 837 Laii

527 879 829 940 historiam
883 880 1322 958 pertinentibus
1381 899 1600 957 operae
1660 883 1911 958 pretium
1974 899 2093 941 nou
2153 885 2244 951 est
2302 880 2492 963 verba,
2552 881 2772 959 faeere,

529 1001 661 1043 eum
709 1001 784 1041 ex
827 982 1132 1060 Euripidis
1176 982 1402 1043 Phoen.
1452 978 1699 1040 18-20
1746 986 2001 1061 repetita
2044 985 2177 1044 sint.
2527 1060 2538 1068 ἢ

697 1085 996 1162 Sequatur
1055 1104 1127 1145 ex
1180 1089 1374 1147 aetate
1432 1086 1610 1165 primi
1664 1087 1802 1147 belli
1853 1088 2205 1147 Messeniaei
2250 1088 2558 1147 oraculum
2605 1086 2767 1163 quod

533 1192 729 1248 exstat
771 1189 932 1265 apud
979 1189 1338 1248 Pausaniam
1383 1189 1466 1248 IV
1512 1185 1570 1267 9,
1617 1186 1683 1249 2:
2773 1190 2780 1194 ’

878 1279 1138 1370 κούρην
1184 1277 1520 1369 ἄχραντον
1565 1286 1938 1371 νερτέροισι
1983 1287 2315 1371 δαίμοσιν,

880 1382 1106 1472 κλήρῳ
1149 1391 1487 1472 λαχοῦσαν
1528 1388 1926 1453 Αἰπυτιδῶν
1972 1378 2085 1469 ἀφ’
2131 1388 2424 1472 ιιῆιιατος,

882 1496 1288 1575 θυηπολεῑτε
1336 1492 1762 1577 νυκτέροισιν
1808 1490 1882 1555 ἐν
1928 1504 2224 1575 σφαγαῖς.

883 1586 965 1677 ἢν
1010 1594 1079 1658 δὲ
1127 1598 1416 1679 σφαλῆτε
1464 1595 1572 1659 καὶ
1621 1585 1779 1677 παρ’
1826 1584 2110 1658 ἀλλοίου
2156 1589 2310 1659 τότε

882 1691 1098 1775 θύειν,
1143 1692 1452 1774 διδόντος
1499 1696 1563 1773 ἐς
1610 1694 1871 1782 σφαγὴν
1920 1693 2263 1772 ἑκουσίως.

536 1805 683 1865 Cum
730 1809 963 1865 constet
1006 1810 1188 1865 totam
1235 1806 1409 1883 primi
1452 1807 1594 1866 belli
1622 1807 1901 1867 Messenii
1947 1805 2254 1866 historiam
2299 1821 2552 1882 prorsus
2583 1804 2773 1863 incer-

536 1912 651 1966 tam
731 1908 1072 1986 fabulisque
1142 1909 1425 1971 refertam
1496 1909 1573 1968 ad
1634 1928 1744 1970 nos
1803 1909 2184 1986 pervenisse,
2252 1906 2353 1979 (ef.
2411 1907 2777 1982 Kohlmann,

537 2011 920 2086 quaestiones
968 2013 1373 2073 Messeniaeae
1418 2031 1475 2089 p.
1537 2010 1573 2067 4
1637 2030 1766 2089 sqq.
1827 2011 2063 2072 dissert.
2109 2012 2296 2070 Bonn.
2369 2005 2550 2080 1866)
2599 2027 2773 2069 nemo

536 2116 699 2172 certe
746 2116 1069 2188 genuinum
1118 2114 1298 2176 dueet
1340 2115 1487 2175 illud
1536 2116 1844 2175 oraculum
1890 2132 2087 2190 neque
2132 2113 2348 2190 adhue,
2381 2112 2543 2189 quod
2578 2113 2776 2187 seiam,

537 2216 853 2292 quisquam
909 2219 969 2276 in
1024 2236 1095 2276 ea
1147 2218 1446 2279 sententia
1500 2217 1626 2293 fuit.
1713 2218 1953 2278 Jambos
2009 2236 2040 2276 e
2087 2215 2398 2292 tragoedia
2441 2216 2643 2292 aliqua
2689 2233 2777 2273 re-

537 2314 829 2396 petendos
860 2338 989 2379 esse
1023 2324 1391 2380 censuerunt
1422 2320 1915 2381 Waehsmuthius
1949 2318 2117 2392 [hell.
2146 2319 2344 2378 altert.
2373 2319 2448 2377 11.
2473 2314 2510 2374 2
2542 2336 2599 2393 p.
2624 2314 2772 2387 511]

538 2425 597 2480 et
624 2420 1042 2482 Kohlmannus
1072 2413 1346 2503 [quaest.
1379 2425 1554 2482 Mess.
1587 2443 1643 2500 p.
1685 2420 1813 2494 111:
1857 2423 1964 2482 sed
2011 2441 2175 2482 mera
2220 2423 2368 2481 haee
2414 2426 2506 2481 est
2548 2420 2776 2480 coniec-

536 2527 689 2600 tura,
733 2543 887 2600 quae
929 2525 1120 2584 minus
1153 2525 1479 2602 probabilis
1511 2525 1766 2603 videtur,
1811 2545 1942 2585 cum
1989 2543 2235 2603 prorsus
2269 2524 2411 2584 nibil
2443 2527 2674 2584 constet
2704 2522 2779 2581 de

539 2627 851 2702 tragoedia
904 2628 962 2685 in
1022 2646 1143 2704 qua
1196 2627 1271 2686 de
1326 2629 1517 2703 primo
1563 2628 1726 2687 bello
1775 2629 2072 2688 Messenio
2121 2633 2318 2688 aetum
2367 2628 2458 2686 sit.
2546 2628 2777 2686 Fietum

539 2728 715 2787 etiam
771 2730 1019 2790 alterum
1077 2731 1384 2790 oraculum
1439 2735 1529 2790 est
1589 2731 1750 2808 quod
1798 2731 2092 2791 Eusebius
2152 2722 2386 2809 [praep.
2433 2747 2525 2788 ev.
2572 2731 2620 2787 V
2668 2724 2776 2798 27]

539 2833 825 2891 servavit:

770 2930 1126 3013 παρθένον
1172 2931 1503 2995 Αἷπυτίὸά
1548 2934 1798 3015 κλῆρος
1842 2935 2032 2995 καλεῖ
2077 2923 2308 3016 ἥντινα
2355 2929 2541 3014 δοίης

776 3032 1037 3115 δαίμοσι
1088 3035 1452 3118 νερτεριόις
1496 3034 1611 3098 καί
1653 3057 1772 3097 κεν
1820 3029 2098 3110 σώσειας
2143 3024 2446 3116 Ἰθώμην.

542 3143 818 3202 Attamen
866 3145 990 3201 veri
1040 3144 1395 3203 simillimum
1441 3143 1679 3203 videtur
1725 3143 2029 3218 antIquius
2075 3142 2188 3201 hoe
2234 3159 2364 3200 esse
2411 3159 2587 3216 quam
2635 3140 2780 3199 illud

542 3243 748 3303 iambis
815 3247 1173 3306 confectum.
1296 3247 1370 3305 of.
1431 3245 1679 3306 Lobeok
1740 3246 2032 3322 Agiaoph.
2099 3245 2159 3303 11
2224 3263 2282 3320 p.
2351 3240 2491 3303 852.
2601 3243 2787 3302 Wolff
2881 3253 2890 3262 “

542 3348 760 3424 Porph.
805 3368 861 3426 p.
915 3345 1012 3408 73.

719 3514 758 3576 ¹)
796 3512 1000 3566 Zenob.
1030 3512 1077 3565 11
1107 3499 1400 3585 68:'.1a1'q.›
1448 3509 1558 3582 γὰρ
1604 3516 1685 3584 τῷ
1729 3515 1932 3580 θηβιῦν
1967 3513 2195 3581 βασιλεῖ
2232 3501 2783 3580 χρηστηριαζομένῳ

542 3593 676 3664 περὶ
713 3592 999 3664 γενέσεως
1037 3591 1299 3666 ἀρρένων
1333 3597 1554 3652 παίδων
1592 3590 1817 3652 ἀνεῖλεν
1853 3589 1884 3648 ὃ
1927 3592 2069 3660 θεὸς

1022 3679 1167 3738 Λάιε
1208 3682 1536 3755 Λαβδακίδη

1016 3765 1092 3837 μὴ
1134 3776 1338 3840 σπεῖρε
1373 3764 1598 3824 τέκνων
1635 3763 1822 3823 ἄλοκα
1858 3766 2147 3835 δαιμόνων
2183 3767 2278 3838 βίῃ
2307 3787 2316 3796 ·

1020 3862 1213 3909 κτενεῖ
1248 3852 1361 3925 γάρ
1399 3849 1451 3909 o’
1488 3849 1518 3909 ὃ
1559 3852 1682 3924 φύς.

718 3940 881 3995 Aiex.
906 3939 1160 4009 Aphrod.
1200 3942 1268 3994 de
1306 3940 1421 3994 fato
1448 3941 1583 3994 XXI
1608 3947 1698 3994 96:
1735 3937 1832 3994 καὶ
1871 3936 1934 4008 δὴ
1962 3938 2058 3994 καὶ
2098 3936 2198 3993 τὸν
2239 3944 2316 4010 τῷ
2344 3935 2508 4010 Λαίῳ
2534 3931 2784 3990 δοθέντα

540 4023 804 4097 χρησμὸν
851 4022 1325 4096 παραδεχομένον
1374 4019 1440 4079 ‹51‘
1479 4015 1545 4078 οὗ
1597 4022 1752 4094 λέγει
1793 4021 1936 4092 πρὸς
1973 4019 2150 4078 αὐτὸν
2201 4019 2230 4091 ὴ
2269 4022 2465 4077 Πυθία
2515 4019 2646 4090 περὶ
2684 4027 2785 4076 τοῦ

543 4108 621 4180 μὴ
659 4116 777 4166 δεῖν
814 4118 1284 4166 τεκνοποιεῖσθαι
1315 4131 1323 4140 ·

954 4195 1010 4251 εἰ
1042 4194 1155 4267 γάρ
1195 4195 1500 4268 φυτεύσεις
1534 4191 1688 4251 παῖδ’
1728 4191 2036 4250 ἀποκτενεῖ
2071 4189 2122 4249 ‹5’
2161 4189 2192 4246 ὃ
2231 4191 2353 4263 φύς.

950 4281 1049 4339 καὶ
1084 4287 1195 4349 πᾶς
1231 4280 1333 4349 σὸς
1368 4275 1527 4348 οἶκος
1560 4279 1799 4354 βήσεται
1837 4275 1906 4336 ὸι’
1942 4275 2195 4351 αἵματος.
