3166 4871
570 314 651 377 78

609 486 672 560 b)
738 483 1079 568 Πανδοσίη
1122 480 1491 571 τρικόλωνε
1536 483 1764 553 πολύν
1802 510 1972 554 ποτε
2016 485 2185 555 λαὸν
2228 481 2534 569 ὀλέσσεις.

1622 730 1760 794 147.

736 856 890 942 Elui
934 855 1096 937 θεὸς
1138 857 1401 928 τοιόσδε·
1445 868 1693 947 μαθεῖν
1741 856 1890 929 οἶόν
1934 854 1995 928 κ’
2042 857 2175 949 ἐγώ
2221 863 2414 931 εἴπω·

738 953 1056 1046 ου’ράνιος
1100 960 1347 1049 κόσμος
1389 962 1670 1053 κεφαλή,
1715 960 1964 1053 γαστὴρ
2013 968 2084 1033 δὲ
2128 964 2463 1047 θάλασσα,

607 1114 613 1129 .
739 1077 895 1186 γαῖα
941 1065 1015 1131 δέ
1054 1090 1169 1150 μοι
1212 1062 1416 1144 πόδες
1460 1063 1606 1147 εἰσί,
1652 1066 1739 1134 τὰ
1782 1062 1842 1135 δ’
1886 1060 2072 1137 οὔατ’
2118 1070 2192 1136 ἐν
2235 1070 2463 1155 αἰθέρι
2507 1084 2720 1138 κεῖται

737 1162 914 1253 ὄμμα
955 1192 1024 1234 τε
1072 1170 1397 1255 τηλαυγὲς
1442 1168 1751 1257 λαμπρὸν
1797 1168 1969 1254 φάος
2015 1162 2287 1260 ἠελίοιο.

1620 1412 1758 1478 148.

737 1541 831 1631 Δὴ
871 1536 1014 1611 τότ’
1059 1535 1507 1630 ἀμειψάμενος
1552 1544 1816 1613 στεινὸν
1856 1544 2079 1634 πόρον
2110 1536 2619 1635 Ἑλλησπόντου

736 1638 1005 1735 αὐλήσει
1051 1652 1382 1714 Γαλατῶν
1426 1641 1630 1727 όλοὸς
1675 1646 1978 1735 στρατός,
2026 1648 2101 1716 οῗ
2135 1642 2195 1736 ῥ’
2243 1642 2621 1736 ἀθεμίστως

734 1741 945 1817 Ἀσίδα
991 1746 1458 1836 πορθήσουσι·
1506 1749 1669 1831 θεὸς
1716 1746 1775 1817 ‹5'
1820 1751 1915 1819 ἔτι
1961 1749 2251 1840 κύντερα
2294 1749 2486 1840 θήσει

734 1853 897 1918 πᾶσι
939 1846 1095 1937 μάλ’
1138 1852 1207 1919 οἳ
1248 1855 1507 1921 ναίουσι
1550 1846 1712 1942 παρ’
1758 1848 2052 1942 ἠϊόνεσσι
2097 1851 2446 1943 θαλάσσης

609 1961 646 2018 5
735 1955 826 2033 εἷς
871 1947 1128 2041 ὀλίγον·
1175 1951 1348 2042 τάχα
1389 1953 1514 2043 γάρ
1562 1975 1723 2040 σφιν
1771 1951 2151 2045 ἀοσσητῆρα
2200 1959 2513 2044 Κρονίων

733 2200 795 2275 b)
841 2203 1043 2280 Steph.
1088 2204 1264 2279 Byz.:
1321 2196 1669 2261 Πανδοσία
1724 2193 2059 2282 φρούριον
2116 2198 2458 2282 Βρεττίων
2520 2194 2813 2284 ἐρυμνὸν

564 2293 981 2383 τρικόρυφον
1039 2300 1193 2383 περὶ
1254 2293 1292 2364 ὃ
1353 2295 1620 2384 ἐφθάρη
1649 2289 2090 2384 Ἁλέξανδρος
2150 2294 2187 2365 ὁ
2240 2296 2598 2377 Μολοττὸς
2643 2291 2812 2365 άπα-

561 2401 793 2485 τηθεὶς
836 2389 974 2467 ὑπὸ
1014 2405 1316 2487 χρησμοῦ
1360 2397 1714 2468 τοιούτου·
1765 2402 2109 2489 Πανδοσίη
2158 2406 2302 2468 κτλ.

733 2510 887 2570 adde
932 2510 1120 2572 Strab.
1156 2512 1234 2571 Vl
1265 2508 1427 2568 256:
1477 2556 1490 2570 .
1526 2557 1537 2569 .
1585 2500 2063 2593 προσηπάτησε
2096 2505 2167 2572 δὲ
2196 2506 2305 2571 καὶ
2343 2499 2507 2572 ἄλλο
2541 2501 2775 2591 λόγιον
2796 2526 2809 2538 ·

564 2606 909 2672 Πανδοσία
957 2611 1100 2671 κτλ.

742 2730 886 2804 147)
932 2732 1192 2793 Maerob.
1238 2731 1360 2793 Sat.
1389 2734 1419 2792 1
1449 2729 1559 2811 20,
1596 2730 1704 2792 16:
1764 2734 2003 2811 Sarapis
2060 2753 2237 2812 quem
2290 2735 2576 2813 Aegyptii
2631 2735 2810 2794 deum

566 2835 883 2895 maximum
944 2834 1344 2913 prodiderunt
1404 2841 1611 2896 oratus
1672 2855 1708 2895 a
1775 2836 2180 2897 Nicocreonte
2243 2837 2600 2914 Cypriorum
2664 2854 2810 2913 rege

566 2938 698 3013 quis
743 2938 987 2998 deorum
1034 2939 1385 3016 haberetur,
1446 2938 1539 3000 his
1581 2939 2209 3002 versibus.sonioitam
2254 2941 2603 3016 religionem
2650 2939 2810 3017 regis

563 3039 874 3100 instruxit:
919 3033 1049 3118 εἰμὶ
1096 3026 1255 3110 θεὸς
1299 3039 1437 3099 κτλ.

735 3143 809 3204 of.
854 3144 1042 3204 Wolff
1082 3143 1156 3205 de
1205 3143 1422 3206 noviss,
1465 3145 1624 3205 orno.
1670 3149 1786 3204 aet.
1830 3164 1887 3221 p.
1925 3141 2020 3204 16.

742 3260 885 3335 148)
943 3265 1120 3323 Pane.
1149 3263 1205 3322 X
1242 3261 1333 3340 15,
1364 3259 1430 3321 2:
1494 3253 1815 3342 στρατιὰν
1873 3257 1944 3322 δὲ
2005 3259 2149 3322 τῶν
2208 3260 2522 3336 Κελτῶν,
2582 3247 2674 3335 ὡς
2732 3255 2808 3322 ἐκ

563 3361 684 3446 τῆς
744 3350 1075 3444 Εὐρώπης
1136 3355 1518 3444 διαβήσοιτο
1581 3358 1648 3435 ἐς
1707 3355 1831 3444 τὴν
1893 3351 2107 3426 ,Ἀσίαν
2170 3353 2273 3424 ἐπ’
2336 3350 2606 3444 ὀλέθρῳ
2664 3360 2811 3424 τῶν

563 3456 856 3541 πόλεων,
908 3461 1190 3537 Φαεννὶς
1233 3457 1706 3548 προεδήλωσεν
1752 3461 1828 3527 ἐν
1868 3474 2016 3540 τοϊς
2055 3474 2378 3547 χρησμοῖς
2421 3463 2618 3550 γενεᾷ
2643 3458 2808 3546 πρό-

564 3585 763 3649 τερον
806 3555 847 3648 ἢ
905 3559 1209 3648 ἐπράχθη
1264 3560 1344 3628 τὸ
1405 3561 1638 3649 ἔργον·
1695 3560 1785 3649 Λή
1842 3554 1986 3629 τότ’
2047 3568 2189 3629 κτλ.
2281 3565 2503 3630 Παῖδα
2548 3564 2618 3629 δὲ
2664 3559 2808 3629 εἶπε

563 3661 819 3750 ταύρου
877 3661 1002 3730 τὸν
1062 3665 1136 3731 ἐν
1194 3661 1525 3750 Περγάμῳ
1595 3661 2079 3746 βασιλεύσαντα
2141 3659 2476 3733 Ἄτταλον·
2543 3657 2673 3732 τὸν
2736 3665 2807 3731 δὲ

564 3760 778 3834 αὐτὸν
822 3771 1076 3834 τοῦτον
1116 3769 1230 3833 καὶ
1273 3764 1709 3854 ταυρόκερων
1751 3770 2150 3856 προσείρηκε
2190 3764 2615 3854 χρηστήριον.

735 3874 804 3937 2:
850 3863 1119 3956 αὐχήσει
1148 3878 1311 3954 Sylb.
1359 3862 1630 3962 civorjopet
1670 3878 1934 3939 Lobeek.
1977 3863 2277 3938 αὐλίσσει
2320 3878 2417 3938 vel
2458 3863 2806 3938 αὖλίσεται

565 3980 633 4041 G.
698 3982 1022 4040 Hermann.
1087 3965 1528 4058 ἀμειψόμενος
1599 4009 1686 4020 —-
1759 3966 1843 4039 αὖ
1921 3970 2106 4060 δήσει
2181 3981 2402 4040 Sehnb.
2474 3962 2593 4039 ὧδ’
2666 3966 2807 4060 ἣξει

564 4085 893 4159 Kayserus.
926 4076 948 4159 ΙΙ
1004 4080 1072 4142 4:
1117 4081 1278 4140 πᾶσι
1322 4081 1638 4143 Bekkerus
1685 4083 2030 4144 Dindorfiue
2074 4083 2474 4145 Schnbartus:
2531 4082 2806 4143 codicum

563 4186 753 4246 altera
795 4204 936 4262 pars
981 4204 1112 4258 om„
1155 4186 1348 4244 altera
1394 4186 1638 4245 exhibet
1683 4173 1931 4263 Πάγχυ.
1965 4178 1989 4261 ΙΙ
2221 4182 2236 4200 “

735 4287 803 4349 5:
901 4277 1146 4347 ,τοῖόν
1176 4304 1284 4346 τοι
1315 4272 1700 4367 ἀοσσητῆρα
1729 4282 2041 4367 Κρονίων
2073 4280 2145 4364 ἐξ
2167 4276 2334 4367 Ἴδης
2362 4276 2705 4368 προέηκε.
