3166 4871
510 261 632 321 216

512 426 649 493 ἔστι
714 428 938 510 δίψος,
996 417 1165 492 ἀλλὰ
1208 423 1491 513 ξηρότης
1549 423 1969 512 πεφευγότος
2032 431 2155 492 τοῦ
2215 425 2518 511 αἵματος,
2579 421 2748 492 ὅθεν

512 531 625 596 καὶ
670 519 950 614 ὤχροί,·“
1002 567 1086 577 -
1133 538 1182 596 E
1230 556 1374 597 voce
1427 521 1920 614 „dyoevccbvveff
1975 542 2035 596 et
2080 555 2112 596 e
2170 535 2604 597 consuetudine
2651 537 2752 596 illa

512 641 631 701 oris
663 639 958 699 colluendi
1008 642 1068 698 et
1095 639 1372 700 sorbendi
1406 639 1734 699 eruendum
1785 657 1915 699 esse
1946 639 2086 698 mihi
2115 638 2373 717 videtur,
2417 638 2751 699 vehementi

513 748 673 803 motu
736 743 1192 802 Parmenontetn
1261 744 1453 818 egisse
1513 741 1768 801 fabulas.
1878 742 2010 816 Qua
2069 741 2144 803 de
2209 759 2391 803 causa
2449 743 2507 800 in
2570 739 2752 803 dnbio

514 843 974 923 relinquendum
1037 845 1138 915 sit,
1199 845 1498 920 cogitctne
1555 844 1917 903 Plutarchus
1976 842 2078 910 (dc
2123 843 2259 904 aud.
2304 847 2461 921 poet.
2506 841 2615 916 111)
2675 841 2752 904 de

513 950 915 1008 Parmenonte
961 946 1268 1026 histrione,
1304 947 1429 1025 jam
1476 965 1660 1024 supra
1705 945 2058 1025 expositum.

693 1050 761 1110 In
808 1049 1197 1126 inscriptione
1229 1067 1421 1125 nuper
1465 1050 1684 1108 effossa
1728 1046 1848 1126 (ap.
1878 1048 2162 1108 Kochler.
2193 1049 2295 1125 111,
2339 1067 2396 1126 p.
2427 1045 2576 1120 246)
2616 1048 2755 1107 Par·

515 1154 809 1213 menontis
858 1171 1067 1212 nomen
1127 1155 1323 1211 exstat
1379 1169 1498 1210 una
1544 1169 1676 1211 cum
1726 1151 2002 1228 Lyconis,
2046 1151 2441 1228 Nausicratis‚
2500 1150 2752 1211 aliorum

383 1255 390 1260 ’
517 1256 886 1332 nominibus3
934 1255 1004 1313 ad
1054 1274 1367 1332 quemnam
1416 1272 1641 1314 annum
1686 1255 1984 1333 pertineat
2027 1253 2254 1332 titulus,
2298 1263 2423 1314 non*
2463 1255 2712 1314 constat.

1436 1403 1446 1413 .
1485 1401 1498 1413 .
1535 1403 1545 1413 .
1581 1402 1593 1413 .
1636 1373 1736 1415 ων

1339 1451 1761 1538 Πα(ρ)μένων

1335 1549 1586 1620 Λύκων

1335 1661 1404 1722 N
1411 1653 1916 1744 (α)υσικ(οάτης)

1335 1754 1823 1846 (Animam)
1962 1764 1969 1768 ’

691 1974 1078 2034 Nausicrates
1132 1972 1394 2032 comicus
1455 1972 1663 2032 histrio
1725 1973 1863 2032 item
1910 1973 1985 2032 ab
2031 1973 2326 2033 Aeschine
2384 1979 2762 2050 memoratur,

519 2079 670 2138 Tim.
723 2078 806 2137 98
866 2072 1069 2152 (119),
1131 2073 1229 2133 ubi
1300 2079 1503 2134 orator
1567 2075 1868 2152 quomodo
1928 2076 2283 2136 Timarchus
2342 2075 2759 2152 patrimonium

520 2199 689 2240 snum
738 2177 1074 2255 profuderit
1133 2178 1407 2248 illustrat,
1462 2163 1623 2257 ητὴν
1667 2172 1790 2256 μὲν
1834 2168 1957 2258 γὰρ
2003 2171 2226 2238 οἰκίαν
2269 2168 2392 2259 τὴν
2450 2169 2524 2237 ἐν
2581 2165 2763 2237 ἄστει

521 2264 807 2341 ἀπέδοθ’
853 2260 1058 2349 οὗτος
1103 2269 1552 2359 Ναυσικράτει
1596 2277 1696 2358 τῷ
1753 2276 2030 2359 κωμικῷ
2073 2268 2423 2359 ὑποκριτῇ,
2479 2264 2762 2359 ὕστερον

524 2371 582 2445 δ’
637 2367 848 2462 αὐτὴν
925 2374 1205 2460 ἐπρίατο
1269 2366 1456 2462 παρὰ
1530 2378 1657 2442 τοῦ
1719 2372 2229 2463 Ναυσικράτους
2295 2376 2504 2444 εἴκοσι
2573 2379 2763 2463 μνῶν

525 2479 926 2555 Κλεαίνετος
971 2472 1009 2541 ὁ
1052 2474 1673 2564 χοροδιδάσκαλος.“

695 2588 890 2649 Ceteri
923 2604 1074 2663 quos
1121 2587 1419 2647 nominavi
1468 2588 1755 2659 comoedi,
1803 2590 2018 2662 Aristo,
2064 2589 2364 2669 Phormio,
2408 2590 2576 2668 Lyco
2609 2592 2763 2651 teste

524 2692 775 2754 Charete
800 2687 919 2766 (ap.
946 2689 1163 2749 Athen.
1187 2689 1316 2761 XII,
1348 2710 1404 2767 p.
1430 2692 1550 2753 538
1578 2690 1639 2761 f.)
1671 2690 1876 2751 iisdem
1911 2692 2252 2768 nuptiarum
2276 2692 2660 2754 sollemnibus
2688 2692 2764 2752 ab

525 2791 873 2854 Alexandro
919 2791 1085 2853 Susis
1129 2810 1180 2850 a.
1213 2794 1338 2853 324
1396 2791 1570 2852 factis
1617 2794 1877 2866 comicas
1934 2797 2186 2872 egerunt
2226 2793 2489 2872 fabulas,
2545 2795 2765 2872 quibus

524 2896 876 2967 Thessalus,
924 2893 1375 2973 Athenodorus,
1425 2895 1823 2957 Aristocritus
1871 2896 2148 2975 tragicas.
2222 2897 2426 2958 Aristo
2478 2900 2539 2958 et
2575 2897 2763 2958 Phor·

528 3000 640 3059 mio
714 2998 892 3076 plane
971 2999 1159 3076 ignoti
1233 2998 1403 3059 nobis
1462 3005 1618 3059 sunt.
1728 3000 2023 3060 Aristonis
2082 3001 2295 3078 tragici
2355 3001 2597 3073 actoris,
2659 3001 2763 3078 qui

525 3106 678 3163 teste
722 3101 895 3162 Livio
956 3104 1055 3179 24,
1095 3105 1177 3163 24
1222 3121 1274 3161 a.
1321 3103 1444 3163 214
1504 3103 1562 3162 in
1609 3102 1808 3164 Sicilia
1850 3108 2128 3164 versatus
2183 3107 2303 3183 est,
2364 3121 2549 3182 supra
2606 3121 2763 3164 men·

524 3200 747 3267 tionem
795 3204 927 3264 feci.

695 3308 846 3367 Arte
907 3324 1016 3366 sua
1073 3306 1325 3382 insignis
1370 3305 1612 3367 videtur
1669 3307 1856 3368 fuisse
1900 3307 2063 3383 Lyco
2117 3308 2527 3383 Scarphen-eis
2583 3307 2764 3376 (Plut.

528 3411 697 3470 Alex.
732 3407 856 3480 29).
942 3407 1089 3485 Qui,
1155 3409 1201 3468 si
1253 3405 1402 3469 fides
1449 3408 1727 3470 habenda
1772 3410 2096 3471 Plutarcho
2156 3408 2354 3484 (Alex.
2399 3414 2478 3472 29
2525 3414 2587 3472 et
2653 3410 2762 3485 „de

528 3512 698 3573 Alex.
758 3503 929 3570 sort.“
975 3511 1058 3582 ΙΙ,
1127 3508 1227 3588 2),
1292 3511 1544 3571 mirabili
1607 3513 1853 3590 gavisus
1925 3516 2017 3573 est
2081 3510 2409 3573 Alexandri
2472 3512 2766 3592 largitate.

525 3616 608 3677 Ut
668 3632 801 3674 cum
856 3612 1150 3673 Thessalo
1206 3617 1267 3672 ct
1316 3612 1707 3674 Athenodoro
1758 3614 2027 3676 interfuit
2079 3616 2303 3694 nuptiis
2349 3616 2470 3675 illis
2521 3614 2810 3702 Susanis¹

526 3716 603 3792 (a.
651 3712 819 3792 324),
878 3715 960 3774 ita
1005 3733 1137 3774 cum
1185 3715 1393 3775 iisdem
1442 3715 1676 3776 fabulas
1727 3717 1854 3795 jam
1916 3718 2039 3794 egit
2080 3717 2244 3779 festis
2299 3719 2374 3779 ab
2419 3718 2763 3779 Alexandro

527 3819 674 3897 Tyri
720 3819 869 3878 actis
912 3816 990 3891 (a.
1025 3817 1203 3895 332);
1250 3819 1364 3890 ubi,
1413 3823 1478 3878 ut
1507 3818 1706 3896 priore
1751 3819 1883 3879 loco
1929 3820 2202 3899 traditur,
2247 3840 2351 3881 rex
2404 3810 2662 3898 „1015th
2706 3803 2766 3880 δ’

527 3915 619 3993 εἷς
686 3937 837 3980 τινα
916 3913 1276 4000 κωμῳδίαν
1341 3905 1700 3998 ἐμβαλόντι
1764 3916 1991 4001 στίχον
2063 3908 2410 4003 αἰτητικὸν
2486 3912 2765 4002 γελάσας

527 4016 736 4084 ἔδωκε
768 4017 927 4083 δέκα
957 4012 1311 4082 τάλαντα.“
1393 4024 1598 4084 Altero
1628 4025 1759 4085 loco
1806 4025 2014 4086 histrio
2047 4026 2173 4103 ipse
2218 4025 2379 4087 hunc
2407 4026 2761 4087 talentorum

531 4146 842 4188 numerum
875 4146 911 4186 a
940 4145 1083 4204 rege
1116 4127 1399 4204 petivisse
1430 4125 1679 4187 dicitur:
1730 4117 2093 4200 ,Λύκωνος
2122 4121 2193 4186 δὲ
2238 4125 2363 4187 τοῦ
2393 4121 2766 4208 Σκαρφέως

527 4212 1021 4310 εὖημεροῦντος
1066 4221 1141 4288 ἐν
1185 4226 1282 4307 τῷ
1329 4218 1598 4308 θεάτρῳ
1655 4224 1770 4290 καὶ
1814 4225 2042 4308 στίχον
2085 4222 2176 4301 εἰς
2221 4220 2343 4310 τὴν
2404 4225 2765 4310 κωμῳδίαν
