3166 4871
824 252 827 257 Ι
959 286 1044 343 De
1077 285 1282 342 nomm.
1315 284 1377 341 in
1408 303 1575 353 -αιος,
1644 286 1678 356 5
1718 289 1810 341 19:
2464 293 2543 354 67

298 464 457 527 enim
500 460 707 545 γραῦς
751 484 829 527 ex
870 464 1105 546 γραῙυς
1148 463 1403 543 factum,
1460 464 1601 525 inde
1659 483 1783 526 non
1835 468 2076 543 poterat
2128 465 2386 526 derivari
2434 467 2546 526 nisi

296 556 547 646 γράεια.
634 567 756 629 Sed
816 566 1014 629 adhuc
1065 566 1331 628 nondum
1390 571 1785 628 monstratum
1831 571 1947 649 est,
2003 567 2159 628 illius
2203 566 2404 628 suffixi
2448 585 2546 647 μα,

302 670 468 748 quod
527 671 675 731 satis
716 688 857 743 raro
900 671 961 733 iu
1013 670 1160 747 ling.
1202 686 1429 730 sanscr.
1475 673 1535 730 et
1587 669 1796 731 lituan.
1838 669 2168 749 invenitur,
2225 669 2287 730 in
2340 670 2546 747 lingua

296 772 532 834 Graeca
574 772 697 835 ulla
741 790 872 835 esse
915 772 1189 850 vestigia.
1259 772 1414 832 Nam
1461 771 1624 850 quod
1663 766 1932 850 Bo'ppius
1977 771 2108 849 Vgl.
2139 771 2240 833 Gr.
2269 768 2388 833 111²
2421 770 2538 829 4l7

296 874 595 936 Graecam
652 876 1132 939 terminationem
1192 891 1341 946 -ευς
1400 892 1476 935 ex
1532 874 1635 935 illo
1695 891 1778 949 yn
1831 874 2075 935 fluxisse
2135 875 2337 953 docet,
2399 875 2543 936 satis

293 977 707 1057 probabilibus
763 978 1135 1056 argumentis
1195 976 1522 1037 refutatum
1590 982 1682 1037 est
1745 996 1782 1037 a
1840 978 2047 1039 Curtio
2107 974 2230 1037 ΕΜ
2276 973 2418 1055 597,
2473 978 2545 1038 L.

294 1082 543 1159 Κεῖοι-ο
589 1080 721 1159 Vgl.
777 1079 882 1142 Gr:
932 1081 1018 1158 11,
1079 1075 1231 1159 259,
1300 1080 1483 1141 Beitr.
1536 1099 1587 1140 z.
1631 1078 1837 1140 kunde
1897 1078 1954 1139 d.
1997 1079 2116 1157 idg.
2169 1098 2292 1159 spr.
2346 1082 2399 1159 1,
2443 1076 2543 1143 22.

291 1182 551 1245 Accedit
594 1183 758 1261 quod
800 1183 1186 1245 vetustiorem
1233 1182 1510 1243 vocabuli
1543 1160 1751 1261 ypsaiig
1778 1181 2027 1243 formam
2059 1183 2269 1244 testari
2300 1183 2542 1245 videtur
2595 1206 2603 1213 ’

292 1283 535 1365 γραῦις
593 1289 946 1364 usurpatum
997 1304 1035 1347 a
1079 1285 1468 1369 Callimacho:
1528 1285 1660 1345 EM.
1717 1304 1776 1364 p.
1822 1280 1972 1363 240,
2018 1284 2054 1342 5
2112 1275 2252 1344 ἔστι
2310 1276 2541 1365 γραύις

291 1376 561 1467 γραύιδι
603 1377 789 1467 ,παρὰ
818 1377 1239 1466 Καλλιμάχῳ.
1312 1388 1406 1447 De
1436 1381 1806 1466 καραβίδες.
1838 1385 2063 1467 γρᾶες.
2108 1386 2538 1466 Μεθυμνατοι

291 1491 559 1568 Hesych.
601 1491 749 1552 nihil
794 1490 989 1553 audeo
1029 1490 1344 1552 affirmare.
1376 1541 1383 1547 .
1413 1483 1601 1570 γραΐς
1632 1493 1725 1551 est
1753 1492 1917 1571 apud
1947 1492 2272 1570 scriptores
2300 1491 2536 1554 infimae

291 1595 533 1673 aetatis,
591 1593 972 1656 Charitonem
1017 1590 1076 1672 6,
1128 1592 1193 1670 ¹3
1256 1592 1562 1669 chrysost.
1609 1592 1704 1654 cit.
1745 1595 1811 1657 in
1864 1595 1978 1655 lex.
2022 1596 2267 1656 Barocc.
2312 1611 2538 1675 γυναι-

290 1692 439 1755 κῶν
492 1712 703 1756 τινων
746 1689 1072 1776 γραΐόων,
1128 1696 1311 1757 schol.
1368 1696 1445 1756 H.
1499 1696 1566 1756 Il.
1611 1693 1694 1775 Γ,
1738 1692 1863 1755 386
1923 1698 2025 1775 qui
2081 1691 2240 1778 γρηῒ
2292 1698 2540 1775 exponit

290 1791 546 1880 γραῒδι,
600 1801 813 1861 Zonar-
856 1798 1020 1863 Suid.
1105 1799 1305 1876 Atque
1360 1798 1476 1859 hoc
1528 1799 1769 1876 quidem
1812 1800 2171 1861 vocabulum
2216 1820 2334 1861 non
2382 1820 2537 1878 nego

289 1902 431 1962 mihi
478 1919 723 1980 quoque
769 1906 1117 1981 suspectum
1161 1917 1320 1979 esse,
1378 1904 1444 1960 ut
1487 1899 1751 1962 dubitem
1795 1921 1871 1961 an
1917 1906 2082 1962 recte
2125 1902 2194 1962 L.
2223 1902 2535 1964 Dindorfio

285 2005 346 2065 in
391 2004 548 2064 thes.
591 2003 868 2066 videatur
898 2004 1189 2067 novitium
1220 2020 1369 2082 esse,
1412 2002 1517 2064 sed
1548 2005 1688 2064 voci
1714 2000 1945 2082 γραῧις
1976 2005 2244 2065 veritatis
2274 2006 2532 2084 speciem

286 2106 456 2169 addit
498 2107 729 2167 vocalis
771 2124 831 2168 v.
915 2106 1066 2168 Inde
1109 2106 1405 2185 sequitur,
1460 2111 1624 2168 recte
1678 2107 1813 2168 illos
1873 2105 2126 2185 vidisse,
2188 2107 2290 2185 qui
2332 2106 2537 2188 γραῦς

290 2228 361 2271 ex
391 2204 663 2289 γεραΗς
691 2213 896 2271 natum
926 2213 1161 2289 putant.
1237 2208 1465 2284 Quodsi
1501 2210 1598 2269 cui
1629 2210 1840 2271 mirum
1870 2208 2162 2289 videatur,
2202 2212 2262 2270 in
2295 2210 2536 2272 casibus

287 2312 555 2390 obliquis
615 2313 1048 2377 terminationis
1105 2307 1174 2373 ιδ
1224 2313 1479 2390 vestigia
1532 2313 1730 2374 omnia
1775 2313 2115 2389 evanuisse,
2173 2313 2224 2373 is
2280 2315 2532 2390 primum

284 2415 496 2478 videat
542 2432 700 2494 quae
746 2414 913 2478 Curt.
956 2412 1080 2477 Et.³
1126 2410 1251 2474 584
1308 2416 1484 2477 docet
1542 2413 1618 2476 de
1675 2415 2094 2478 terminatione
2138 2409 2207 2476 ιδ
2249 2434 2322 2478 ex
2367 2421 2533 2478 vetu-

286 2519 480 2581 stiore
524 2535 547 2576 ι
592 2521 754 2599 nata,
796 2518 1014 2584 deinde
1056 2518 1338 2597 inspiciat
1381 2518 1750 2597 Brugmanni
1796 2537 2004 2579 comm.
2033 2518 2108 2579 de
2136 2518 2308 2596 prod.
2338 2521 2534 2597 suppl.

286 2620 463 2682 Stud„
507 2621 610 2700 IV,
653 2621 758 2699 qui
800 2641 859 2701 p.
908 2617 1027 2680 162
1087 2622 1297 2683 eodem
1358 2620 1534 2683 modo
1587 2621 1829 2682 nomIna
1880 2622 1941 2680 in
1987 2639 2045 2679 ω
2089 2620 2424 2682 desinentia
2467 2627 2533 2683 ut

284 2712 556 2803 Γοργώ,
598 2712 822 2804 Λητώ,
865 2713 1141 2799 Σαπφώ
1171 2723 1417 2801 stirpem
1446 2725 1615 2801 prius
1644 2724 1705 2783 in
1735 2724 1843 2783 oft
1875 2722 2240 2785 desinentem
2273 2729 2533 2786 mutasse

280 2827 557 2905 exponit,
598 2829 667 2888 ut
694 2843 718 2884 ι
746 2825 875 2914 fere
912 2827 1150 2889 omnino
1197 2827 1527 2888 evanuerit.
1600 2828 1656 2887 Ν
1661 2827 2020 2888 ominativus
2064 2829 2264 2888 autem
2310 2824 2535 2908 γραῦς,

222 2999 229 3006 ‚
278 2930 407 2991 sive
454 2932 527 2990 ut
567 2928 734 3007 apud
761 2929 1088 2994 Homerum
1133 2933 1225 2990 est
1266 2916 1487 3009 γρηῢς,
1528 2947 1604 2990 ex
1646 2930 1875 3008 ypaftg
1919 2933 2097 2989 natus
2142 2947 2272 2990 esse
2317 2934 2533 3008 potest,

277 3036 345 3093 nt
387 3049 575 3103 παυς
625 3032 687 3091 in
744 3032 989 3094 vasibus
1044 3032 1220 3110 pictis
1277 3035 1372 3092 sat
1427 3032 1691 3109 antiquis
1742 3050 1852 3109 pro
1896 3038 2055 3101 παῖς
2099 3028 2162 3105 (i.
2191 3049 2241 3092 e.
2284 3030 2532 3106 παής),

279 3133 448 3196 Curt.
478 3154 542 3195 n.
573 3129 731 3212 387,
784 3123 1030 3214 θωυτά
1072 3152 1150 3195 ex
1193 3131 1499 3213 θωῘετα,
1540 3130 1711 3213 κῆυξ
1741 3152 1816 3195 ex
1859 3134 2072 3209 zafag
2116 3130 2462 3211 (Brugm.·l.
2492 3136 2532 3196 l.

275 3254 336 3314 p.
373 3233 546 3309 146).
629 3237 763 3297 Hoc
819 3237 1003 3314 igitur
1054 3235 1316 3316 γεραής
1375 3236 1758 3298 consentiunt
1800 3236 2039 3313 Legerl.
2083 3236 2244 3297 Curt.
2289 3237 2531 3314 Brugm.

278 3357 316 3398 a
341 3338 657 3418 primitivo
689 3339 998 3418 γεραῘο-ς
1039 3336 1230 3416 (quod
1259 3339 1593 3400 servaverit
1619 3338 1991 3416 Hesychius:
2034 3327 2263 3418 γραός·
2309 3337 2533 3419 γραῦς,

274 3431 451 3521 γυυὴ
498 3428 858 3519 γεράσασα,
902 3445 965 3501 et
1009 3442 1359 3503 contineant
1402 3442 1731 3519 composita
1775 3435 2159 3520 γραολογία,
2204 3458 2529 3522 γραοπρε-

272 3533 408 3624 πῆς
454 3542 560 3617 al.)
600 3561 712 3622 per
764 3542 1045 3606 suffixum
1100 3561 1124 3602 ι
1162 3545 1265 3618 yel
1310 3538 1379 3604 ιδ
1422 3543 1755 3605 derivatum
1800 3561 1946 3605 esse.
2031 3541 2152 3604 Sed
2198 3543 2530 3626 discedunt,

274 3647 353 3707 ab
382 3646 605 3709 eodem
634 3651 836 3725 etymo
866 3645 1118 3710 diversis
1147 3647 1479 3710 rationibus
1508 3647 1753 3708 ductum
1794 3664 1925 3707 esse
1956 3651 2155 3726 γραῖα
2199 3651 2531 3708 censentes.

272 3750 666 3828 Brugmanus
708 3749 867 3810 enim
909 3748 1039 3829 „Ab
1082 3746 1456 3829 γ(ε)ρ-α.Ρο-,
1502 3750 1711 3828 inquit,
1755 3748 1956 3811 suffixi
1984 3750 2064 3823 ja
2095 3767 2210 3827 ope
2254 3748 2531 3828 protinus

269 3854 393 3913 ion.
437 3840 676 3932 γρήιος
719 3846 932 3932 γρηὶη,
977 3855 1080 3914 att.
1108 3856 1338 3932 γραῑος
1366 3857 1563 3933 γραῖα
1594 3852 1851 3913 formata
1878 3843 2070 3914 sunt“.
2141 3850 2302 3912 Huic
2345 3851 2531 3926 obest,

270 3973 397 4033 qua
427 3972 621 4033 supra
659 3954 944 4032 prohibiti
970 3973 1179 4016 sumus
1207 3958 1405 4035 γραῖα
1432 3973 1546 4033 pro
1575 3954 1861 4016 feminino
1892 3953 2174 4032 adjectivi
2215 3950 2530 4033 γ(ε)ρᾳιος

266 4056 523 4135 habere,
565 4056 802 4118 vocalis
842 4056 1036 4118 finalis
1079 4057 1403 4135 quantitas.
1474 4058 1686 4135 Itaque
1724 4056 1946 4118 rectius
1974 4055 2391 4133 Legerlotzius
2419 4052 2535 4132 1.l.‚

268 4178 345 4221 ea
404 4160 470 4220 in
534 4177 603 4222 re
659 4155 1011 4235 Ben'feyium
1065 4162 1334 4238 secutus,
1393 4154 1462 4217 ιᾶ
1516 4177 1637 4220 non
1698 4175 1830 4220 esse
1889 4158 2233 4218 femininam
2279 4156 2529 4215 formam

265 4261 474 4323 suffixi
533 4260 918 4341 adjectivalis
960 4276 1054 4335 ιο,
1107 4262 1213 4322 sed
1272 4260 1424 4321 illud
1476 4253 1757 4321 suffixum
1816 4259 2237 4321 femininorum
2297 4259 2529 4316 tantum
