3166 4871
2521 308 2640 371 123

567 485 783 560 Neque
826 484 996 544 aliter
1040 501 1136 543 res
1178 501 1242 542 se
1287 482 1472 542 habet
1517 482 1578 541 in
1627 481 1719 541 his
1765 480 1935 541 verbi
1979 471 2275 541 κελεύειν
2303 482 2642 543 indicativis

399 585 763 663 praesentis:

400 690 594 749 Prom.
642 691 824 749 1066.
908 684 1055 758 πῶς
1093 705 1174 766 με
1220 676 1511 757 κελεύεις
1555 669 1872 765 κακότητ’
1915 670 2184 757 dcxciv,-

484 791 758 868 quamvis
800 789 1122 868 praecedat
1163 790 1447 851 aoristus:
1504 785 1713 848 τοῦτο
1763 782 2144 868 παρέσυρας
2190 779 2384 861 ἔπος,
2445 796 2640 851 tamen

484 911 773 971 praesens
816 891 1086 953 infertur.

401 995 666 1073 Choeph.
714 999 831 1057 107
876 994 954 1054 ad
998 995 1272 1055 Electrae
1331 994 1835 1055 adhortationem:
1896 988 2115 1072 λέγοις
2174 980 2256 1053 ἄν
2299 1027 2382 1034 -
2428 996 2645 1056 chorus

487 1097 840 1175 respondet:
896 1090 1096 1172 λέξω,
1158 1085 1450 1168 κελεύεις
1492 1086 1653 1177 γὰρ,
1699 1097 1737 1157 i.
1770 1114 1818 1157 e.
1867 1090 2119 1174 θέλεις,
2179 1117 2316 1157 nam
2371 1099 2645 1158 voluntas

487 1206 815 1278 permanet,
860 1218 993 1259 cnm
1042 1218 1158 1259 vox
1203 1218 1325 1275 qua
1371 1200 1471 1260 illa
1515 1205 1607 1259 est
1652 1200 2043 1277 pronuntiata
2088 1207 2421 1261 evanescat.

574 1305 696 1363 Iam
752 1303 801 1363 si
861 1303 1012 1363 haec
1070 1303 1446 1362 recensueris
1508 1303 1786 1378 exempla
1831 1306 2102 1379 apertum
2150 1310 2271 1377 est,
2315 1323 2425 1363 cur
2469 1310 2647 1381 poeta

403 1424 688 1484 praesens
722 1406 1044 1482 praeterito
1078 1406 1456 1481 praetulerit,
1507 1405 1681 1464 modo
1731 1406 2067 1465 memineris
2115 1424 2230 1465 non
2278 1406 2472 1466 subito
2521 1427 2647 1467 ver-

405 1510 615 1569 borum
661 1526 818 1585 quae
863 1508 998 1585 quis
1057 1508 1538 1583 pronuntiaverit
1583 1509 1677 1567 vel
1723 1507 1964 1567 auribus
2011 1510 2376 1585 perceperit,
2435 1528 2647 1570 sonum

404 1612 620 1679 emori,
681 1609 785 1670 sed
845 1610 1177 1687 perdurare
1232 1610 1600 1687 aliquamdiu
1658 1611 2059 1687 memoriaque
2120 1611 2424 1672 custodiri.
2513 1614 2652 1689 lpsa

406 1732 547 1774 vero
603 1732 759 1791 quae
821 1712 1020 1773 verbis
1078 1715 1234 1773 inest
1295 1714 1385 1773 vis
1429 1714 1511 1773 ita
1555 1714 1916 1791 percipitur,
1962 1718 2028 1773 ut
2072 1710 2340 1790 quolibet
2382 1717 2650 1791 tempore

406 1816 464 1876 in
514 1817 853 1877 memoriam
900 1818 1169 1875 revocari
1200 1817 1519 1893 animoque
1564 1816 1735 1893 quasi
1781 1834 2068 1892 praesens
2109 1815 2417 1876 obversari
2449 1818 2652 1891 possit.

408 1919 596 1993 Quam
645 1937 769 1979 rem
815 1918 891 1977 ad
924 1918 1323 1994 frequentiam
1371 1918 1581 1978 horum
1630 1917 2031 1995 praesentium
2067 1935 2182 1976 non
2219 1918 2364 1977 nihil
2396 1919 2652 1978 valuisse

407 2022 579 2081 facile
623 2020 996 2095 intelligitur;
1045 2038 1179 2079 nam
1229 2020 1412 2079 multo
1443 2021 1687 2095 saepius
1717 2019 1776 2077 iu
1811 2018 2094 2078 diverbiis
2135 2020 2478 2096 praeseutia
2523 2038 2653 2081 ver·

408 2124 616 2184 borum
662 2122 945 2182 audiendi
1001 2140 1179 2199 quam
1228 2122 1463 2181 dicendi
1525 2125 1908 2198 usurpantur.
1999 2122 2295 2181 Praesens
2340 2122 2521 2199 igitur
2566 2128 2657 2183 est

409 2225 846 2286 considerantis
905 2230 965 2284 et
1022 2224 1259 2300 singula
1317 2243 1517 2283 secum
1595 2223 1913 2299 diligenter
1974 2224 2373 2299 recordantis,
2434 2226 2654 2285 aoristo

410 2347 552 2388 vero
600 2327 862 2387 adhibito
908 2326 1069 2403 quod
1117 2326 1337 2386 factum
1384 2329 1476 2386 est
1534 2326 1878 2401 simpliciter
1931 2327 2229 2386 statuitur.
2318 2326 2495 2401 Quod
2541 2328 2655 2388 dis-

412 2432 630 2492 crimen
665 2437 953 2507 quantum
980 2428 1254 2489 conferat
1284 2429 1360 2489 ad
1402 2428 1849 2490 describendam
1896 2433 1956 2489 et
1998 2429 2409 2490 illustrandam
2456 2449 2656 2491 rerum

411 2534 508 2594 vel
549 2551 978 2612 personarum,
1039 2551 1191 2608 quas
1234 2536 1413 2610 poeta
1457 2536 1707 2609 agentes
1755 2531 1926 2608 facit,
1987 2533 2210 2593 variam
2257 2532 2656 2594 conditionem

411 2636 587 2696 facile
635 2635 1012 2713 perspicitur.

1501 2791 1566 2859 2.

585 2927 800 3004 Neque
846 2928 1039 2987 minus
1072 2926 1380 2986 commode
1415 2926 1743 2986 dramatico
1776 2932 1989 3003 poetae
2020 2931 2393 3002 praesentem
2424 2943 2661 3003 semper

414 3046 611 3089 rerum
674 3034 893 3089 statum
952 3029 1204 3089 intuenti
1271 3047 1335 3088 se
1396 3030 1659 3089 offerunt
1714 3029 2055 3106 praesentia
2108 3046 2182 3088 ex
2228 3028 2427 3088 verbis
2473 3026 2658 3088 eundi

416 3131 515 3191 vel
569 3131 847 3191 veniendi
904 3130 999 3191 vel
1061 3131 1330 3191 mittendi
1377 3148 1704 3208 eorumque
1763 3131 2051 3191 similibus
2121 3129 2420 3200 derivata;
2480 3148 2659 3208 saepe

416 3234 570 3293 enim
618 3234 868 3293 interest
914 3252 1032 3293 non
1080 3239 1196 3293 tam
1243 3234 1623 3311 praeteritam
1673 3234 1965 3293 actionem
2013 3233 2194 3293 eundi
2239 3234 2334 3292 vel
2380 3230 2662 3292 veniendi

418 3336 512 3395 vel
570 3336 838 3396 mittendi
900 3333 1223 3413 significari
1284 3354 1459 3412 quam
1521 3340 1738 3395 statum
1813 3341 2185 3411 praesentem
2262 3336 2369 3394 illa
2426 3336 2661 3394 actione

419 3439 696 3498 effectum
716 3434 811 3510 ²³).

589 3539 854 3600 Praeivit
890 3540 1183 3600 Homerus
1214 3538 1320 3614 (Σ,
1353 3543 1474 3602 385
1522 3534 1712 3598 τίπτε
1748 3529 1997 3610 ἱκάνεις
2043 3527 2365 3620 ἡμέτερον
2410 3533 2544 3609 δῶ,·
2590 3539 2662 3598 cf.

421 3657 460 3699 ν
505 3646 645 3712 328,
692 3640 767 3713 Ε,
814 3640 963 3716 478)
1023 3661 1197 3719 quem
1260 3649 1598 3719 sequuntur
1663 3643 1874 3719 reliqui
1935 3651 2150 3721 poetae
2207 3647 2267 3703 et
2323 3643 2666 3719 scriptores.

418 3744 754 3822 Aeschylea
797 3744 982 3822 igitur
1027 3745 1302 3822 exempla
1344 3745 1608 3806 breviter
1653 3762 2036 3805 enumerasse
2080 3744 2225 3805 satis
2272 3744 2578 3804 habemus.

588 3836 820 3905 ἱκάνω.
854 3848 1018 3908 Pers.
1046 3852 1183 3909 159.
1214 3849 1326 3925 Ag.
1353 3852 1532 3910 1337.
1589 3832 2023 3922 ἀφικνεῖσθαι
2054 3848 2218 3908 Pers.
2245 3850 2339 3907 15.
2385 3847 2494 3923 Ag.
2520 3850 2664 3908 435.

418 3950 624 4028 Suppl.
660 3950 1108 4020 332.(f01tasse
1142 3953 1289 4022 551)
1330 3941 1457 4008 ἵκω
1508 3969 1624 4011 non
1673 3953 1886 4010 exstat.
1927 3935 2070 4028 ἥκω
2089 3946 2165 4020 ²⁴)
2212 3951 2405 4009 Prom.
2440 3953 2492 4008 1.
2525 3951 2665 4009 284.

427 4067 805 4074 ——--——-———

588 4132 658 4194 ²³)
694 4129 776 4183 Cf.
825 4129 1163 4185 Schmalfeld
1212 4131 1245 4183 l.
1282 4129 1315 4183 l.
1352 4134 1383 4197 ξ
1418 4134 1500 4196 54,
1539 4135 1586 4196 5,
1625 4129 1674 4182 b.
1723 4145 1814 4197 pg.
1851 4133 1932 4184 94.
2023 4127 2216 4182 Aken:
2266 4126 2666 4196 'l'empuslehre

422 4232 474 4284 p.
511 4222 580 4268 13.
653 4215 899 4269 Ruhner.
928 4215 996 4280 11,
1032 4219 1070 4267 1.
1109 4219 1262 4280 §382
1288 4231 1333 4268 c.
1370 4224 1472 4268 etc.

590 4301 662 4368 ²⁴)
696 4297 782 4354 Cf.
820 4300 1022 4355 Brock.
1048 4301 1082 4353 l.
1109 4301 1141 4353 l.
1178 4315 1233 4368 p.
1262 4303 1341 4352 21.
