3166 4871
541 274 665 334 400

543 450 634 505 est
693 447 853 523 ejus,
912 446 1013 522 qni
1077 464 1113 504 a
1174 445 1548 523 Germanico,
1621 463 1751 505 cum
1822 446 1873 503 11
1941 446 2047 503 vir.
2094 444 2558 521 quinquennalis
2623 463 2786 505 crea-

541 551 641 607 tus
700 552 891 621 esset,
974 546 1233 607 vicarius
1300 549 1661 608 constitutus
1735 551 1864 607 erat
1882 543 1977 618 ²⁴),
2053 546 2313 623 denique
2377 544 2555 624 Oppii
2619 548 2784 607 Bassi

542 649 831 726 praefecti
883 650 1005 727 juri
1073 649 1185 709 dic.
1240 650 1508 720 Auximi3
1585 649 1678 709 bic
1741 667 1983 726 qnoque
2035 649 2110 708 ab
2158 648 2517 725 imperatore
2573 648 2787 709 missus

543 750 784 812 videtur
829 768 978 811 esse.

713 852 972 914 Senatus
1017 851 1148 913 vice
1194 853 1253 912 in
1300 851 1536 929 oppidis
1582 852 1947 929 fungebatur
2000 851 2391 912 decurionum
2438 852 2787 928 collegium

546 954 946 1032 primipilares
990 956 1133 1031 quin
1182 954 1362 1032 hujus
1408 954 1714 1031 dignitatis
1759 955 2086 1032 participes
2133 954 2379 1025 fuerint,
2439 955 2496 1012 in
2545 954 2786 1014 dubium

544 1058 750 1117 vocari
800 1076 916 1116 uon
965 1061 1186 1134 potest,
1245 1057 1467 1134 quippe
1525 1075 1658 1116 cum
1721 1056 1794 1116 iis
1841 1057 2166 1117 honoribus
2211 1056 2554 1134 saepissime
2600 1055 2788 1117 functi

546 1165 764 1230 essent,
813 1178 886 1219 ex
938 1159 1158 1236 quibus
1206 1158 1564 1219 decuriones
1609 1158 1860 1234 fiebant3
1921 1165 2117 1218 tamen
2169 1158 2567 1218 memorabilia
2611 1161 2786 1235 quae·

546 1262 682 1323 dam
729 1261 887 1321 tituli
920 1280 1028 1321 nos
1065 1261 1312 1322 docent:
1360 1261 1422 1321 C.
1452 1261 1654 1323 Julius
1686 1261 1948 1339 Lepidus
1980 1259 2069 1336 (9)
2102 1261 2265 1321 nullo
2312 1279 2560 1321 munere
2605 1261 2790 1320 muni·

548 1364 727 1450 cipali
785 1364 1028 1424 functus
1084 1365 1144 1423 in
1204 1383 1513 1423 numerum
1564 1364 1989 1440 decurionum,
2049 1365 2115 1423 P.
2161 1365 2439 1440 Magnius
2485 1362 2793 1423 Amandus

551 1464 641 1539 (2)
694 1485 840 1526 vero
887 1468 1079 1526 statim
1130 1469 1286 1526 inter
1331 1465 1916 1544 quinquennalicios,
1960 1468 1995 1526 i.
2041 1486 2090 1525 e.
2136 1467 2194 1525 in
2237 1467 2489 1542 primum
2522 1465 2792 1525 decurio-

546 1588 685 1629 num
735 1568 986 1644 gradum
1034 1568 1349 1645 adlegitur.

717 1672 784 1730 In
832 1671 1009 1730 titulo
1060 1674 1138 1731 10
1183 1669 1508 1729 difficultas
1553 1669 1849 1746 quaedam
1897 1670 2083 1729 inest:
2129 1671 2485 1747 plerumque
2529 1670 2684 1728 enim
2731 1670 2789 1727 in

548 1778 757 1833 senatu
806 1791 961 1832 unus
1008 1773 1392 1849 magistratus
1438 1773 1626 1832 verba
1669 1771 1814 1832 facit
1857 1774 1980 1831 sive
2028 1772 2212 1831 refert
2266 1771 2363 1841 (cf.
2410 1772 2605 1830 Wilm.
2652 1774 2793 1833 693.

551 1874 731 1952 695);
777 1874 871 1934 hic
903 1893 1046 1935 vero
1081 1875 1479 1952 primipilaris,
1527 1877 1628 1952 qui
1665 1875 1812 1934 nulli
1849 1874 2080 1935 muneri
2112 1874 2452 1950 municipali
2499 1878 2793 1951 praeerat,

551 1978 738 2038 verba
781 1977 926 2037 facit
969 1977 1048 2037 de
1081 1977 1303 2037 meritis
1332 1978 1496 2037 illius
1527 1981 1907 2054 statuamque
1939 1976 2271 2054 ponendam
2307 1981 2531 2053 censet,
2577 1974 2795 2035 deinde

549 2080 635 2140 IV
680 2080 775 2138 vir
831 2078 905 2139 de
960 2097 1030 2138 ea
1074 2097 1141 2138 re
1186 2079 1404 2149 1·efert;
1478 2083 1799 2156 propterea
1859 2079 2130 2140 Caesium
2195 2077 2538 2139 Silvestrem
2578 2078 2795 2154 'primi-

554 2182 800 2259 pilarem
850 2199 1035 2258 parvo
1069 2180 1473 2242 Tuficensium
1522 2181 1845 2258 municipio
1890 2181 1964 2240 ab
2001 2182 2359 2258 imperatore
2387 2181 2792 2258 praepositum

550 2283 736 2344 fuisse
783 2288 961 2360 puto,
1015 2283 1286 2344 similiter
1332 2301 1403 2343 ac
1443 2284 1511 2344 P.
1539 2283 1924 2342 Tuscennius
1957 2284 2124 2343 Felix
2156 2281 2287 2356 (11)
2321 2282 2796 2342 extraordinaria

549 2385 808 2463 quadam
883 2389 1181 2463 potestate
1266 2389 1515 2446 ornatus
1609 2384 1932 2462 municipio
2006 2386 2181 2445 alicui
2255 2385 2634 2464 praepositus
2713 2383 2795 2442 vi-

550 2488 734 2547 detur*
772 2488 977 2548 fuisse.

722 2592 811 2650 Ex
859 2592 950 2650 his
998 2590 1270 2649 omnibns
1317 2596 1602 2667 apparet,
1662 2589 2112 2667 primipilarium
2170 2591 2228 2649 in
2275 2590 2607 2668 municipiis
2653 2607 2797 2648 con-

557 2691 851 2754 dicionem
899 2691 1438 2770 splendidissimam
1486 2692 1701 2761 fuisse;
1779 2692 1940 2769 quod
1998 2693 2157 2752 nulla
2203 2711 2269 2753 re
2316 2694 2539 2752 certius
2585 2690 2797 2752 confir·

551 2801 749 2855 matur
820 2814 997 2872 quam
1061 2789 1436 2855 multitudine
1497 2794 1838 2871 titulorum,
1895 2796 1997 2871 qui
2058 2795 2459 2872 primipilares
2512 2798 2796 2872 patronos

553 2896 916 2957 coloniarum
978 2896 1163 2956 fuisse
1224 2901 1473 2957 narrant
1516 2895 1597 2970 (7.
1645 2893 1752 2968 8.)‚
1814 2915 1970 2975 quae
2030 2896 2266 2973 quidem
2325 2897 2586 2973 dignitas
2647 2896 2795 2955 tanti

550 2998 912 3077 habebatur,
958 3004 1024 3058 ut
1069 3000 1488 3076 potentissimis
1533 3000 1848 3076 utriusque
1893 2997 2119 3059 ordinis
2165 2999 2308 3058 viris
2337 2999 2538 3058 offerri
2573 2998 2797 3058 soleret

551 3106 612 3161 et
657 3119 731 3161 ue
773 3100 847 3160 ab
895 3101 1353 3179 imperatoribus
1399 3101 1639 3178 quidem
1685 3106 2085 3161 recusaretur.

723 3304 1166 3381 Primipilares,
1233 3303 1336 3381 qui
1397 3322 1646 3363 munera
1691 3305 1995 3380 equestria
2038 3307 2497 3380 recusaverant,
2558 3302 2796 3361 minime

551 3422 758 3465 omnes
823 3405 900 3465 ab
961 3407 1119 3466 omni
1185 3424 1330 3465 cura
1374 3405 1616 3483 publica
1659 3407 1868 3465 remoti
1915 3409 2114 3483 erant,
2172 3406 2371 3482 potius
2417 3405 2652 3481 saepius
2696 3422 2796 3463 oc·

552 3507 791 3568 casione
839 3506 979 3567 data
1024 3507 1283 3567 officia
1327 3508 1628 3585 publica
1674 3507 1906 3568 denuo
1952 3507 2295 3567 videntur
2355 3507 2796 3583 suscepisse.

721 3610 960 3671 Contuli
1005 3609 1163 3670 infra
1208 3611 1415 3670 titulos
1444 3611 1910 3687 primipilarium,
1955 3611 2060 3688 qui
2091 3611 2270 3670 rebus
2301 3609 2795 3670 extraordinariis

549 3715 742 3791 iisque
787 3720 949 3773 certe
995 3714 1252 3791 plebejis
1298 3713 1622 3791 praepositi
1670 3718 1858 3785 erant,
1906 3713 2165 3789 disjunxi
2211 3714 2285 3772 ab
2334 3713 2425 3772 his
2464 3729 2568 3773 eos
2596 3712 2795 3790 primi·

550 3817 807 3894 pilares,
868 3816 970 3892 qui
1036 3835 1396 3893 quamquam
1445 3814 1939 3893 extraordinaria,
1999 3821 2197 3876 tamen
2246 3822 2449 3892 aperte
2495 3814 2799 3892 equestria

720 3980 786 4042 ²⁴)
823 3977 950 4032 Sex.
986 3977 1192 4033 Pedius
1238 3977 1502 4032 Hirrutus
1551 3979 1778 4032 alteram
1827 3977 2401 4047 quinquennalitatem
2439 3977 2610 4046 jussu
2658 3976 2796 4031 Ger-

548 4062 767 4129 manici,
803 4061 1030 4116 alteram
1068 4077 1135 4116 ex
1174 4068 1406 4117 senatus
1440 4064 1471 4117 i.
1499 4078 1545 4116 e.
1573 4062 1934 4116 decurionum
1973 4062 2251 4129 consultu,
2287 4061 2390 4116 sed
2414 4076 2534 4116 eam
2570 4076 2796 4132 quoque

546 4146 788 4202 vicarius
837 4146 1091 4202 Caesaris
1136 4146 1330 4213 gessit.
1384 4145 1483 4214 (cf.
1530 4147 1775 4201 Momms.
1820 4146 2026 4202 Stadtr.
2076 4163 2128 4202 v.
2173 4146 2443 4215 Salpensa
2479 4162 2532 4200 u.
2567 4146 2794 4203 Malaca.

547 4231 734 4301 Leips.
775 4235 902 4286 1855
939 4248 992 4300 p.
1031 4236 1170 4298 448).
