3166 4871
612 238 696 300 48
1612 232 1868 288 zacher

612 412 801 471 multo
847 411 1033 487 magis
1089 408 1476 470 confirmatur
1518 411 1592 470 iis
1652 411 1890 471 casibus
1948 410 2052 487 qui
2112 428 2232 471 non
2292 410 2539 471 eandem
2600 408 2854 469 formam

611 514 836 574 habent
862 513 912 572 si
940 531 977 572 a
1005 501 1326 591 κεράμεος
1356 517 1541 589 atque
1570 513 1621 573 si
1653 532 1688 573 a
1718 509 2081 590 κεραμεοῦς
2112 512 2393 573 declinati
2424 515 2582 590 sunt,
2613 512 2672 571 hi
2695 512 2852 570 enim

610 619 745 692 post
790 632 816 673 ε
864 633 1102 693 semper
1144 613 1270 675 fere
1324 614 1551 675 hahent
1604 615 2076 693 diphthongum:
2133 615 2279 674 Luc.
2322 615 2479 676 Gall.
2531 610 2603 670 14
2662 629 2856 691 κερα-

608 714 817 796 μεοῦν
846 706 1172 796 τρύβλιον
1208 703 1637 793 ὑφελόμενος.
1713 715 1885 777 Philo
1915 718 1992 795 11,
2022 712 2167 794 309,
2195 713 2293 776 28.
2340 714 2421 774 32
2466 711 2855 795 κεραμεοῦν.

610 820 893 880 Philostr.
938 820 1008 879 V.
1068 820 1183 896 Ap.
1226 815 1294 897 6,
1348 815 1429 875 22
1492 805 1758 898 ἄγαλμα
1819 815 2193 898 κεραμεοῦν
2254 836 2327 876 τε
2390 812 2505 878 καὶ
2564 814 2851 892 φαῦλον.

609 923 760 983 Poll.
812 920 908 1002 10,
953 918 1032 979 30
1077 917 1313 1000 τεῦχος
1354 918 1746 999 κεραμεοῦν.
1836 920 2087 981 Accedit
2129 911 2454 1001 τριακτήρ
2511 921 2678 981 locus
2736 937 2855 1001 rne-

609 1026 799 1086 tricus
843 1023 1095 1084 Niconis
1141 1023 1350 1084 comici
1396 1028 1462 1083 ut
1504 1025 1624 1083 vid.
1667 1024 2018 1084 recentioris
2064 1024 2407 1084 comoediae
2453 1041 2548 1101 ap.
2586 1022 2726 1083 Ath.
2763 1021 2856 1100 11,

608 1146 667 1205 p.
700 1122 820 1184 487
845 1126 889 1186 C
934 1115 1175 1204 Μάνην
1222 1109 1413 1202 ὀέἶχε
1446 1122 1842 1203 κεραμεοῦν,
1887 1112 2113 1203 ἁδρόν.
2190 1125 2359 1200 Quae
2397 1144 2578 1203 quum
2609 1127 2694 1185 ita
2723 1124 2856 1201 sint,

612 1231 739 1290 veri
786 1248 906 1289 non
948 1228 1233 1288 dissimile
1265 1228 1501 1288 videtur
1530 1230 1748 1288 ceteris
1791 1246 2034 1306 quoque
2071 1229 2232 1307 locis,
2274 1231 2335 1288 in
2374 1228 2591 1306 quibus
2620 1228 2858 1288 vocales

610 1351 730 1392 nou
763 1335 1109 1391 contractae
1139 1329 1393 1391 traditae
1423 1334 1582 1410 sunt,
1616 1330 2194 1393 circumflectendam
2222 1350 2353 1392 esse
2380 1331 2674 1393 ultimam:
2704 1329 2855 1390 Plat.
2935 1407 2966 1415 -

609 1435 751 1509 Lys.
774 1430 897 1490 219
928 1414 979 1492 E
1010 1422 1257 1492 κύλικα
1285 1429 1618 1512 κεραμεᾶν
1662 1431 1854 1501 (Bodl.
1878 1433 2054 1495 Ooisl.
2085 1433 2218 1495 Vat.
2255 1432 2312 1493 Θ
2353 1427 2662 1513 κεραμέα,
2708 1432 2855 1491 Ven.

610 1530 675 1602 Ξ
690 1535 769 1595 Σ.
784 1537 914 1596 Par.
933 1536 1031 1597 Bc
1053 1529 1429 1615 κεραμέαν),
1456 1535 1689 1612 Thphr.
1706 1536 1852 1613 h.pl.
1867 1538 1990 1612 5‚3,
2005 1539 2041 1596 2
2065 1525 2187 1606 τὰς
2207 1532 2529 1615 κεραμεᾶς
2551 1524 2851 1604 κύλικας.

609 1639 809 1699 Diosc.
842 1637 898 1717 5,
935 1634 1052 1696 103
1096 1634 1427 1716 κεραμεᾶν
1455 1626 1769 1717 γάστραν,
1812 1638 1891 1698 id.
1920 1636 2211 1719 κεραμεᾶ
2242 1628 2460 1709 λοπάς
2504 1636 2664 1711 (Dio.
2691 1637 2855 1699 Cass.

609 1739 710 1819 65,
742 1737 833 1817 3),
888 1740 967 1801 id.
1012 1732 1086 1798 ἐν
1136 1737 1440 1820 κεραμεῷ
1498 1729 1788 1820 τηγάνῳ,
1842 1759 1938 1819 ap.
1980 1741 2160 1802 eund.
2197 1738 2501 1820 κεραμεῷ
2559 1736 2856 1819 κρατῆρι.

608 1845 765 1905 Plut.
810 1845 958 1904 Mor.
1004 1839 1197 1904 526ss
1257 1849 1572 1922 κεραμεοῖ
1624 1840 1936 1922 σωλῆνες.
2040 1841 2228 1905 155Β
2286 1840 2574 1924 κεραμεᾶ
2631 1831 2853 1921 στεγά-

610 1958 856 2026 σματα,
915 1942 1201 2023 κεραμεᾶ
1258 1934 1487 2025 σκεύη.
1577 1945 1730 2006 Poll.
1777 1943 1834 2024 7,
1883 1941 2002 2003 162
2061 1939 2348 2024 κέραμος
2403 1942 2588 2005 πᾶσα
2629 1932 2672 2024 ἡ
2713 1941 2857 2002 τῶν

621 2045 970 2129 κεραμεῶν
1016 2032 1303 2127 ἀγγείων
1356 2032 1500 2127 ὕλη.
1593 2048 1771 2109 Paus.
1814 2048 1984 2126 VIII,
2034 2044 2133 2125 18,
2178 2045 2216 2105 2
2274 2045 2417 2108 τῶν
2460 2045 2723 2108 σκευῶν
2773 2036 2859 2105 τὰ

606 2149 910 2230 κεραμεᾶ.
1001 2147 1109 2229 29,
1141 2147 1177 2209 3
1224 2147 1512 2229 κεραμεᾶ
1555 2140 1773 2230 σορός.
1863 2150 1980 2211 Sed
2025 2151 2083 2210 id
2131 2170 2249 2211 non
2293 2155 2524 2213 tantum
2569 2152 2744 2228 valet,
2790 2155 2857 2210 ut

606 2236 879 2314 omnibus
910 2254 1055 2313 locis
1086 2253 1307 2330 quibus
1338 2253 1750 2330 diphthongus
1777 2252 1999 2314 tradita
2029 2257 2146 2332 est,
2190 2254 2535 2314 intercalari
2568 2253 2783 2314 debeat
2803 2269 2856 2330 ε,

607 2356 770 2433 quod
817 2356 999 2416 Piers.
1059 2361 1119 2414 et
1162 2353 1342 2414 Dind.
1387 2354 1515 2415 fieri
1572 2354 1794 2431 jubent
1850 2355 2010 2432 apud
2059 2355 2272 2417 Liban.
2316 2375 2412 2434 op.
2458 2358 2503 2434 Ι,
2561 2376 2619 2433 p.
2663 2350 2854 2414 3720

608 2444 876 2537 ἀγγεῖον
938 2447 1183 2536 μικρὸν
1247 2454 1617 2536 κεραμοῦν,
1685 2458 2005 2536 legendum
2078 2465 2389 2522 censentes
2461 2455 2854 2540 κεραμεοῦν.

607 2557 824 2622 Forfua
861 2561 962 2621 illa
992 2565 1305 2621 contracta
1334 2566 1425 2622 est
1454 2561 1631 2624 etiam
1662 2561 1823 2639 apud
1859 2562 2052 2622 Diose.
2099 2561 2136 2619 5
2183 2546 2449 2641 ἀγγεῖον
2493 2558 2857 2640 κεραμοῦν,

607 2665 769 2725 Plut.
813 2663 978 2740 Popl.
1028 2660 1103 2720 13
1151 2646 1327 2743 ἅρμα
1370 2660 1752 2744 κεραμοῦν;
1798 2683 1832 2724 e
1874 2665 2147 2725 Luciano
2190 2666 2265 2725 H.
2294 2666 2636 2743 Stephanus
2676 2666 2860 2726 affert

612 2755 853 2843 λύχνος
915 2762 1285 2844 κεραμοῦς;
1354 2766 1430 2827 ab
1491 2766 1837 2828 Alexandro
1899 2767 2147 2845 Myndio
2206 2787 2300 2845 ap.
2358 2767 2496 2830 Ath.
2541 2764 2598 2846 9,
2643 2764 2762 2825 387
2785 2768 2857 2827 F.

608 2864 734 2926 398
755 2870 809 2928 D
858 2869 1076 2929 dicitur
1118 2873 1315 2929 teti-ax
1359 2869 1490 2929 avis
1550 2870 1846 2946 quaedam
1905 2860 1984 2929 τὸ
2026 2867 2258 2951 χρῶμα
2315 2888 2450 2933 esse
2503 2866 2859 2950 κεραμοῦς.

606 2973 675 3031 In
738 2989 921 3032 versu
995 2971 1188 3032 forma
1251 2971 1569 3048 trisyllaba
1631 2991 1777 3034 usus
1836 2979 1930 3036 est
1988 2974 2138 3034 Iuba
2192 2993 2288 3053 ap.
2341 2974 2478 3035 Ath.
2523 2970 2588 3052 8,
2641 2970 2768 3032 343
2799 2974 2857 3033 F

610 3062 1026 3154 χυτρόποδες
1069 3080 1349 3152 κεραμοῑ
1389 3068 1500 3134 καὶ
1543 3064 1714 3155 ξηρὰ
1754 3057 2031 3155 τάγὴνα,
2076 3076 2176 3138 ubi
2220 3096 2340 3137 non
2387 3096 2539 3155 opus
2582 3081 2674 3138 est
2714 3094 2852 3136 cum

604 3176 973 3237 Schneidero
1040 3177 1218 3238 scribi
1295 3166 1625 3258 κεράμεοι.
1727 3180 1864 3239 Νοιι
1927 3178 2177 3240 ferenda
2240 3184 2438 3240 autem
2505 3183 2596 3241 est
2659 3179 2858 3240 forma

606 3283 917 3339 contracta
962 3279 1123 3356 apud
1172 3279 1463 3341 Galenum
1510 3279 1588 3340 de
1630 3281 1781 3341 ther.
1831 3277 1926 3358 13,
1984 3301 2041 3358 p.
2085 3277 2209 3339 950
2229 3282 2293 3360 C,
2346 3281 2421 3343 de
2466 3302 2654 3361 comp.
2697 3283 2856 3344 med.

605 3399 663 3457 p.
693 3398 829 3457 gen.
861 3378 918 3458 5,
961 3378 1027 3436 11
1080 3399 1137 3457 p.
1158 3377 1287 3440 ,791
1315 3382 1372 3441 Α
1400 3385 1461 3442 et
1491 3382 1648 3461 alibi,
1693 3402 1850 3460 quae
1880 3389 2113 3461 pugnat
2155 3402 2288 3444 cum
2336 3385 2570 3446 dialecti
2611 3385 2852 3446 ionicae

602 3480 823 3560 indole,
866 3482 1073 3559 itaque
1116 3483 1495 3544 scribendum
1544 3473 1891 3563 κεράμεον.
1977 3488 2261 3548 Fortasse
2292 3489 2465 3548 etiam
2497 3489 2559 3548 in
2593 3489 2724 3549 loco
2769 3508 2852 3549 ex

606 3584 805 3644 Ctesia
850 3584 1028 3644 citato
1073 3584 1149 3645 ab
1194 3585 1332 3645 Ath.
1382 3582 1477 3665 11,
1522 3583 1720 3647 464A
1776 3589 2088 3650 retinenda
2140 3594 2233 3651 est
2282 3575 2582 3668 scriptura
2627 3591 2854 3653 codicis

604 3686 815 3746 Veneti
862 3679 1234 3766 κεραμέοις,
1291 3706 1634 3782 quamquam
1696 3709 1771 3751 ne
1833 3696 2038 3752 cetera
2093 3691 2334 3769 quidem
2381 3669 2565 3753 verba
2610 3694 2852 3756 Otesiae

601 3787 724 3848 illic
766 3789 953 3849 allata
991 3789 1246 3850 ionicam
1291 3792 1458 3852 olent
1501 3791 1841 3854 dialectum.

772 3891 1045 3952 Formam
1090 3882 1412 3971 κεράμεος
1457 3913 1673 3956 revera
1717 3896 1985 3957 extitisse
2031 3903 2092 3958 et
2136 3899 2197 3957 in
2243 3915 2353 3958 usu
2400 3897 2613 3977 fuisse,
2665 3897 2852 3970 docet

603 3991 795 4053 forma
839 3983 1283 4072 κεράμειος,
1342 4014 1496 4074 quae
1538 3998 1760 4058 tradita
1801 4004 1892 4059 est
1936 3999 2203 4076 Geopon.
2248 3996 2308 4079 2,
2357 3998 2451 4060 17.
2503 3998 2637 4061 140.
2683 3998 2741 4079 4,
2787 3999 2851 4079 6,

601 4090 745 4155 281.
800 4093 892 4173 10,
940 4093 996 4174 7,
1040 4094 1180 4154 657.
1267 4097 1424 4170 Plut.
1470 4098 1544 4157 de
1590 4117 1726 4177 gen.
1769 4100 1932 4160 Socr.
1975 4101 2030 4180 5,
2077 4098 2216 4160 305.
2261 4102 2432 4164 Galb.
2485 4099 2575 4161 12.
2621 4104 2846 4165 Zenob.

604 4215 776 4274 prov.
824 4197 878 4276 1,
922 4193 1033 4277 49;
1099 4202 1161 4258 et
1221 4200 1413 4259 vocali
1458 4219 1623 4262 more
1684 4202 1851 4279 epico
1907 4204 2204 4281 producta
2259 4205 2431 4265 Hom.
2475 4207 2685 4265 camin.
2736 4205 2852 4270 14:
