3166 4871
550 253 674 314 362

549 429 702 488 enim
750 428 953 489 valent
992 427 1145 488 tituli
1191 430 1347 489 tertii
1379 428 1486 488 ·vel
1531 428 1730 506 quarti
1786 429 2013 488 saeculi
2060 428 2134 487 ad
2182 428 2539 506 oppidorum
2587 429 2679 488 ius
2723 447 2793 488 ac

549 530 958 590 condicionem
1006 529 1512 607 cognoscendam,
1574 549 1733 609 quae
1777 529 1960 591 fuerit
2002 531 2195 607 primo
2241 532 2528 591 ineunte?
2595 531 2798 608 Atque

548 633 699 693 haec
758 637 851 693 est
910 651 1122 704 causa,
1185 651 1293 692 cur
1350 632 1516 693 nullo
1562 633 1738 693 modo
1784 631 2082 692 affirmare
2129 637 2233 693 aut
2278 631 2481 693 dicere
2527 632 2797 703 audeam,

549 737 822 797 Castrum
899 755 1118 795 novum
1192 735 1743 797 Lueoferonensem
1843 734 2059 795 Senam
2132 735 2266 795 Iulii
2342 735 2607 795 colonias
2680 736 2800 796 Au·

548 839 710 915 gusti
752 837 953 897 fuisse.

721 939 905 1018 Idem,
949 939 1113 1017 qnod
1158 941 1364 1000 statuit
1392 938 1761 1016 Borghesius
1794 938 1869 999 de
1901 938 2151 999 coloniis
2183 957 2397 1000 nomen
2446 939 2797 1015 „Augusta“

550 1042 926 1119 habentibus,
986 1046 1212 1102 rectum
1260 1061 1324 1101 se
1384 1041 1598 1111 babet;
1667 1059 1803 1100 nam
1864 1061 1939 1101 ex
1984 1041 2221 1101 nomine
2267 1041 2539 1101 coloniae
2581 1041 2639 1099 in
2685 1039 2798 1099 Ga·

549 1145 842 1205 lassorum
904 1143 1121 1204 finibus
1182 1163 1235 1204 a.
1283 1148 1402 1205 729
1460 1144 1740 1204 conditae
1796 1144 2015 1222 optime
2074 1143 2228 1204 effici
2275 1150 2488 1222 potest.
2546 1177 2629 1187 —
2681 1141 2797 1204 Sed

549 1266 702 1326 opus
747 1253 863 1318 est,
924 1251 991 1307 ut
1034 1255 1343 1307 teneamus
1389 1248 1504 1306 hoc
1560 1247 1906 1323 „Augusta“
1967 1265 2183 1306 nomen
2230 1247 2505 1307 omnibus
2549 1245 2798 1305 coloniis

547 1351 769 1428 imponi
803 1352 1082 1426 potuisse,
1127 1368 1277 1425 quas
1323 1351 1518 1426 quivis
1562 1351 1890 1427 imperator
1937 1349 2269 1410 deduxerit.
2356 1351 2587 1426 Itaque,
2631 1350 2678 1407 si
2724 1347 2798 1407 de

549 1452 785 1511 colonia
845 1452 1047 1528 aliqua
1106 1452 1221 1511 hoc
1280 1452 1449 1511 nobis
1513 1469 1728 1512 nomen
1810 1452 2108 1531 traditur,
2182 1450 2591 1528 conquirenda
2659 1454 2802 1509 sunt

547 1555 722 1614 etiam
783 1554 902 1614 alia
959 1554 1331 1624 testimonia,
1402 1570 1557 1630 quae
1630 1573 1759 1612 eam
1831 1553 1906 1613 ab
1971 1554 2243 1630 Augusto
2307 1551 2604 1613 conditam
2664 1570 2798 1611 esse

550 1660 898 1715 monstrant.
1008 1655 1201 1729 Quam
1270 1656 1345 1715 ob
1412 1674 1659 1721 causam
1726 1655 2031 1714 Perusiam
2100 1656 2387 1715 Puteolos
2453 1653 2796 1714 Abellinum

548 1759 844 1818 Veronam
902 1759 1058 1816 inter
1101 1757 1355 1833 Augusti
1401 1755 1667 1816 colonias
1721 1776 1839 1816 non
1895 1756 2242 1834 referemus,
2286 1757 2476 1817 donec
2520 1755 2798 1833 graviora

547 1861 886 1921 testimonia
929 1860 1129 1919 adlata
1174 1860 1308 1919 sint.
2251 1859 2260 1870 “

721 1964 975 2024 Maxime
1034 1968 1231 2022 autem
1295 1962 1655 2022 offendimur
1700 1963 1938 2022 nomine
1988 1962 2176 2035 „Iulia
2220 1962 2551 2038 Augusta.“
2641 1962 2796 2021 Nam

550 2067 698 2125 haec
759 2067 1060 2124 nominum
1122 2063 1445 2124 cumulatio
1508 2064 1765 2140 Augusti
1826 2065 2080 2140 tempori
2140 2068 2201 2122 et
2261 2063 2500 2139 ingenio
2562 2063 2797 2121 minime

549 2168 821 2244 quadrat,
868 2168 1139 2243 quamvis
1170 2166 1514 2241 Trajanum‚
1565 2166 1668 2242 qui
1700 2165 1955 2241 grandia
1987 2165 2227 2224 nomina
2257 2171 2319 2224 et
2347 2165 2532 2224 verba
2562 2182 2800 2240 semper

547 2270 863 2346 quaesivit,
925 2269 1192 2328 colonias
1254 2268 1460 2345 Ulpias
1504 2268 1800 2328 Traianas
1865 2269 2199 2327 nominasse
2262 2272 2466 2327 notum
2527 2268 2619 2326 sit.
2707 2268 2798 2324 De

548 2390 669 2449 quo
700 2372 954 2450 nomine,
984 2370 1145 2449 quod
1179 2371 1563 2447 Borghesius,
1599 2375 1664 2429 ιιι
1692 2371 1807 2430 iam
1841 2388 2027 2448 supra
2057 2370 2199 2449 dixi,
2235 2370 2490 2448 protulit
2517 2369 2798 2428 iudicium

549 2476 728 2533 certis
793 2475 1162 2552 argumentis
1228 2472 1387 2533 effici
1466 2493 1586 2532 non
1666 2478 1905 2550 potest,
1979 2491 2341 2549 quamquam
2416 2472 2593 2532 facile
2671 2471 2801 2531 fieri

547 2578 812 2655 potuisse
861 2595 977 2636 non
1028 2594 1209 2654 neg0‚
1266 2576 1409 2652 quin
1458 2576 1727 2635 coloniae
1789 2582 1928 2635 ante
1973 2595 2026 2635 a.
2080 2580 2199 2636 ‘127
2251 2574 2548 2635 deductae
2590 2579 2800 2651 postea

548 2680 942 2739 firmarentur.
1032 2680 1107 2738 Et
1158 2680 1217 2738 in
1264 2677 1498 2738 duabus
1543 2678 1754 2737 harum
1803 2679 2054 2738 coloniis
2099 2679 2410 2753 Borglnesii
2457 2679 2801 2737 coniectura

546 2780 677 2840 aliis
721 2781 900 2841 rebus
946 2780 1394 2858 comprobatur:
1450 2781 1509 2840 in
1559 2782 1906 2840 Benevento
1952 2784 2013 2839 et
2056 2781 2116 2839 in
2164 2780 2388 2857 Capua.
2475 2780 2701 2839 Tamen
2748 2779 2796 2837 si

551 2885 748 2942 omnia
823 2885 974 2943 haec
1052 2884 1289 2943 nomina
1356 2884 1416 2942 in
1475 2901 1659 2942 unum
1727 2884 1922 2943 locum
1990 2883 2286 2942 collocata
2361 2882 2801 2958 contemplaris,

548 2986 720 3045 facile
781 2986 1075 3046 concedes
1129 2987 1269 3045 huic
1314 2987 1536 3045 nomini
1593 3004 1714 3045 non
1763 2991 1995 3045 tantum
2043 2985 2221 3046 tribui
2269 3002 2466 3063 posse,
2510 2988 2796 3061 quantum

547 3089 910 3163 Borghesius
955 3088 1178 3147 tribuit.
1222 3118 1304 3127 —
1350 3089 1626 3165 Namque
1674 3090 1885 3148 harum
1932 3093 2160 3166 septem
2208 3088 2578 3146 coloniarum
2609 3087 2798 3146 solum

548 3190 799 3249 duarum
867 3191 1107 3249 nomina
1162 3191 1246 3249 sic
1301 3190 1537 3250 sincera
1581 3196 1641 3250 et
1686 3196 1850 3249 corta
1893 3210 1958 3250 se
2003 3190 2242 3260 habent,
2289 3193 2355 3248 ut
2397 3188 2677 3248 iudicium
2724 3187 2802 3247 de

548 3293 618 3350 iis
664 3293 805 3351 ferri
849 3294 1068 3367 possit:
1125 3292 1331 3369 Capua
1375 3297 1436 3351 et
1481 3295 1906 3352 Beneventum.
1996 3293 2348 3352 Ceterorum
2399 3291 2657 3369 quodvis
2699 3290 2800 3349 ali-

549 3395 693 3471 quid
741 3395 1024 3453 mirabilis
1069 3412 1214 3472 prae
1259 3412 1323 3453 se
1369 3394 1515 3453 fest:
1572 3395 1784 3455 titulus
1831 3396 2214 3455 venafranus
2261 3395 2431 3472 ponit
2475 3397 2626 3469 Aug.
2675 3393 2801 3463 Iul„

550 3497 940 3555 De1·tonensis
996 3497 1267 3556 lectionis
1324 3502 1415 3556 est
1452 3498 1565 3565 ‚sic
1624 3498 1916 3573 incertae,
1979 3501 2044 3556 ut
2105 3497 2322 3568 „Iulia“
2382 3498 2664 3573 suppleta
2706 3497 2802 3554 sit.

550 3600 830 3659 Coloniae
876 3601 1178 3660 Taurinae
1223 3606 1341 3659 tam
1388 3598 1628 3659 diversa
1685 3601 1926 3659 nomina
1969 3599 2395 3677 proferuntur,
2459 3606 2525 3659 ut
2569 3604 2798 3658 rectum

548 3703 799 3762 inveniri
846 3722 964 3761 non
1011 3704 1217 3780 possit.
1319 3703 1682 3762 Florentiam
1741 3706 1802 3761 et
1847 3703 2119 3762 Parmam
2166 3702 2406 3761 omnino
2452 3721 2571 3761 non
2619 3701 2800 3761 credo

548 3808 710 3863 recte
754 3805 937 3865 Iulias
982 3805 1291 3882 appellari.
1380 3806 1470 3863 De
1515 3805 1825 3864 Florentia
1883 3804 1999 3863 hoc
2044 3804 2206 3864 dico:
2273 3802 2521 3863 Sullana
2567 3804 2803 3864 colonia

547 3913 666 3984 est,
722 3907 1010 3986 lapicidae
1053 3906 1478 3967 Sabaudiensis
1538 3925 1745 3967 errore
1808 3907 1914 3966 Iul.
1964 3907 2115 3982 Aug.
2175 3908 2494 3966 nominata.
2583 3907 2802 3965 Parma

548 4012 605 4068 in
654 4010 930 4069 Pliniano
976 4009 1172 4068 indice
1218 4009 1588 4086 nominatur,
1633 4010 1779 4086 quia
1824 4009 2056 4068 colonia
2100 4014 2233 4068 erat
2278 4009 2493 4067 civium
2539 4009 2799 4067 Roman-

546 4130 750 4179 orum;
817 4113 1027 4171 titulus
1088 4112 1245 4169 tertii
1307 4113 1487 4170 seculi
1552 4112 1691 4170 mihi
1751 4111 2169 4170 demonstrare
2217 4129 2337 4169 non
2386 4110 2625 4169 videtur
2668 4128 2799 4169 eam

548 4215 803 4292 Augusti
849 4219 1119 4290 tempore
1162 4214 1479 4273 deductam
1524 4233 1674 4289 esse,
1719 4214 2066 4291 praesertim
2114 4232 2250 4272 cum
2308 4214 2402 4271 hic
2450 4213 2663 4272 titulus
2709 4214 2799 4271 in-
