3166 4871
569 228 692 289 314

572 400 833 461 membro
880 406 940 459 et
984 399 1164 471 addit,
1211 402 1292 459 ita
1336 406 1403 459 ut
1447 419 1555 477 eo,
1616 400 1775 476 quod
1838 406 2140 477 postremo
2203 399 2336 459 loco
2396 400 2693 475 particula
2751 406 2811 459 et

568 503 950 580 adiungitur,
1006 506 1112 562 aut
1169 503 1399 580 omnia,
1458 519 1616 580 quae
1662 506 1837 561 antea
1882 501 2041 560 dicta
2084 519 2155 559 ac
2196 504 2509 578 praeterea
2553 500 2810 561 dicenda

569 610 770 682 erant,
831 605 1310 682 complectantur
1354 610 1458 664 aut
1503 604 1710 663 addita
1753 603 2052 681 particula
2096 604 2188 663 vis
2232 604 2517 680 postremi
2564 604 2809 664 membri

569 712 879 784 augeatur.
954 706 1028 765 cf.
1069 725 1116 765 c.
1147 709 1227 767 47
1262 708 1385 784 (54,
1415 703 1498 784 9),
1541 711 1623 766 47
1656 705 1779 778 (55,
1817 703 1896 782 1),
1940 708 2020 767 63
2051 705 2178 783 (75,
2211 702 2334 782 15),
2382 708 2501 764 126
2532 704 2698 777 (174,
2728 702 2812 782 8),

576 812 694 871 139
742 810 921 879 (201,
973 807 1104 885 13),
1166 810 1245 870 58
1299 806 1434 886 (68,
1477 812 1583 879 16,
1629 826 1804 885 quem
1853 807 2049 868 locum
2096 808 2479 868 Burmannus
2523 825 2810 885 superva-

570 929 755 971 canea
799 911 1266 988 transpositione
1313 928 1530 970 sanare
1575 907 1847 981 studuit).

741 1011 892 1072 Aliis
936 1011 1085 1072 locis
1128 1029 1235 1090 per
1279 1016 1338 1071 et
1383 1011 1457 1071 ad
1506 1012 1808 1072 notionem
1855 1012 2193 1089 generalem
2240 1011 2486 1088 propria
2516 1010 2808 1089 quaedam

572 1132 670 1175 res
715 1114 977 1192 additur,
1023 1119 1087 1174 ut
1134 1132 1564 1191 nonnunquam
1612 1114 1766 1173 idem
1799 1114 1997 1173 valeat
2028 1117 2233 1189 atque:
2278 1114 2338 1173 id
2381 1118 2488 1173 est.
2547 1113 2618 1172 cf.
2650 1131 2697 1173 c.
2730 1117 2810 1174 74

572 1218 699 1293 (88,
740 1220 821 1294 2),
866 1220 946 1278 95
993 1215 1161 1294 (115,
1204 1219 1323 1288 13),
1373 1220 1490 1277 102
1539 1215 1707 1293 (123,
1753 1213 1873 1291 10),
1923 1220 2039 1278 106
2088 1214 2257 1293 (128,
2295 1214 2420 1294 20),
2463 1220 2544 1277 46
2591 1216 2718 1289 (53,
2756 1221 2813 1293 3,

574 1321 671 1380 ubi
732 1320 1031 1397 particula
1090 1326 1150 1379 et
1205 1319 1546 1395 explicandi
1609 1337 1788 1379 causa
1848 1319 2178 1396 exemplum
2225 1310 2589 1395 adiungitur.
2675 1337 2807 1378 nam

573 1421 650 1482 ad
697 1422 856 1481 alias
900 1422 1154 1480 naenias
1200 1420 1470 1481 additur:
1517 1428 1574 1480 et
1620 1419 2012 1481 libentissime
2050 1419 2295 1496 pinqit.)

743 1521 998 1599 Saepius
1054 1540 1231 1600 porro
1292 1524 1351 1583 in
1415 1529 1472 1582 et
1532 1523 1771 1583 videtur
1815 1525 2010 1583 inesse
2057 1523 2349 1601 quaedam
2395 1521 2658 1599 augendi
2707 1523 2812 1599 vis,

573 1625 673 1685 ubi
717 1644 753 1684 a
799 1625 1024 1684 minore
1070 1644 1135 1685 re
1177 1625 1252 1684 ad
1299 1626 1638 1702 graviorem
1683 1627 1988 1685 transitur.
2077 1625 2152 1686 cf.
2196 1644 2243 1685 c.
2280 1630 2315 1686 2
2348 1624 2430 1699 (5,
2467 1629 2527 1685 1:
2570 1630 2814 1684 ventosa

574 1729 766 1788 istaec
810 1734 869 1786 et
914 1728 1173 1787 enormis
1218 1728 1605 1807 loquacitas),
1648 1733 1688 1789 4
1734 1727 1829 1806 (6,
1878 1726 2009 1807 10),
2050 1733 2090 1789 4
2136 1727 2219 1805 (7,
2263 1726 2344 1800 3),
2394 1730 2470 1789 19
2517 1725 2640 1798 (21,
2690 1723 2810 1798 16),

577 1834 656 1891 22
701 1829 825 1902 (24,
860 1827 921 1902 7)
968 1831 1155 1890 mult-a
1199 1830 1336 1890 alia.
1422 1831 1496 1890 cf.
1542 1831 1830 1907 Draeger.
1873 1831 1910 1903 ξ
1941 1835 2082 1909 311,
2129 1830 2238 1891 7b.

745 1932 1056 1992 Invenitur
1101 1938 1159 1991 et
1204 1933 1378 1992 etiam
1424 1938 1565 1994 ante
1610 1933 1798 1994 verba
1841 1934 2150 2010 negativa,
2193 1938 2258 1992 ut
2301 1937 2442 1992 ante
2486 1948 2608 1991 non
2652 1950 2700 1991 c.
2731 1935 2812 1991 47

574 2035 704 2112 (55,
746 2032 827 2107 3),
873 2037 954 2096 55
1002 2035 1125 2108 (62,
1172 2033 1297 2112 22),
1344 2040 1420 2096 91
1469 2034 1638 2112 (110,
1683 2033 1805 2115 10),
1848 2040 1928 2097 96
1976 2035 2143 2108 (116,
2191 2033 2310 2108 13),
2360 2039 2474 2098 101
2524 2034 2693 2113 (122,
2736 2031 2818 2111 9),

583 2142 697 2200 101
748 2137 925 2215 (123,
969 2136 1059 2215 5),
1108 2142 1226 2199 102
1276 2138 1450 2212 (125,
1493 2138 1554 2211 2)
1601 2144 1660 2199 et
1701 2139 1760 2198 in
1807 2139 2015 2215 fragm.
2063 2143 2170 2216 40,
2209 2143 2280 2207 4;
2334 2143 2445 2227 47,
2486 2142 2557 2215 63
2613 2141 2719 2213 50,
2761 2141 2816 2197 7.

574 2241 846 2301 omnibus
891 2244 1089 2300 autem
1136 2241 1229 2300 his
1273 2240 1421 2301 locis
1466 2241 1565 2301 hic
1598 2259 1740 2301 usus
1770 2240 1943 2302 facile
1976 2241 2314 2319 explicatur
2345 2241 2561 2316 partim
2593 2241 2816 2299 maiore

571 2343 627 2401 vi
677 2342 1036 2420 negationis,
1079 2345 1296 2420 partim
1346 2361 1434 2420 eo,
1479 2343 1641 2421 quod
1673 2360 1795 2403 non
1826 2361 1943 2403 non
1977 2341 2053 2402 ad
2088 2343 2426 2402 universam
2460 2342 2812 2402 sententiam

572 2445 859 2522 pertinet,
905 2445 1010 2504 sed
1059 2463 1191 2505 cum
1240 2465 1359 2506 uno
1404 2447 1595 2506 verbo
1639 2447 1827 2506 artius
1873 2445 2260 2506 coniunctum
2309 2450 2416 2505 est.
2505 2463 2625 2506 uno
2668 2445 2818 2521 loco,

574 2565 623 2606 c.
663 2551 745 2608 86
778 2545 946 2624 (101,
979 2545 1101 2620 12),
1147 2547 1480 2607 sententiae
1509 2548 1585 2608 ab
1619 2553 1677 2606 et
1722 2592 1737 2607 .
1774 2591 1787 2605 .
1833 2564 1954 2607 non
1983 2549 2288 2625 incipienti
2332 2549 2448 2607 alia
2491 2549 2816 2625 praemissa

572 2652 664 2709 cst
708 2648 1136 2709 condicionalis
1180 2668 1292 2726 per
1331 2649 1417 2724 si,
1477 2650 1562 2709 ita
1614 2656 1682 2709 ut
1732 2649 1837 2708 illa
1882 2651 2044 2710 notio
2091 2651 2429 2727 corrigatur
2473 2651 2569 2711 vel
2616 2648 2815 2726 potius

570 2750 891 2810 artioribus
937 2751 1221 2811 limitibus
1266 2751 1806 2811 circumscribatur.
1894 2752 2085 2829 magis
2145 2751 2399 2811 offendit
2443 2752 2638 2822 locus,
2693 2769 2812 2827 quo

573 2858 632 2912 ct
676 2869 797 2911 non
840 2853 1084 2929 ponitur
1127 2854 1187 2912 in
1237 2852 1533 2913 sententia
1575 2852 1651 2913 ab
1696 2858 1764 2911 uc
1805 2854 2149 2931 incipiente,
2194 2855 2275 2913 ita
2318 2857 2387 2913 ut
2429 2872 2538 2930 pro
2585 2859 2652 2912 ut
2694 2867 2815 2911 non

570 2961 985 3033 exspectemus
1014 2971 1110 3015 ne.
1173 2955 1249 3015 cf.
1294 2974 1342 3015 c.
1378 2960 1453 3016 15
1487 2953 1614 3033 (17,
1643 2960 1718 3016 4:
1759 2961 1826 3014 ut
1873 3000 1887 3015 .
1922 3000 1936 3014 .
1982 2957 2169 3015 vestis
2210 2999 2225 3014 .
2259 3001 2272 3014 .
2318 2957 2817 3029 stranyularetur

576 3063 635 3115 et
680 3073 791 3116 nos
836 3100 849 3114 .
884 3101 899 3115 .
944 3073 1065 3117 non
1108 3055 1487 3130 veniremus).
1575 3057 1908 3117 simillimus
1952 3063 2044 3118 est
2088 3058 2255 3117 locus
2310 3077 2359 3117 c.
2405 3062 2482 3118 75
2529 3057 2663 3134 (89,
2708 3061 2816 3117 14;

573 3159 805 3218 suadeo
848 3160 1063 3219 bonum
1109 3164 1271 3218 tuum
1314 3175 1687 3233 concoquaS,
1745 3161 1954 3232 milva,
2020 3167 2080 3219 et
2134 3176 2224 3219 me
2275 3176 2396 3218 non
2434 3159 2642 3232 facias
2686 3160 2817 3217 rin-

571 3265 827 3335 qentem.
913 3260 1018 3321 sed
1081 3262 1195 3321 hoc
1255 3261 1387 3321 loco
1432 3261 1694 3339 scriptor
1736 3261 2239 3322 Trimalchionem
2285 3261 2628 3338 loquentem
2675 3260 2820 3320 facit

572 3361 827 3440 ideoque
889 3364 1076 3423 maior
1135 3361 1373 3422 dicendi
1435 3363 1684 3423 libertas
1740 3381 1859 3423 non
1920 3363 2067 3422 mira
2125 3366 2254 3432 est.)
2342 3362 2432 3422 bis
2478 3363 2817 3422 invenimus

573 3471 630 3522 et
676 3465 793 3522 iam
837 3481 977 3523 uon.
1067 3465 1142 3525 cf.
1187 3484 1235 3524 c.
1272 3469 1350 3526 27
1399 3464 1534 3543 (29,
1574 3462 1637 3536 9)
1684 3471 1744 3525 et
1787 3469 1867 3527 87
1915 3464 2089 3536 (102,
2139 3462 2258 3537 19).
2347 3465 2605 3542 denique
2649 3468 2817 3525 recte

572 3583 610 3624 a
653 3564 895 3626 Reiskio
942 3566 1002 3625 in
1048 3571 1275 3627 textum
1324 3567 1651 3645 repositum
1698 3584 1832 3627 esse
1877 3573 1936 3625 et
1980 3582 2100 3626 non
2144 3571 2289 3643 puto
2335 3585 2383 3626 c.
2425 3572 2503 3628 74
2550 3568 2673 3639 (88,
2708 3572 2816 3628 12:

573 3671 631 3725 et
676 3667 738 3725 in
780 3668 977 3726 sinum
1020 3683 1195 3727 suum
1237 3685 1359 3728 non
1399 3672 1565 3744 spuit
1612 3668 1707 3728 ubi
1766 3667 1897 3729 cod.
1952 3668 2222 3729 exhibet:
2275 3685 2448 3728 suum
2491 3667 2815 3744 conspuit.)

572 3798 655 3808 -—
700 3773 841 3830 ante
894 3770 1053 3829 nihil
1109 3771 1446 3831 invenimus
1509 3776 1568 3831 el
1630 3769 1865 3831 duobus
1908 3771 2086 3842 locis,
2133 3791 2182 3831 c.
2214 3776 2292 3832 41
2343 3771 2478 3844 (45,
2522 3772 2584 3845 5)
2629 3777 2689 3831 et
2735 3777 2814 3833 62

575 3870 701 3948 (74,
729 3869 811 3943 8).
902 3871 976 3932 cf.
1021 3872 1479 3950 Hand.11497‚
1511 3878 1567 3935 6.
1655 3875 1941 3949 Draeger.
1987 3873 2022 3945 ξ
2054 3879 2196 3953 311,
2233 3879 2290 3946 4,
2337 3876 2507 3934 cuius
2553 3875 2628 3935 de
2670 3852 2818 3933 rari-

571 3976 695 4032 tate
739 3974 918 4033 huius
967 3991 1113 4034 usus
1152 3975 1506 4034 sententiam
1539 3976 1806 4035 correxit
1833 3976 2027 4035 Harre
2059 3977 2119 4035 in
2152 3977 2491 4037 Jahresber.
2523 3977 2581 4036 d.
2613 3976 2818 4053 philol.

573 4075 714 4134 Ver.
757 4093 810 4135 a.
858 4079 1039 4154 1877,
1081 4096 1140 4154 p.
1173 4069 1313 4137 399.

747 4177 936 4236 Multo
1000 4178 1194 4237 rarius
1239 4181 1434 4237 autem
1483 4186 1539 4236 el
1587 4178 1781 4238 locum
1839 4178 2016 4239 habet
2068 4179 2129 4239 in
2175 4180 2471 4240 sententia
2515 4180 2816 4256 negativa.
