3166 4871
2478 297 2601 358 ³07

356 492 585 553 ponere
616 474 836 537 licebit.
907 475 1054 535 Esto
1086 474 1271 552 igitur
1298 473 1614 553 tragoedia
1642 474 1895 537 imitatio
1940 473 2194 537 actionis
2237 489 2486 534 severae
2511 515 2530 532 .
2549 515 2566 532 .
2585 514 2603 532 .

355 597 467 656 per
508 575 777 651 (iustam)
824 576 1283 641 misericordiam
1328 580 1390 637 et
1434 574 1710 650 (iustum)
1754 580 1972 639 metum
2006 558 2274 639 efficiens
2297 576 2601 639 acriorum

357 681 488 743 eius
530 682 770 759 generis
811 681 1197 743 affectionum
1240 678 1634 741 secretionem
1651 676 1749 752 ⁵²).

526 784 604 845 Et
644 784 899 861 primum
946 782 1188 861 quidem
1231 782 1396 860 quod
1440 767 1526 842 τὰ
1567 778 1853 843 τοιαῦτα
1895 770 2262 863 παθήματα
2305 796 2440 859 eos,
2495 780 2601 859 qui

357 886 819 947 misericordiam
863 891 924 949 et
968 890 1188 947 metum
1234 885 1692 964 transcendant,
1735 887 1989 949 affectus
2031 883 2369 962 significare
2400 901 2600 945 cense-

356 1006 505 1067 mus,
547 992 610 1050 et
652 989 862 1066 capitis
906 990 1051 1051 XIII
1095 989 1434 1067 praeceptis
1459 988 1924 1066 comprobatur,
1965 991 2030 1048 et
2072 986 2236 1065 quod
2281 987 2468 1048 verbo
2513 987 2600 1048 illi

352 1080 710 1170 κάθαρσις,
770 1110 1137 1169 quocunque
1197 1090 1375 1153 modo
1419 1092 1511 1153 vis
1570 1091 1982 1168 interpretari,
2040 1089 2262 1167 ubique
2306 1089 2602 1168 demendi,

354 1212 650 1272 nusquam
696 1194 956 1256 addendi
1005 1195 1119 1255 vim
1163 1194 1410 1255 subesse
1455 1199 1725 1272 apparet.
1812 1192 2063 1255 Accedit
2114 1192 2277 1271 quod
2322 1191 2599 1255 vocabuli

352 1296 547 1359 forma
590 1296 651 1356 iu
695 1313 823 1376 ·μα
868 1297 1027 1358 hauc
1068 1297 1619 1376 interpretationem
1667 1297 1875 1359 iuvare
1903 1295 2162 1357 videtur.
2234 1296 2387 1356 Nam
2419 1295 2596 1373 siqui-

353 1400 486 1462 dem
541 1401 825 1462 differunt
878 1388 1109 1471 πάθος
1167 1403 1228 1461 et
1283 1384 1569 1479 πάθημα
1616 1434 1700 1444 -
1741 1398 1804 1460 id
1857 1399 2023 1477 quod
2074 1398 2431 1477 plerumque
2478 1416 2596 1461 non

348 1503 480 1565 fieri
522 1505 734 1565 Bonita
777 1503 1038 1567 ostendit
1079 1536 1163 1546 -—
1206 1502 1320 1563 hae
1362 1503 1734 1581 potissimum
1778 1503 2011 1564 ratione
2053 1501 2298 1563 differre
2327 1506 2598 1580 possunt,

351 1611 420 1669 ut
460 1607 651 1669 maius
694 1608 774 1668 sit
815 1606 932 1669 hoc
976 1606 1078 1669 illo
1095 1602 1190 1680 ⁵³).

520 1709 785 1771 Verbum
862 1698 1192 1788 κάθαρσις
1262 1712 1463 1771 autem
1535 1727 1647 1787 per
1719 1709 2110 1771 secretionem
2186 1712 2352 1769 recte
2422 1709 2597 1787 verti,

354 1813 620 1890 Doering
683 1813 828 1874 satis
890 1812 1335 1874 demonstrasse
1403 1811 1673 1888 videtur,
1739 1813 1777 1872 l.
1821 1812 1862 1872 1.
1920 1814 2043 1874 248
2076 1829 2164 1889 sq.
2225 1814 2368 1873 2⁷6.
2455 1812 2593 1871 Non

349 1916 560 1992 ignoro
623 1915 899 1993 equidem
963 1915 1143 1993 longe
1204 1914 1321 1977 alia
1377 1915 1615 1976 ratione
1659 1915 1826 1976 illum
1873 1921 1932 1976 et
1975 1914 2103 1975 eius
2147 1914 2369 1974 similes
2414 1915 2594 1975 inter-

347 2022 550 2097 pretes
612 2019 698 2079 uti
758 2019 873 2079 hac
936 2016 1391 2095 significatione.
1497 2017 1735 2092 Quibus
1796 2036 1873 2079 ne
1933 2019 2233 2078 assentiar
2292 2016 2443 2079 haec
2502 2029 2594 2077 me

346 2121 695 2199 impediunt·
781 2119 1161 2198 Tragoediae
1208 2121 1366 2183 enim
1410 2121 1810 2199 voluptatem,
1868 2136 2045 2198 quam
2106 2139 2182 2181 ex
2234 2119 2593 2197 purgatione

345 2224 450 2287 illa
492 2224 591 2283 vel
635 2224 970 2285 secretione
1017 2222 1277 2285 evadere
1336 2227 1500 2285 recte
1555 2223 1851 2302 iudicant,
1914 2224 1974 2284 in
2038 2241 2110 2284 eo
2173 2225 2448 2284 constare
2505 2224 2593 2285 illi

347 2325 591 2403 quidem
653 2326 1054 2403 contendunt,
1127 2325 1290 2404 quod
1359 2326 1770 2387 misericordia
1832 2332 1894 2387 et
1953 2331 2148 2388 metus
2207 2326 2594 2389 vehementer

347 2429 642 2492 concitata
696 2429 865 2507 quasi
921 2429 1283 2507 expleantur
1340 2428 1439 2490 vel
1494 2428 1912 2492 absolvantur:
1975 2448 2095 2507 qua
2148 2429 2208 2493 iu
2254 2447 2322 2491 re
2368 2428 2592 2508 duplex

346 2532 609 2594 laetitiae
640 2550 855 2593 caussa
883 2532 1140 2596 inveniri
1167 2535 1384 2610 potest,
1428 2550 1565 2611 una,
1610 2532 1776 2609 quod
1807 2531 2249 2594 misericordiae
2278 2537 2591 2609 metusque

112 2677 127 2688 ·
243 2670 247 2673 >
345 2634 584 2697 dolores
627 2634 937 2712 finiantur,
999 2635 1214 2714 altera,
1271 2633 1436 2711 quod
1479 2634 1612 2711 ipss
1654 2635 1894 2700 illorum
1938 2635 2476 2712 concitatiosgrata
2515 2635 2594 2696 sit

344 2742 730 2815 acceptaque.
816 2737 986 2797 lllam
1033 2756 1205 2814 vero,
1268 2737 1544 2815 quamvis
1588 2738 1668 2798 sit
1712 2744 1905 2816 certa,
1964 2737 2066 2798 vix
2111 2739 2367 2814 tetigere
2410 2739 2589 2799 inter-

346 2844 548 2918 pretes
589 2839 708 2899 illi:
767 2845 830 2901 et
863 2843 1057 2917 recte,
1116 2840 1347 2918 opinor,
1388 2859 1527 2902 uam
1572 2839 1923 2917 tragoediae
1968 2857 2123 2917 opus
2167 2857 2304 2900 esse
2348 2840 2589 2917 nequit:

348 2944 612 3021 alioquin
657 2943 867 3003 melius
918 2946 1075 3003 esset
1105 2942 1347 3003 omnino
1392 2961 1510 3003 non
1561 2943 1784 3002 moveri
1833 2941 2296 3003 misericordiam
2325 2945 2587 3002 ‘memm-
2701 3006 2705 3010 ,

349 3065 466 3124 que
512 3045 627 3123 vel,
670 3044 963 3123 siquidem
1005 3045 1228 3106 moveri
1259 3043 1495 3122 debent,
1539 3044 1839 3105 sublevari
1873 3049 1932 3104 et
1959 3049 2258 3121 postremo
2291 3045 2591 3123 exstingui

347 3148 692 3210 laetioribus
749 3147 1090 3225 affectibus,
1150 3146 1209 3207 id
1273 3147 1433 3226 quod
1491 3149 1549 3208 in
1611 3147 1834 3228 duplici
1896 3147 2243 3226 tragoediae
2305 3149 2470 3209 exitu
2529 3153 2590 3209 et

345 3255 718 3328 spectatores
776 3254 837 3312 et
892 3254 1101 3329 politas
1161 3249 1414 3312 libenter
1471 3249 1686 3312 fecisse
1742 3250 2016 3314 vidimus.
2114 3251 2214 3310 An
2273 3268 2404 3311 eam
2457 3268 2589 3311 esse

343 3354 631 3431 tragicam
679 3353 1046 3430 voluptatem
1094 3369 1407 3414 censemus
1437 3353 1756 3413 miserandi
1786 3352 2213 3431 metuendique
2243 3352 2587 3413 facultatem

345 3455 665 3533 exhauriri,
709 3459 776 3516 ut
820 3474 930 3533 per
972 3456 1160 3516 breve
1205 3455 1505 3533 quoddam
1549 3459 1787 3533 tempus
1828 3455 1998 3518 liberi
2044 3454 2228 3515 simus
2273 3455 2390 3515 illis
2420 3455 2586 3516 dolo-

343 3557 557 3619 ribus?
631 3557 808 3633 Quod
855 3558 958 3636 qui
1002 3557 1265 3636 probant
1309 3556 1462 3620 idem
1508 3561 1793 3638 peccant,
1837 3562 2018 3635 atque
2064 3558 2224 3635 quod
2270 3558 2587 3636 Lessingio

528 3775 598 3840 ⁸²)
635 3771 878 3836 „welche
931 3770 1105 3828 durch
1160 3771 1378 3827 Mitleid
1428 3772 1544 3827 und
1595 3770 1811 3828 Furcht
1860 3772 1951 3827 die
2003 3771 2445 3842 Ausseheidung
2488 3771 2590 3827 der

341 3857 584 3914 darllbcr
619 3857 1112 3926 hinausgehendeu
1151 3857 1391 3912 Gefiihle
1426 3857 1612 3913 dieser
1643 3854 1761 3913 Art
1795 3857 2081 3913 bewirkt.“

514 3945 584 4008 Β)
619 3941 806 3998 Simile
851 3942 1148 3998 discrimen
1193 3943 1340 3997 inter
1383 3940 1625 4011 μίμησιν
1670 3950 1729 3998 et
1772 3940 2001 4012 μίμημα
2051 3942 2400 3999 intercedere
2452 3957 2582 3996 con·

342 4028 524 4083 tendit
572 4028 844 4097 Doering‚
892 4028 926 4082 1.
964 4027 998 4082 l.
1039 4031 1161 4084 144:
1218 4028 1341 4088 „die
1394 4027 1787 4084 Musikstiickc
1840 4028 2065 4084 werden
2117 4027 2221 4082 mit
2269 4035 2584 4084 concretem

341 4113 672 4169 Gebrauche
708 4113 809 4168 des
848 4112 1070 4170 Wortes
1104 4107 1375 4182 μιμήσεις
1409 4119 1660 4182 genannt
1693 4113 1810 4169 und
1843 4112 1905 4168 in
1938 4112 2375 4184 emphatisebem
2412 4111 2583 4167 Sinne

339 4198 442 4254 des
477 4197 718 4260 Wortes.
753 4198 825 4253 im
862 4199 1216 4268 Gegensatze
1249 4213 1432 4269 gegen
1470 4198 1561 4253 die
1595 4197 1894 4269 geringere
1926 4199 2236 4255 Intensitlit
2272 4195 2581 4254 der-Nach-

337 4282 577 4357 hildung
610 4284 669 4340 in
705 4283 805 4346 der
839 4283 1142 4344 bildendeu
1181 4284 1375 4340 Kunst
1403 4279 1723 4356 μιμήματα.
2023 4331 2034 4338 .
