3166 4871
604 329 688 391 94
851 333 860 340 “
1533 347 1548 355 ·
1609 326 1866 383 zacher

573 514 577 518 ·
594 504 826 580 Jectiva
897 504 1256 566 intercidere
1328 509 1675 581 potuerunt.
1790 503 2194 579 Quamobrem
2269 506 2638 566 constantius
2710 506 2856 584 agit,

606 623 808 684 quum,
852 625 1198 685 quanquam
1244 606 1605 685 dubitanter,
1648 625 1706 686 p.
1752 603 1876 666 364
1906 626 1993 685 sq.
2038 591 2419 687 ἅκεστορὶα,
2465 591 2852 687 ἇλαστορία,

604 691 999 788 ἇνακτορὶα,
1045 698 1481 789 ἑτεροκρανία
1525 711 1654 770 sim.
1697 710 1995 789 adjectiva
2039 728 2171 770 csse
2215 715 2447 788 censet,
2506 728 2850 788 quanquam

605 827 747 871 vera
778 811 1078 888 adjectiva
1107 812 1284 888 plane
1314 813 1485 889 paria
1515 831 1637 874 non
1669 817 1922 889 exstant,
1967 817 2215 890 propter
2262 812 2526 873 similia
2552 811 2853 891 adJectiva

606 897 1026 993 ἀνακτόριος,
1069 904 1506 994 πρακτήριος,
1548 902 1961 994 ἡμικρᾶνιος.
2034 916 2243 992 Itaque
2276 914 2440 993 quod
2472 915 2672 992 sensit,
2713 914 2854 975 licet

607 1034 730 1076 non
777 1014 1014 1077 disertis
1059 1016 1260 1077 verbis
1302 1018 1737 1094 pronuntiarit,
1797 1017 1939 1077 mihi
1996 1017 2112 1078 hoc
2168 1035 2300 1078 esse
2353 1017 2623 1095 videtur,
2678 1034 2850 1077 omne

608 1119 1046 1178 substantivum
1093 1118 1152 1179 in
1199 1135 1266 1177 ια
1309 1119 1470 1193 (nam
1502 1119 1577 1181 de
1610 1120 1703 1180 his
1732 1121 2057 1199 praecipue
2093 1120 2235 1199 agit,
2280 1119 2355 1179 de
2400 1120 2615 1186 ceteris
2658 1120 2853 1178 minus

608 1218 1031 1300 confidenter),
1074 1222 1236 1300 quod
1282 1241 1318 1281 a
1363 1223 1548 1283 latere
1605 1226 1729 1282 aut
1786 1221 2057 1283 habeat
2115 1227 2239 1282 aut
2299 1222 2566 1282 habere
2624 1222 2853 1300 possit

608 1322 967 1401 adjectivum
1014 1325 1075 1384 in
1121 1341 1246 1403 ιος,
1305 1342 1380 1386 ex
1425 1325 1541 1385 hoc
1587 1343 1718 1386 esse
1764 1330 1994 1403 natum,
2046 1330 2249 1385 cetera
2292 1343 2439 1384 vera
2482 1323 2853 1385 substantiva

606 1443 756 1486 esse.
859 1427 1078 1504 Neque
1142 1428 1381 1488 omnino
1445 1425 1795 1488 incredibile
1862 1433 1954 1489 est
2024 1427 2501 1489 terminationem
2569 1427 2662 1505 ιᾶ,
2732 1445 2853 1504 qua

609 1530 849 1590 nomina
895 1531 1232 1591 abstractae
1277 1531 1536 1590 notionis
1579 1530 1944 1608 formantur,
1989 1534 2304 1608 cognatam
2351 1533 2412 1590 et
2453 1531 2850 1609 propinquam

537 1679 561 1700 .
608 1649 737 1693 esse
783 1633 1186 1694 terminationi
1230 1651 1351 1712 qua
1394 1633 1696 1711 adjectiva
1740 1634 2000 1695 notionis
2044 1640 2361 1694 concretae
2397 1633 2708 1710 finguntur
2752 1646 2854 1700 ιος

589 1751 678 1792 .ια
734 1750 843 1793 ιον
902 1727 1066 1814 (suff.
1110 1733 1226 1815 ιο),
1293 1740 1354 1796 et
1413 1737 1612 1814 prisco
1676 1736 1933 1814 quodam
1995 1740 2262 1813 tempore
2324 1754 2398 1796 ex
2461 1736 2574 1795 hac
2635 1737 2855 1812 natam,
2950 1727 2953 1730 ’

609 1839 957 1914 praesertim
1018 1857 1202 1916 quum
1265 1858 1385 1901 uon
1439 1839 1500 1899 in
1559 1840 1747 1900 latina
1788 1843 2018 1900 tantum
2066 1839 2274 1916 lingna
2317 1839 2558 1899 nomina
2597 1838 2659 1898 in
2703 1838 2854 1896 -t'um

610 1939 942 2000 desinentia
973 1941 1273 2002 abstracta
1305 1945 1552 2003 utantur
1583 1941 2020 2020 significatione
2051 1939 2146 2016 (ut
2188 1941 2475 2015 officim,
2521 1942 2855 2017 imperium,

609 2043 792 2102 otium
806 2062 829 2114 ;
894 2043 956 2103 id
1015 2044 1179 2122 quod
1236 2046 1438 2106 attulit
1494 2046 1715 2106 Misteli
1760 2046 1863 2106 ΚΖ
1906 2045 2100 2123 XVII,
2151 2041 2324 2122 175),
2391 2043 2497 2104 sed
2558 2044 2733 2103 etiam
2789 2044 2850 2104 in

610 2144 844 2206 Graeca
901 2152 1116 2208 neutra
1169 2148 1230 2208 in
1292 2165 1439 2207 -ιον
1458 2167 1478 2206 .·
1545 2132 1966 2227 εὐαγγέλιον,
2031 2133 2440 2226 άγχιστετον,
2508 2133 2854 2226 oudo-nov,

610 2237 1068 2323 διδασκάλων,
1112 2239 1459 2330 γεώργιον,
1504 2243 1824 2330 ἐρείπων,
1857 2241 2042 2328 ἔριον
2084 2274 2167 2296 =
2214 2240 2385 2328 ἐρέα,
2431 2237 2855 2329 κατηγόρων,

613 2340 1042 2426 λειποτάξιον
1087 2352 1160 2412 al.
1246 2352 1363 2414 Sed
1397 2353 1524 2431 jam
1558 2371 1735 2414 casco
1768 2371 1918 2414 aevo
1950 2357 2011 2413 et
2039 2354 2386 2430 priusquam
2417 2355 2626 2430 gentes
2655 2353 2853 2412 aricae

611 2452 1012 2533 discederent,
1055 2457 1364 2535 proprium
1410 2456 1693 2518 suffixum
1740 2458 1802 2515 ἰᾶ
1848 2456 1924 2516 ad
1968 2456 2271 2517 abstracta
2312 2453 2599 2533 fingenda
2637 2454 2711 2516 ab
2740 2454 2854 2516 illis

610 2556 881 2634 cognatis
912 2556 1255 2619 distinctum
1288 2564 1347 2620 et
1376 2563 1754 2637 segregatum
1786 2577 1934 2637 esse,
1978 2578 2051 2619 ea
2080 2577 2145 2619 re
2182 2558 2646 2635 demonstratur,
2689 2557 2853 2635 quod

610 2678 815 2719 omnes
861 2661 1131 2721 nationes
1176 2662 1376 2722 aricae
1409 2663 1522 2723 hoc
1552 2662 1769 2724 suffixo
1801 2665 1915 2723 hac
1943 2663 2077 2740 ipsa
2106 2660 2541 2739 significatione
2576 2664 2854 2721 utuntur:

610 2780 722 2822 scr.
766 2756 895 2837 -3162,
939 2768 1058 2840 got.
1103 2758 1195 2837 -j6
1240 2763 1483 2837 (nomin.
1527 2767 1622 2839 -ja
1664 2767 1759 2826 vel
1802 2764 1877 2839 -i)
1933 2769 1994 2826 et
2034 2763 2424 2842 superaddito
2468 2779 2511 2822 n
2553 2763 2659 2823 illo
2704 2764 2849 2825 Ger-

609 2865 800 2924 manis
845 2865 1121 2926 adamato
1154 2862 1275 2940 j6n
1319 2869 1418 2953 vel
1463 2868 1563 2927 ein
1607 2867 1744 2945 (pro
1773 2864 1938 2946 jan),
1979 2867 2181 2929 theod.
2212 2870 2329 2927 vet.
2373 2867 2466 2926 -ia
2509 2867 2604 2926 vel
2649 2861 2709 2923 -i
2750 2862 2853 2938 (cf.

608 2966 907 3046 Schlflter,
966 2969 1078 3029 Die
1138 2971 1245 3029 mit
1301 2969 1356 3029 d.
1400 2972 1534 3030 suff.
1579 2971 1661 3044 J’a
1718 2969 2055 3048 gebildeten
2104 2969 2434 3031 deutschen
2480 2969 2752 3044 nomina,
2795 2987 2853 3046 p.

619 3068 732 3127 154
763 3089 855 3149 sq.
906 3068 1024 3128 164
1056 3090 1145 3150 sq.
1195 3067 1306 3130 131
1345 3090 1475 3151 sqq.
1527 3069 1688 3150 144),
1732 3073 1881 3133 slav.
1910 3077 2028 3133 vet.
2070 3073 2181 3150 ·ja,
2224 3072 2323 3132 lat.
2368 3072 2460 3130 -ἰα
2502 3072 2590 3130 -ie
2632 3070 2852 3149 (Bopp.

611 3175 744 3251 Vgl.
789 3173 891 3235 Gr.
937 3170 1056 3234 111²
1098 3175 1133 3246 ᾖ
1166 3171 1291 3232 892
1322 3172 1494 3253 sqq).
1568 3176 1781 3253 Itaque
1813 3175 2081 3237 Graecos
2110 3192 2354 3254 quoque
2379 3173 2521 3234 inde
2565 3191 2603 3232 a
2645 3173 2853 3250 primis

611 3278 982 3354 temporibus
1029 3278 1142 3339 hoc
1185 3278 1403 3339 suffixo
1451 3296 1592 3339 usos
1635 3295 1766 3339 esse
1802 3281 2052 3339 constat.
2124 3279 2256 3339 Jam
2287 3295 2471 3354 quum
2505 3294 2625 3336 non
2658 3276 2853 3336 minus

611 3385 870 3457 constet,
934 3382 1123 3441 multa
1176 3400 1418 3459 quoque
1476 3381 1855 3442 substantiva
1913 3382 1973 3441 in
2034 3397 2104 3439 ια
2162 3397 2238 3440 ex
2283 3378 2604 3457 adjectivis
2647 3380 2705 3439 in
2751 3394 2853 3449 ιος

612 3499 743 3541 esse
788 3486 938 3560 orta,
987 3486 1051 3542 ut
1095 3472 1232 3562 ἑῴα
1277 3484 1372 3544 vel
1416 3468 1569 3563 ηὀἱη
1616 3488 1677 3543 et
1715 3476 2011 3563 χειμερία
2056 3481 2358 3561 adJectiva
2402 3498 2534 3541 esse
2578 3500 2655 3541 ex
2698 3481 2851 3542 simi·

608 3583 764 3644 libus
807 3583 1162 3661 intelligitur
1205 3574 1482 3664 ἑωθὶνη,
1520 3579 1887 3666 χειμερίνη,
1930 3583 1988 3645 id
2034 3589 2265 3645 tantum
2311 3583 2535 3661 agitur,
2595 3587 2661 3643 ut
2701 3582 2854 3644 fines

611 3688 1077 3747 constituantur.
1165 3687 1340 3762 Quod
1387 3691 1454 3748 ut
1498 3706 1759 3765 unquam
1790 3691 2073 3748 accurate
2104 3687 2228 3747 fleri
2266 3687 2457 3765 possit
2486 3703 2854 3765 magnopere

610 3806 852 3851 vereor:
917 3795 979 3850 at
1036 3790 1473 3868 adjectivorum
1531 3791 1682 3851 fines
1741 3809 1777 3851 a
1819 3789 2127 3852 Lobeckio
2182 3789 2357 3850 nimis
2409 3789 2678 3867 prolatos
2720 3804 2873 3848 esse-

609 3898 815 3973 patere
860 3893 1002 3953 mihi
1043 3892 1302 3954 videtur.
1387 3893 1837 3972 AdJectivorum
1883 3893 2038 3953 enim
2084 3892 2142 3953 id
2190 3906 2408 3952 munus
2440 3908 2570 3952 esse
2603 3894 2856 3967 constat,

613 4002 677 4059 ut
736 3998 1087 4075 qualitatem
1149 3997 1407 4074 aliquam
1470 4015 1591 4055 nou
1654 4014 1763 4074 per
1825 4014 1890 4056 se
1950 3996 2304 4056 existentem
2368 3997 2430 4054 et
2491 3993 2665 4070 quasi
2727 4012 2852 4053 rem

613 4101 914 4179 propriam
960 4101 1173 4177 suique
1219 4100 1379 4177 iuris,
1423 4100 1528 4160 sed
1575 4100 1673 4159 vel
1718 4099 2005 4159 animanti
2050 4099 2149 4158 vel
2189 4100 2275 4158 rei
2316 4096 2496 4157 alicui
2525 4095 2854 4157 adhaeren-

610 4209 727 4263 tem
787 4207 848 4263 et
905 4203 1206 4280 propriam
1267 4201 1622 4279 significent.
1725 4203 1937 4279 Itaque
1995 4218 2180 4279 quum
2239 4199 2599 4277 adjectivum
2661 4198 2852 4258 solum

609 4307 872 4384 ponitur,
916 4308 1021 4366 aut
1065 4308 1293 4367 certum
1338 4304 1580 4384 aliquod
1626 4304 2080 4384 substantivum,
2124 4301 2286 4381 quod
2331 4320 2406 4363 ex
2449 4303 2635 4364 totius
2666 4318 2856 4362 enun-
