3166 4871
995 290 1081 345 De
1115 290 1322 345 nomin.
1355 290 1416 346 in
1450 309 1617 357 -αιος,
1684 291 1716 361 5
1753 296 1834 346 67.
2423 297 2535 359 171

286 456 554 539 στάδιος
598 468 993 531 descendisse
1040 468 1135 544 (ut
1175 468 1494 551 Benfeyio,
1550 471 1657 547 qui
1701 471 1856 530 Wzl.
1900 471 1957 549 1,
2001 466 2125 528 630
2173 469 2344 530 dicit:
2391 482 2540 530 στα-

289 566 472 642 δαῖος
515 570 618 632 fflr
678 566 1119 642 στα-δια-ιος
1162 591 1278 632 von
1336 564 1614 632 στα-διο
1667 575 1735 640 -Ι-
1788 575 1923 632 suff.
1968 590 2032 632 ιο
2078 597 2164 618 -·--
2206 571 2357 632 sskr.
2389 570 2541 647 ja)?
2632 588 2639 596 ·

295 673 470 751 Quid,
513 692 724 735 nonne
767 665 920 754 ἔγχη
965 669 1263 752 σταδαῖα,
1305 676 1341 735 i.
1373 694 1424 735 e.
1468 674 1548 736 ad
1594 667 1876 733 σταδίαν
1916 664 2132 754 μάχην
2175 679 2337 754 apta,
2378 675 2542 752 apud

296 776 658 853 Aeschylum
720 778 850 837 eius
891 777 1242 838 sententiae
1299 776 1700 839 firmissimum
1760 782 1900 838 sunt
1957 777 2405 838 testimonium?
2455 805 2543 819 -—

295 878 408 940 Sed
440 897 478 939 a
509 873 752 938 σταδία
784 897 903 940 non
941 880 1138 957 potuit
1181 878 1317 939 duci
1363 879 1477 939 nisi
1523 873 1797 939 σταδιαῖ
1801 896 1893 949 ος.
1933 908 2022 920 -
2063 880 2145 939 At
2189 883 2249 940 et
2291 880 2351 940 in
2397 880 2542 958 ipsis

295 980 407 1040 illis
451 980 755 1041 adverbiis
799 982 859 1041 in
903 976 1015 1040 -δα
1047 975 1202 1061 -δην
1231 975 1406 1055 -δον,
1447 982 1510 1041 in
1555 999 1811 1059 quorum
1858 999 2105 1042 numero
2150 986 2244 1043 est
2271 970 2542 1061 στάδην,

297 1083 581 1143 omissum
626 1087 720 1144 est
763 1084 911 1158 iota,
962 1102 1146 1160 quum
1192 1103 1229 1143 a
1271 1083 1417 1143 viris
1461 1101 1645 1161 supra
1688 1083 2025 1144 memoratis
2071 1083 2540 1144 demonstratum

295 1187 397 1262 sit,
453 1184 608 1246 haec
666 1185 955 1247 adverbia
1010 1186 1087 1245 ab
1141 1185 1460 1264 adjectivis
1511 1186 1573 1245 in
1620 1180 1801 1256 -διος
1844 1183 2232 1248 descendere.
2320 1186 2543 1261 Quidni

291 1287 450 1348 idem
510 1288 685 1348 etiam
748 1290 809 1348 in
871 1282 1183 1359 σταδαῖος
1240 1287 1366 1349 fieri
1423 1289 1663 1367 potuit?
1750 1286 1975 1362 Quidni
2029 1307 2104 1349 ex
2160 1277 2427 1359 στάδιος
2473 1293 2541 1348 ut

293 1380 553 1469 στάδην
580 1409 693 1468 pro
724 1384 1016 1471 σταδίην,
1059 1393 1147 1451 sic
1177 1385 1487 1462 σταδαῖος
1517 1410 1629 1469 pro
1660 1384 2001 1462 σταδιαῖος
2030 1391 2159 1453 fieri
2189 1391 2426 1468 potuit?
2454 1422 2541 1432 —-

291 1493 429 1552 Non
477 1493 673 1569 potuit
710 1510 840 1552 eam
887 1493 962 1553 ob
1008 1512 1267 1579 causam,
1311 1493 1475 1572 quod
1517 1494 1753 1554 illorum
1799 1493 2219 1554 adverbiorum
2265 1492 2541 1555 formatio

289 1597 647 1671 pervetusto
689 1600 960 1673 tempore
1002 1594 1163 1656 facta
1214 1601 1333 1670 est,
1386 1596 1821 1674 adJectivorum
1868 1597 1928 1656 in
1973 1612 2119 1667 αιος
2164 1613 2308 1656 usus
2352 1597 2539 1657 multo

289 1697 612 1759 recentior.
685 1698 1083 1772 Quamobrem
1116 1717 1154 1758 a
1183 1688 1433 1779 στάδην
1463 1699 1784 1777 repetitum
1817 1716 1947 1759 esse
1980 1716 2196 1758 censeo
2228 1693 2540 1768 σταδαῖος

289 1798 369 1858 ad
430 1799 867 1876 designandum
928 1799 1220 1877 quidquid
1279 1790 1533 1880 στάδην
1590 1801 1671 1861 fit.
1773 1801 1990 1878 Itaque
2049 1791 2201 1880 ἔγχη
2259 1794 2540 1859 σταδαῖα

289 1902 585 1962 nasute
628 1902 714 1962 sic
757 1908 970 1963 vocata
1012 1908 1154 1963 sunt
1196 1921 1234 1962 a
1276 1904 1689 1981 pugnantibus
1746 1904 1851 1980 qui
1914 1892 2161 1982 στάδην
2214 1891 2541 1980 μάχονται

292 2004 388 2076 (ut
447 1995 820 2081 τοξουλκὸς
881 1994 1106 2084 αἰχμή,
1170 1995 1574 2083 φεράσπιδες
1636 2001 1872 2082 σαγαί).
1976 2007 2055 2067 Et
2111 2006 2393 2082 Juppiter
2454 2006 2540 2065 sic

295 2110 562 2182 vocatur,
606 2109 748 2185 quia
789 2112 1032 2184 praeest
1071 2127 1314 2185 pugnae
1345 2110 1614 2173 cominus
1654 2108 1867 2186 factae,
1912 2125 2163 2185 eamque
2193 2107 2269 2167 ob
2300 2124 2537 2167 causam

291 2211 424 2287 ipse
467 2199 718 2288 στάδην
761 2200 1090 2287 μάχεσθαι
1134 2215 1398 2288 putatur.

466 2311 650 2372 Nihil.
679 2316 888 2373 nostro
934 2305 1245 2385 σταδαῖος
1297 2331 1607 2374 commune
1650 2316 1745 2373 est
1789 2332 1923 2375 cum
1969 2312 2260 2374 vocabulo
2306 2330 2537 2374 mensu-

294 2414 407 2475 rali
451 2409 815 2494 σταδιαῖος,
861 2414 1024 2493 quod
1069 2417 1247 2478 unius
1291 2414 1468 2477 stadii
1514 2416 1946 2494 longitudinem
1989 2421 2225 2496 aequat,
2267 2403 2538 2495 ἡμιστα-

294 2513 536 2595 διαῖος,
605 2513 1171 2590 πεντεσταδιαῖος.
1291 2520 1458 2580 Haec
1528 2539 1566 2579 a
1624 2509 1902 2579 στάδιον
1964 2519 2164 2579 suffixi
2227 2536 2361 2578 ιαιο
2421 2538 2537 2598 ope

294 2621 569 2681 derivata
607 2625 767 2699 sunt,
810 2622 1132 2682 contractis
1174 2621 1412 2683 duobus
1455 2639 1499 2694 ι,
1545 2615 1882 2692 σταδιαῖος
1926 2640 1999 2682 ex
2045 2616 2471 2693 σταδι-ιαῖος.

575 2791 642 2847 d.
701 2791 999 2849 Nomina
1042 2793 1115 2849 in
1160 2811 1302 2864 αιος
1346 2809 1387 2850 a
1431 2793 1657 2851 verbis
1700 2792 1891 2862 puris
1937 2792 2262 2850 derivata.

470 2922 583 2988 67.
657 2929 919 2990 Nomina
963 2930 1229 2990 verbalia
1284 2930 1640 3007 pervulgata
1699 2935 1791 2990 est
1844 2929 2047 3008 opinio
2099 2948 2222 2989 non
2268 2929 2541 2991 derivata

292 3047 426 3090 esse
475 3030 587 3091 nisi
630 3050 667 3091 a
710 3031 909 3093 verbis
952 3031 1270 3108 primitivis
1313 3032 1411 3092 vel
1462 3032 1608 3110 ipsis
1660 3032 1992 3110 radicibus,
2050 3036 2120 3091 ut
2164 3020 2418 3110 τρόφος
2463 3050 2536 3091 ex

292 3133 462 3193 verbi
506 3128 739 3211 τρέφω
782 3134 986 3195 radice
1030 3150 1230 3213 τρεφ,
1290 3113 1497 3212 οὖρος
1541 3153 1615 3193 ex
1660 3134 1827 3194 verbi
1884 3120 2124 3213 ὄρομαι
2168 3132 2370 3193 radice
2413 3133 2538 3212 fop

289 3236 364 3295 al.
451 3237 656 3312 Atque
700 3237 906 3314 primis
951 3236 1190 3313 quidem
1237 3237 1576 3314 linguarum
1620 3235 1991 3312 temporibus
2035 3235 2123 3294 sic
2152 3234 2374 3295 factum
2407 3253 2537 3296 esse

293 3356 411 3398 non
462 3356 636 3416 nego.
722 3338 843 3400 Sed
886 3338 961 3399 iis
1004 3339 1268 3399 Graecae
1311 3338 1555 3416 linguae
1598 3337 1969 3416 temporibus
2004 3354 2163 3414 quae
2194 3337 2364 3398 nobis
2395 3343 2539 3398 nota

291 3447 457 3519 sunt,
515 3442 692 3502 etiam
753 3459 828 3503 ex
873 3441 1072 3501 verbis
1116 3441 1403 3501 derivatis
1447 3442 1687 3502 nomina
1731 3440 2049 3501 duxerunt.
2138 3438 2308 3515 Quae
2352 3458 2551 3517 quan--

293 3562 472 3621 quam
517 3545 917 3604 vetustiorum
971 3544 1311 3621 analogiam
1365 3544 1554 3604 secuti
1607 3560 1679 3603 ea
1723 3544 2074 3621 plerumque
2118 3542 2311 3602 forma
2355 3543 2538 3603 dona·

295 3647 453 3726 bant,
498 3649 674 3723 quasi
717 3665 796 3707 ex
839 3647 980 3723 ipsis
1022 3647 1341 3724 primitivis
1371 3645 1754 3724 pullularent,
1798 3649 1866 3705 ut
1895 3646 2225 3722 composita
2252 3645 2310 3705 in
2341 3661 2539 3716 ποῖος

295 3749 628 3811 desinentia
671 3748 878 3827 specie
923 3768 960 3809 a
1000 3748 1208 3809 radice
1254 3748 1510 3825 quadam
1555 3765 1656 3820 πι,
1701 3764 1917 3808 revera
1958 3765 1995 3806 a
2038 3747 2225 3807 verbo
2270 3746 2537 3807 derivato

294 3846 506 3912 ποιέω
550 3851 738 3913 ducta
782 3855 952 3930 sunt,
1013 3852 1344 3929 composita
1392 3852 1453 3910 in
1500 3865 1772 3929 -ηγορος
1814 3850 2072 3927 speciem
2119 3849 2342 3910 habent
2385 3849 2538 3910 deri·

293 3959 562 4018 vatorum
623 3956 706 4016 ab
764 3938 1037 4032 ἀγείρω,
1093 3973 1308 4014 revera
1349 3953 1423 4014 ab
1469 3937 1776 4031 ἀγορεύω
1822 3952 2195 4013 descendunt
2224 3949 2538 4025 (of.§70):

289 4064 480 4121 tamen
513 4058 683 4121 haud
717 4073 863 4116 raro
892 4057 1019 4133 ipsa
1047 4059 1238 4132 stirpe
1275 4054 1643 4132 amplificata
1670 4054 1839 4114 verbi
1884 4054 2137 4115 derivati
2180 4053 2257 4113 ad
2303 4055 2539 4113 nomina

279 4163 563 4245 fingenda
607 4162 708 4222 nsi
760 4163 921 4218 sunt.
1004 4158 1153 4232 Quis
1198 4156 1354 4218 enim
1399 4157 1703 4235 putaverit
1731 4157 2118 4234 Aeschylum,
2161 4155 2258 4215 vel
2290 4156 2537 4231 quicun-

268 4289 384 4350 que
442 4268 610 4331 alius
667 4277 891 4325 eorum
935 4260 1359 4322 vocabulorum
1405 4261 1688 4321 inventor
1731 4258 1871 4336 fuit,
1931 4276 2113 4335 quum
2161 4246 2435 4332 ἔμπαιος
2479 4257 2540 4314 et
