3166 4871
534 305 615 366 92
1534 297 1792 353 zacher

530 472 738 558 μέσην
782 464 1073 550 ὁδεύειν,
1129 466 1397 556 μακράν
1452 474 1883 557 πεμφθῆναι,
1936 470 2006 554 ἐξ
2067 470 2377 549 ἐναντίας
2418 472 2776 559 προσιέναι

535 582 691 642 Plut.
735 600 790 640 v.
835 581 1003 640 Rom.
1032 580 1319 659 XXVIII,
1363 572 1434 655 ἐξ
1480 571 1789 651 ἐναντίας
1833 611 1917 620 -
1962 573 2039 639 ἐκ
2095 575 2388 659 πλαγίου
2443 571 2774 661 καθεστή-

535 697 740 742 κεσαν
786 683 976 743 Thuc.
1004 683 1106 761 lv,
1136 678 1235 742 33.
1280 670 1513 761 εύθείᾳ
1558 675 1887 762 φέρεσθαι
1931 683 2092 745 Steb.
2124 684 2252 744 Ecl.
2287 682 2341 761 1,
2369 680 2514 763 606,
2556 685 2775 746 omisso

533 785 857 862 vocabulo,
900 786 1072 845 cuius
1130 786 1294 847 notio
1357 786 1420 845 in
1480 785 1667 846 verbo
1714 786 2086 860 continetur,
2146 786 2281 847 hinc
2340 794 2773 865 consequutum

536 907 691 966 esse,
736 891 803 948 ιιι
847 887 1000 948 idem
1045 906 1262 948 nomeu
1307 888 1487 948 tacite
1531 888 2143 966 comprehenderetur
2187 907 2322 949 cum
2362 890 2580 968 verbis,
2622 907 2777 967 quae

535 1012 654 1053 nou
701 991 1031 1068 simplicem
1079 989 1375 1051 actionem
1432 990 1540 1051 sed
1587 991 1880 1051 actionem
1941 991 2000 1051 in
2059 994 2220 1051 motu
2281 992 2539 1070 positam
2599 991 2776 1070 signi·

535 1096 734 1173 fleant,
781 1087 871 1165 εἰς
917 1077 1195 1152 εύθεῑαν
1241 1089 1676 1172 καταστῆσαι,
1720 1085 1790 1170 ἐξ
1835 1085 2144 1164 ἐναντίας
2186 1082 2516 1172 μάχεσθαι
2547 1095 2778 1155 Aelian.

535 1198 593 1258 h.
624 1216 720 1258 an.
751 1198 821 1272 V,
860 1191 952 1254 19.
996 1185 1118 1274 τὴν
1163 1179 1439 1253 εὐθεῖαν
1486 1181 1915 1255 ἀποκτείνειν
1958 1197 2100 1256 Eur.
2160 1196 2313 1257 Med.
2358 1191 2503 1257 384.
2557 1181 2779 1275 ὀρθὴν

535 1287 914 1378 ἐντυγχάνει
963 1283 1115 1357 ἀντὶ
1160 1294 1285 1356 τοῦ
1329 1283 1554 1367 εύθύς.
1593 1286 1937 1378 Ὑπερίδης
2026 1299 2319 1383 Pheget
2364 1302 2431 1359 ut
2473 1304 2778 1379 postremo

536 1404 650 1464 hoc
695 1401 1031 1478 exemplum
1078 1399 1508 1462 transferretur
1552 1400 1630 1461 ad
1676 1419 1780 1462 eas
1825 1403 2122 1480 actiones,
2165 1420 2325 1479 quae
2370 1402 2613 1463 omnino
2657 1421 2777 1464 non

536 1506 808 1584 corporis
851 1505 959 1568 sed
1001 1504 1179 1565 animi
1225 1508 1389 1566 motu
1435 1508 1496 1565 et
1523 1504 1852 1566 intentione
1893 1504 2311 1583 conficiuntur,
2355 1497 2427 1581 ἐξ
2471 1497 2780 1575 ἐναντίας

537 1597 843 1685 δοξάζειν
899 1607 1147 1668 Aristot.
1205 1607 1334 1668 Pol.
1363 1608 1502 1685 Vll,
1547 1604 1613 1682 2,
1660 1605 1715 1667 5.
1768 1591 1896 1667 ούκ
1940 1599 2012 1684 ἐξ
2066 1591 2335 1680 εύθείας
2380 1612 2567 1668 νοεῖν
2611 1594 2783 1670 άλλὰ

535 1695 697 1774 καθ’
743 1698 1132 1790 ὑπερβατόν
1175 1709 1369 1772 Strab.
1405 1711 1569 1788 XIII,
1615 1707 1756 1770 585.
1801 1701 1928 1789 τὴν
1985 1695 2330 1787 ἀπόδειξιν
2384 1703 2456 1787 ἐξ
2515 1695 2783 1782 εύθείας

536 1810 886 1876 ποιεῖσθαι
933 1813 1142 1876 Galen.
1173 1812 1248 1874 de
1280 1813 1495 1875 Semin.
1525 1815 1604 1892 ΙΙ,
1639 1811 1693 1893 1,
1721 1810 1864 1873 609.
1908 1818 1948 1874 t.
1979 1814 2079 1874 IV.
2124 1806 2195 1890 ἐξ
2240 1807 2382 1894 ἴσης
2427 1804 2782 1894 θαυμαστή

537 1899 751 1982 Iulian.
797 1915 899 1977 Or.
937 1912 991 1995 1,
1041 1912 1116 1974 19
1163 1916 1214 1976 A
1262 1922 1372 1976 etc.
1418 1934 1572 1994 quae
1619 1916 1762 1994 quia
1800 1935 1838 1977 a
1865 1917 2115 1995 proprio
2146 1920 2208 1977 et
2237 1917 2441 1978 nativo
2472 1918 2781 1979 intellectu

538 2022 947 2098 desciverunt,
992 2039 1109 2081 non
1155 2019 1411 2098 amplius
1443 2020 1652 2097 quaeri
1684 2018 1880 2097 debet,
1923 2019 2086 2098 quod
2116 2037 2362 2098 quoque
2400 2020 2534 2081 loeo
2565 2038 2781 2081 nomeu

536 2125 816 2189 omissum
862 2124 957 2202 sit,
998 2122 1107 2184 sed
1137 2122 1233 2183 his
1272 2123 1727 2201 complementis
1767 2127 1890 2183 tum
1924 2123 2094 2183 loeus
2122 2122 2253 2197 suit,
2298 2141 2480 2201 quum
2510 2123 2783 2195 homines

537 2228 784 2308 proprie
841 2228 1249 2303 loquerentur.
1335 2226 1489 2303 Iam,
1547 2230 1615 2286 ut
1672 2226 1749 2286 ad
1807 2227 2181 2305 propositum
2241 2225 2516 2305 redeam,
2568 2226 2781 2287 eodem

539 2332 715 2393 modo
775 2329 997 2390 dicitur
1052 2321 1499 2408 προφθαδίην
1556 2311 1936 2406 ἀγορεύειν,
1997 2313 2303 2408 ἀντιβίην
2348 2327 2433 2401 (et
2476 2313 2783 2402 ἀντίβιον

538 2435 668 2496 sive
700 2426 1111 2505 ἐναντίβιον)
1143 2423 1403 2510 ἐρίζειν,
1449 2414 1743 2508 άμφαδίῃ
1775 2449 1837 2491 τι
1882 2422 2120 2511 ῥέζειν,
2162 2426 2499 2509 πασσυδίῃ
2542 2425 2785 2511 προχέ-

539 2555 739 2611 οντο,
795 2521 1234 2614 αὐτοσχεδίην
1292 2524 1567 2608 βάλλειν
1628 2539 1689 2596 et
1734 2519 2170 2616 αὐτοσχεδίην
2215 2523 2436 2619 ᾄδειν,
2478 2540 2782 2614 postremo

538 2632 918 2721 κρυπταδίῃ
966 2627 1340 2698 λανθάνειν
1385 2638 1622 2697 Maxim.
1669 2657 1724 2697 v.
1756 2634 1899 2715 339,
1943 2640 2163 2716 quibus
2209 2639 2579 2716 respondent
2607 2657 2781 2699 aecu-

540 2744 716 2805 sativi
763 2741 931 2802 latini
965 2756 1322 2815 perperam,
1359 2741 1749 2814 promise-mn,
1795 2739 2104 2815 bifariam,
2151 2742 2329 2815 alias,
2374 2743 2569 2819 etqui
2597 2759 2785 2820 supra

542 2847 718 2908 relati
749 2848 891 2907 sunt
930 2843 1118 2903 dativi
1161 2837 1494 2926 δαιμονίᾳ,
1540 2838 1887 2920 θεσπεσίῃ,
1932 2829 2277 2922 ἀναγκαίῃ.
2368 2845 2581 2922 Neque
2610 2862 2786 2905 secus

538 2954 795 3010 statuam
851 2947 927 3008 de
984 2938 1132 3023 ἐτεῇ
1176 2946 1430 3023 aliisque
1476 2946 1720 3024 dativis,
1781 2948 1885 3024 qui
1946 2946 2367 3009 adverbiorum
2429 2949 2623 3009 locum
2682 2948 2782 3008 ob·

538 3053 875 3129 tinuerunt,
933 3054 998 3109 ut
1050 3035 1268 3128 ὁμαλῆ
1325 3049 1387 3109 id
1441 3053 1531 3110 est
1575 3036 1748 3127 ὁμοῦ
1794 3050 2057 3126 Hesych.
2102 3050 2265 3129 quod
2312 3051 2361 3111 si
2406 3050 2483 3111 ab
2527 3038 2783 3129 ὁμαλής

538 3155 858 3233 provenit,
903 3171 1037 3213 cum
1083 3139 1341 3232 ὁμαρτῆ
1383 3153 1897 3229 aequiparandum
1945 3158 2054 3231 est,
2095 3140 2345 3233 ἡσυχῆ,
2388 3141 2611 3234 λάθρη
2658 3158 2786 3230 etc„

541 3277 720 3334 quae
780 3256 1012 3317 omnia
1068 3256 1290 3315 tacite
1360 3254 1913 3333 subsequuntur
1972 3274 2226 3319 nomen
2275 3255 2633 3341 quoddam
2679 3254 2783 3316 se-

540 3359 791 3419 minini
834 3358 1128 3435 generis
1170 3358 1329 3419 sive
1368 3352 1595 3439 χρεία
1650 3360 1803 3420 sive
1859 3348 2052 3438 τύχη
2108 3360 2267 3420 sive
2312 3354 2583 3437 δρᾶσις
2626 3359 2785 3419 sive

540 3448 907 3529 διάθεσις
967 3461 1121 3521 sive
1179 3460 1375 3520 aliud
1437 3461 1651 3521 huius
1710 3460 2149 3522 indefinitae
2196 3461 2784 3540 significationis

540 3562 999 3640 vocabulum,
1058 3564 1265 3624 cuius
1319 3563 1745 3624 adumbrata
1789 3565 1986 3625 notio
2049 3565 2117 3625 in
2179 3566 2441 3626 animis
2479 3565 2785 3627 obscure

542 3666 803 3744 haesit,
861 3663 1092 3726 forma
1150 3671 1386 3727 autem
1444 3667 1709 3727 amissa
1752 3670 1887 3745 est,
1944 3685 2080 3745 quo
2126 3668 2378 3728 evenit
2422 3672 2497 3728 ut
2538 3668 2782 3729 iisdem

539 3768 940 3843 adjectivis
985 3786 1125 3830 non
1169 3786 1453 3847 semper
1498 3768 1691 3828 idem
1737 3769 2277 3831 substantivum
2308 3774 2381 3831 et
2417 3769 2785 3847 aliquibus

541 3871 812 3932 nullum
858 3875 1204 3933 accurate
1249 3872 1715 3932 conveniat?

710 3965 819 4033 31.
908 3974 1107 4050 Atque
1151 3992 1309 4051 quae
1354 3972 1429 4033 de
1473 3973 1592 4034 illis
1635 3973 1947 4035 vocabulis
1990 3974 2424 4037 adverbialiter
2482 3975 2787 4051 usurpatis

543 4074 709 4152 dicit,
753 4093 937 4152 quum
982 4076 1042 4135 iu
1089 4076 1433 4137 universum
1479 4094 1631 4137 vera
1672 4094 1806 4138 esse
1851 4077 2185 4156 videantur,
2231 4082 2427 4138 tamem
2474 4076 2635 4136 illam
2666 4076 2784 4137 dic·

539 4180 760 4240 tionem
807 4178 1007 4255 paullo
1053 4179 1174 4238 alia
1215 4179 1451 4241 ratione
1493 4183 1556 4240 et
1599 4184 1788 4241 ortam
1836 4183 1897 4241 et
1925 4183 2222 4242 excultam
2254 4197 2388 4241 esse
2410 4183 2580 4258 puto.
2668 4178 2784 4239 Ini-

539 4283 684 4343 tium
733 4281 845 4343 nisi
890 4280 1068 4344 fallor
1114 4282 1274 4360 cepit
1317 4280 1393 4342 ab
1428 4282 1540 4343 ‘1110
1588 4282 1827 4345 dicendi
1885 4301 2144 4363 genere,
2204 4281 2367 4361 quod
2426 4282 2787 4362 plerumque
