3166 4871
1044 224 1130 280 De
1164 224 1368 280 nomin.
1406 224 1464 279 iu
1502 242 1663 290 -αιος,
1734 228 1768 292 s
1810 227 1887 278 12.
2510 229 2591 292 33

350 403 488 462 selu·
532 402 686 463 viele
731 402 1006 463 worter.“
1068 403 1135 462 L.
1165 404 1396 482 Meyer,
1440 402 1901 481 Bemerknngen
1946 421 2054 463 zur
2098 403 2349 464 altesten
2393 403 2596 481 gescb.

353 503 409 564 d.
456 505 684 582 griech.
731 505 914 583 myth.
964 524 1023 582 p.
1069 509 1148 566 66
1192 498 1312 584 sq.)
1398 506 1610 582 Itaque
1660 505 1825 566 haud
1890 505 2015 566 scio
2078 523 2157 566 an
2218 504 2357 565 illae
2419 524 2600 566 voces

353 612 676 684 νυμφετος
720 612 1051 685 νυμφεῖον
1093 608 1171 667 ad
1217 613 1462 684 nuptam
1508 607 1799 687 nuptialia
1840 609 2206 686 pertinentes
2252 608 2437 668 multo
2480 609 2601 668 sint

352 710 724 787 antiquiores
786 708 879 770 his
939 716 1269 787 νυμφαῑος
1312 714 1373 771 et
1415 716 1755 787 νυμφαῑον
1816 728 1973 786 quae
2034 711 2111 770 de
2171 711 2454 788 nymphis
2516 709 2601 769 di-

357 812 667 872 cebantur.
710 842 794 851 —
838 812 1027 872 Nulla
1068 812 1210 890 fere,
1255 817 1540 890 quantum
1574 812 1770 891 video,
1814 811 2259 890 significationis
2287 813 2603 873 diversitas

357 918 448 973 est
490 915 649 975 inter
703 921 1113 991 μουσαῑος
1172 919 1232 975 et
1287 921 1695 992 μουσεῑος.
1802 916 2135 993 Utrumque
2179 934 2316 977 raro
2371 917 2601 976 tantum

358 1015 688 1077 adhibitum
736 1021 856 1077 est:
897 1023 1222 1094 μουσαῑος
1264 1036 1303 1077 a
1342 1017 1471 1078 solo
1500 1016 1797 1079 Pindaro:
1842 1019 2012 1079 Nem.
2043 1022 2101 1097 8,
2130 1022 2209 1079 47
2256 1005 2603 1098 ὑπερεῖσαι

366 1112 575 1177 λίθον
615 1124 951 1196 μοισαῑον,
993 1120 1030 1179 i.
1059 1138 1112 1181 e.
1156 1125 1600 1181 monumentum
1646 1124 1776 1181 arte
1821 1120 2047 1181 musica
2088 1119 2312 1181 factum
2357 1120 2606 1198 erigere.

364 1221 571 1281 Isthm.
616 1222 717 1300 VI,
762 1225 799 1282 2
860 1212 1182 1302 δεύτερον
1225 1219 1528 1304 κρατῆρα
1570 1217 1926 1282 Μοισαίων
1977 1216 2234 1300 μελέων
2286 1217 2604 1303 κίρναμεν

367 1324 403 1383 i.
434 1342 485 1383 e.
528 1323 863 1384 secundum
908 1324 1190 1401 hymnum
1239 1343 1470 1386 canere.
1556 1316 1761 1386 Isthm.
1792 1326 1956 1403 VIII,
2000 1329 2077 1386 62
2123 1316 2410 1384 ἔσσυται·
2439 1323 2604 1385 Μοι-

368 1431 564 1484 σαῖον
606 1410 781 1505 ἅρμα
825 1421 1196 1497 Νικοκλέος
1237 1424 1462 1506 μνᾶμα
1502 1416 1859 1507 πυγμάχου
1910 1422 2273 1507 κελαδῆσαι
2332 1427 2609 1500 „festinat

369 1528 677 1588 Musarum
721 1547 938 1591 currus
981 1528 1127 1607 (quo
1156 1534 1366 1591 vectus
1410 1529 1586 1591 modo
1630 1530 1900 1592 heroicas
1944 1548 2040 1591 res
2083 1530 2336 1592 Achillis
2379 1527 2613 1610 cecini),

371 1635 435 1690 ut
493 1649 657 1692 nune
701 1631 880 1693 etiam
924 1633 1142 1711 pugilis
1186 1636 1630 1694 monumentum
1690 1634 1983 1695 canatur“
2031 1634 2187 1694 Diss.
2273 1631 2611 1703 Μουσετος

370 1737 463 1793 est
504 1752 602 1811 ap.
646 1735 853 1813 Eurip.
893 1736 1109 1796 Bacch.
1152 1739 1276 1798 408
1365 1729 1604 1815 Πιερία
1645 1734 1982 1807 Μουσεῐος
2026 1725 2211 1815 ἕδρα,
2268 1736 2305 1795 i.
2336 1754 2388 1797 e.
2439 1737 2610 1795 Iocus

371 1853 408 1895 a
449 1837 640 1897 Musis
684 1836 1003 1901 habitatus.
1074 1839 1287 1917 Itaque
1327 1839 1485 1899 inter
1514 1839 1908 1916 Euripideum
1939 1856 2113 1900 usum
2143 1842 2204 1898 et
2231 1836 2611 1899 Pindaricum

372 1937 433 1997 id
463 1938 633 1999 dicas
672 1940 1067 2020 intercedere,
1104 1944 1173 2001 ut
1201 1941 1447 2002 Pindari
1474 1948 1799 2019 μουσαῑος
1830 1942 2074 2002 notione
2104 1941 2397 2002 translata
2426 1939 2614 2017 magis

373 2044 453 2135 οἱ,
476 2041 755 2103 technica
798 2043 1025 2105 dictum
1068 2046 1163 2123 sit,
1205 2063 1390 2123 quum
1421 2044 1585 2122 apud
1615 2043 1965 2121 Euripidem
2006 2048 2319 2120 μουσεῐος
2349 2042 2424 2103 ad
2454 2043 2615 2118 ipsas

376 2116 518 2205 deas
564 2147 885 2223 pertineat.
970 2147 1089 2208 Sed
1130 2147 1409 2208 technica
1449 2148 1554 2206 illa
1597 2146 1950 2224 significatio
1994 2150 2086 2207 est
2129 2147 2306 2208 etiam
2350 2147 2412 2206 in
2454 2161 2613 2224 μου·

379 2253 553 2319 σετος
608 2242 887 2319 κέλαδος
942 2267 1055 2327 pro
1104 2238 1426 2328 μουσικός
1483 2250 1664 2311 Anth.
1708 2251 1810 2329 IX,
1855 2252 1996 2310 372.
2084 2249 2340 2310 Omnino
2401 2252 2617 2309 neutra

378 2351 655 2412 vocabuli
701 2351 892 2412 forma
934 2352 1181 2413 Graecis
1224 2354 1447 2413 usitata
1491 2351 1677 2413 fuisse
1720 2352 1982 2430 videtur,
2023 2351 2129 2412 sed
2175 2351 2276 2412 ubi
2320 2349 2617 2429 adjectivo

380 2471 528 2531 opus
573 2459 721 2534 erat,
776 2445 1099 2532 μουσικός
1142 2456 1349 2518 dicere
1386 2457 1695 2518 solebant:
1752 2462 2068 2533 praeterea
2121 2454 2471 2533 frequenter
2525 2454 2618 2514 usi

376 2562 517 2619 sunt
576 2559 896 2635 periectico
955 2565 1375 2636 μουσεῖον
1434 2564 1496 2621 et
1554 2560 1794 2621 nomine
1857 2560 2103 2638 proprio
2163 2556 2621 2634 Μουσαῖος,
2675 2555 2680 2568 ’

378 2660 542 2737 quod
587 2658 847 2722 fortasse
889 2663 1299 2740 patronymice
1344 2643 1566 2724 dictum
1611 2668 1704 2724 est
1746 2680 1910 2724 more
1951 2662 2335 2724 Aeolensium
2366 2660 2620 2720 Thessa-

379 2763 572 2825 lorum
628 2765 1008 2826 Boeotorum.
1107 2764 1427 2845 Adjectiva
1482 2769 1682 2826 autem
1739 2771 2063 2842 μουσαῑος
2120 2768 2182 2826 et
2233 2767 2545 2842 μουσεϊος
2586 2780 2623 2822 a

380 2867 644 2928 Pindaro
687 2867 862 2945 illud,
920 2868 994 2928 ab
1039 2868 1326 2946 Euripide
1384 2868 1499 2929 boc
1543 2870 1854 2930 inventum
1913 2868 2193 2928 dictionis
2246 2866 2621 2927 insolentiam

384 2971 780 3049 captantibus,
822 2989 942 3031 non
988 2974 1232 3049 recepta
1274 2976 1419 3033 sunt
1460 2989 1573 3032 usu
1603 2972 1861 3049 vulgari.
1946 2970 2160 3048 Itaque
2204 2985 2280 3030 ne
2322 2969 2624 3029 alternare

384 3073 620 3150 quidem
683 3074 839 3134 inter
883 3091 948 3134 se
995 3074 1109 3135 hae
1154 3072 1382 3135 formae
1438 3073 1555 3135 dici
1610 3077 1926 3151 poterunt:
1982 3074 2159 3133 immo
2218 3074 2495 3131 neutrum
2550 3088 2624 3129 ex

384 3176 573 3237 altero
635 3176 876 3253 pendet.
936 3210 1017 3218 —
1077 3177 1131 3236 A
1190 3170 1466 3253 μέλισσα
1525 3175 1693 3236 nullo
1764 3173 2217 3251 significationis
2284 3172 2625 3232 discrimine

388 3277 565 3338 ducta
594 3281 738 3340 suut
764 3276 1240 3355 μελισσατος
1284 3262 1597 3356 οὖλαμός,
1626 3278 1757 3338 Nic.
1785 3276 2124 3355 Themin,
2163 3268 2626 3353 μελίσσειον

386 3375 627 3461 κηρίον
685 3381 833 3441 Luc.
878 3384 986 3459 24,
1028 3384 1129 3441 42.
1172 3382 1343 3441 Eust.
1472 3381 1730 3443 Diversa
1787 3378 2221 3457 significatione
2286 3381 2347 3438 et
2407 3392 2628 3455 genere

389 3490 602 3546 neutro
654 3484 1042 3561 periecticnm
1101 3471 1194 3542 τὸ
1248 3481 1792 3561 μελισσεῑον,
1854 3482 2015 3560 quod
2074 3482 2274 3559 apium
2317 3480 2626 3541 vasculum

389 3587 655 3649 denotat.

478 3769 485 3774 Δ
563 3683 668 3751 12.
775 3690 913 3751 Non
980 3690 1127 3750 satis
1186 3690 1403 3767 claret,
1466 3706 1623 3766 quae
1686 3687 2023 3750 intercedat
2084 3687 2237 3747 ratio
2294 3687 2452 3746 inter
2509 3684 2631 3745 duo

391 3793 690 3853 vocabula
748 3791 1067 3853 Homerica
1124 3780 1209 3850 τὰ
1251 3777 1506 3849 &dala
1563 3790 1640 3850 de
1695 3789 1990 3850 mercibus
2046 3787 2099 3847 θ
2135 3792 2273 3866 163,
2314 3804 2353 3846 ο
2386 3790 2530 3866 445,
2574 3790 2635 3846 et

396 3913 425 3954 ε
439 3879 528 3974 ὗρ
544 3913 582 3953 υ
593 3883 631 3953 ό
644 3890 685 3953 ὁ
693 3911 719 3953 ι
735 3912 757 3952 ι
769 3912 811 3952 α
838 3899 1037 3955 terrae
1060 3894 1387 3972 epitheton,
1415 3911 1651 3970 semper
1671 3893 1786 3953 hac
1804 3890 1998 3952 forma
2011 3894 2361 3967 usurpatum
2378 3878 2634 3967 χθονὸς

394 3982 781 4077 εὐρυοδείης
824 3997 884 4056 in
925 3995 1041 4054 fine
1069 4011 1310 4056 versus:
1358 3992 1429 4054 11
1452 3996 1591 4071 635,
1637 4013 1677 4073 y
1706 3996 1851 4073 453,
1891 3995 2110 4071 x-149,
2157 3988 2194 4049 λ
2226 3994 2324 4053 52.
2397 3992 2632 4051 Utrum-

395 4118 515 4177 que
561 4099 635 4158 ab
681 4085 838 4168 ὁδός
882 4099 1199 4176 repetitum
1243 4102 1352 4157 est.
1426 4098 1577 4158 Nam
1612 4116 1795 4174 quum
1842 4115 1962 4155 nou
2008 4095 2219 4173 desint,
2263 4095 2366 4171 qui
2411 4076 2634 4170 εὖρυό-

397 4194 543 4260 δεια
587 4220 662 4262 ex
707 4187 928 4260 ὁδεύω
971 4200 1211 4262 fluxisse
1255 4202 1472 4277 putent
1515 4196 1707 4271 (Eust.
1742 4198 1853 4260 Od.
1897 4216 1956 4275 p.
1990 4199 2171 4274 1476,
2202 4195 2309 4273 56,
2362 4195 2639 4264 Duncan,

2231 4310 2262 4360 3
