3166 4871
2410 304 2529 362 427

463 471 891 531 CenturIOnum
940 473 1219 531 salarium
1275 474 1649 533 tribunorum
1708 474 2271 551 praefectorumque
2314 476 2535 534 salario

291 554 542 631 multum
590 576 840 633 cessisse
888 580 1153 650 constat,
1211 581 1582 652 quapropter
1644 576 1852 634 borum
1901 576 2198 653 juvenum
2245 577 2536 636 nobiliore

290 673 424 733 loco
470 677 747 733 natorum
794 674 1066 735 condicio
1128 675 1446 735 admodum
1513 678 1730 736 misera
1787 676 1970 736 fuisse
2028 677 2278 737 videtur.
2386 678 2534 739 Cum

290 792 436 834 vero
525 777 928 853 splendidiora
1018 796 1298 854 munera,
1389 796 1748 856 quamquam
1833 780 1964 854 ipsa
2068 781 2236 856 large
2323 784 2537 840 ornata

290 882 494 954 erant,
551 884 753 937 tamen
816 881 927 938 nisi
991 880 1326 939 hominibus
1390 882 1656 957 equestri
1705 899 1887 941 censu
1933 899 2053 941 non
2099 881 2535 954 tribuebantur,

287 980 329 1037 ii
389 981 491 1055 qui
546 981 675 1040 sine
734 999 918 1040 censu
965 987 1138 1041 erant
1195 983 1497 1059 ingentem
1545 1001 1785 1059 operam
1831 983 2178 1060 impendere
2224 982 2538 1062 debebant,

289 1087 359 1140 ut
402 1100 648 1142 munere
709 1084 913 1159 aliquo
973 1084 1224 1143 honesto
1280 1085 1635 1161 potirentur.
1723 1084 1954 1157 Quibus
2000 1084 2191 1145 modis
2235 1086 2387 1145 tales
2432 1086 2535 1146 ho-

290 1184 479 1242 miues
563 1189 875 1261 quaestum
957 1187 1338 1263 paraverint,
1412 1189 1666 1246 maxime
1744 1187 2128 1263 cognoscitur
2193 1207 2269 1247 ex
2333 1189 2536 1249 verbis

293 1286 606 1345 Juvenalis
638 1303 681 1344 s.
716 1304 761 1346 s.
807 1284 927 1358 (5):
973 1285 1230 1358 Scribae,
1277 1288 1586 1366 causidici,
1627 1289 1783 1366 juris
1827 1289 2000 1365 periti
2042 1289 2265 1351 fiebant
2308 1291 2426 1368 vel,
2469 1295 2536 1350 ut

290 1388 527 1447 Probus
574 1390 885 1466 Berytius,
944 1391 1372 1465 grammaticen
1421 1391 1890 1466 profitebantur;
1965 1410 2170 1452 omnes
2215 1393 2327 1453 hae
2372 1399 2537 1453 artes

291 1489 524 1549 minime
558 1491 903 1550 fructuosae
934 1498 1107 1551 eraut
1136 1489 1227 1565 (9)
1272 1499 1334 1551 et
1364 1511 1644 1568 magnum
1680 1494 1942 1553 laborem
1974 1493 2275 1554 habebant
2306 1494 2536 1556 honore

290 1590 528 1668 exiguo.
602 1592 761 1664 Quid
792 1595 1023 1670 mirum,
1069 1594 1229 1670 quod
1261 1595 1352 1654 illi
1381 1596 1539 1654 inter
1570 1596 2088 1656 honoratissimum
2119 1599 2534 1657 centurionum

291 1712 599 1753 numerum
648 1713 714 1753 se
759 1697 946 1773 recipi
991 1698 1343 1774 cupiebant,
1405 1715 1662 1774 quorum
1725 1698 1801 1756 ad
1848 1717 2139 1758 summum
2183 1700 2437 1776 gradum
2485 1702 2535 1759 si

290 1803 728 1873 pervenerant,
789 1815 1073 1857 summam
1134 1800 1263 1875 ipso
1322 1817 1508 1859 censu
1570 1801 1833 1876 equestri
1896 1801 2178 1877 majorem
2233 1803 2535 1880 recepturi

290 1907 463 1957 erant
505 1897 587 1972 (v.
632 1897 858 1976 supra).

463 2001 561 2060 Ad
620 2003 809 2077 ipsam
867 2003 1051 2078 igitur
1113 2003 1412 2062 hominum
1487 2005 1915 2081 pauperiorum
1975 2004 2101 2065 fere
2159 2005 2532 2083 desperatam

293 2103 701 2163 condicionem
767 2104 1169 2164 revocandum
1227 2106 1464 2165 videtur
1526 2123 1692 2184 esse,
1753 2106 1913 2182 quod
1971 2108 2382 2169 adolescentes
2425 2128 2536 2170 sua

291 2210 508 2281 sponte
555 2206 845 2265 nobiliore
891 2212 1049 2265 statu
1094 2208 1329 2284 abjecto
1376 2207 1452 2266 ad
1498 2209 1840 2267 inferiorem
1885 2208 2330 2288 confugiebant,
2372 2212 2536 2271 dum-

294 2307 468 2367 modo
513 2308 902 2368 honorificum
951 2316 1263 2386 quaestum
1308 2312 1418 2369 sibi
1466 2314 1766 2386 pararent.

464 2411 678 2487 Neque
726 2429 867 2471 vero
915 2412 1214 2488 omnibus,
1275 2414 1379 2489 qui
1427 2412 1586 2472 hunc
1632 2412 1993 2473 mediocrem
2037 2413 2319 2475 honorem
2373 2421 2534 2493 pete·

292 2513 455 2588 baut,
497 2512 595 2571 ille
641 2514 924 2590 obtigisse
971 2513 1227 2574 videtur.
1319 2515 1554 2575 Probus
1588 2516 1816 2575 frustra
1847 2518 2324 2578 centurionatum
2352 2522 2538 2597 petiit,

295 2616 556 2674 Metilius
602 2616 851 2693 Crispus
896 2622 958 2675 et
993 2617 1248 2677 Helvius
1282 2619 1564 2678 Pertinax
1610 2637 1744 2677 eum
1790 2637 1909 2678 non
1956 2619 2163 2699 adepti
2224 2627 2365 2681 sunt
2424 2625 2537 2683 nisi
2591 2684 2598 2693 ,

295 2717 809 2778 commendatione
868 2720 1132 2779 virorum
1204 2722 1625 2786 consularium.
1734 2721 1827 2781 Ac
1882 2722 2152 2803 profecto
2216 2724 2536 2799 plurimum

295 2820 721 2897 imperatorum
766 2822 1071 2899 intererat,
1116 2828 1181 2881 ut
1221 2823 1281 2881 in
1329 2823 1748 2883 centurionum
1798 2841 2046 2883 numero
2096 2825 2267 2902 copia
2311 2844 2537 2906 eorum,

296 2921 402 2998 qui
445 2941 477 2980 e
523 2923 798 2997 gregario
831 2922 1034 2981 labore
1063 2930 1487 2999 provenerant,
1519 2925 1710 3001 major
1741 2928 1902 2984 esset
1933 2925 2024 2984 his
2055 2925 2536 2990 adolescentibus

295 3023 545 3083 honeste
591 3024 777 3099 natis,
821 3025 925 3100 qui
971 3023 1099 3083 fieri
1146 3042 1264 3083 non
1309 3030 1574 3102 poterat,
1619 3025 1760 3101 quin
1808 3026 1976 3086 initio
2023 3029 2265 3105 quidem
2311 3032 2535 3108 stipen-

296 3127 527 3186 diorum
575 3127 1113 3186 centurionicorum
1156 3128 1578 3203 imperitissimi
1624 3135 1837 3189 essent.

466 3230 865 3289 Gravissimae
910 3231 1091 3289 totius
1136 3232 1221 3290 rei
1254 3232 1635 3307 quaestiones
1666 3238 1808 3292 sunt
1855 3229 1915 3304 1)
1955 3232 2016 3293 in
2048 3234 2194 3310 ipsis
2223 3236 2536 3313 stipendiis

297 3333 718 3392 centurionicis
763 3351 902 3393 num
946 3333 1276 3410 praepositi
1318 3334 1439 3393 sint
1481 3333 1543 3392 hi
1585 3334 1849 3410 Juvenes
1889 3335 2212 3396 nobiliores
2252 3338 2536 3400 militibus

295 3433 397 3494 diu
444 3436 668 3495 meritis
736 3438 797 3505 2)
843 3453 1027 3512 supra
1071 3437 1549 3495 centurionatum
1596 3441 1792 3495 utrum
1845 3437 1921 3496 ad
1985 3445 2296 3514 equestres
2349 3440 2537 3517 digni-

295 3542 450 3597 tates
493 3539 531 3597 ii
576 3537 917 3615 promoveri
966 3539 1124 3597 soliti
1171 3539 1305 3615 sint,
1350 3557 1425 3597 an
1472 3539 1531 3597 in
1579 3538 1795 3598 ordine
1842 3538 2116 3600 ducendo
2177 3542 2535 3619 plerumque

296 3641 723 3715 acquieverint.

468 3743 624 3816 Qua
667 3744 962 3803 ratione
1009 3743 1320 3820 promoti
1367 3744 1516 3802 sint
1558 3762 1685 3821 per
1729 3745 1973 3805 varios
2016 3746 2535 3807 centurionum

297 3846 605 3924 gradus,
679 3846 793 3906 loci
853 3864 1038 3923 supra
1081 3847 1287 3923 scripti
1332 3864 1543 3923 parum
1593 3865 1701 3906 nos
1723 3846 1982 3908 docent.
2087 3849 2415 3910 Frontinus
2460 3850 2536 3910 de

296 3950 537 4009 homine
616 3949 868 4020 „educto
924 3948 1000 4008 ad
1055 3950 1381 4027 longiorem
1458 3948 1763 4010 ordinem“
1832 3956 2068 4027 narrat,
2143 3950 2249 4011 sed
2304 3952 2352 4011 is
2406 3959 2538 4013 erat

303 4051 615 4124 „inhabilis
661 4051 969 4121 militiae“;
1032 4054 1212 4129 plura
1270 4052 1549 4112 discimus
1608 4071 1686 4112 ex
1749 4054 1921 4113 titulo
1965 4053 2100 4113 Sex.
2145 4053 2365 4113 Pilonii
2410 4055 2536 4116 Mo·

299 4155 450 4215 desti
495 4152 616 4233 (1),
674 4157 776 4231 qui
838 4156 1067 4215 XVIIII
1120 4155 1433 4232 stipendiis
1477 4156 1903 4217 centurionicis
1956 4157 2218 4216 emeritis
2263 4158 2534 4219 centurio

296 4259 387 4318 111
433 4259 706 4318 hastatus
751 4260 1045 4336 posterior
1089 4264 1234 4333 erat,
1278 4261 1596 4336 septimum
1640 4259 1931 4320 decimum
1977 4260 2159 4335 igitur
2200 4258 2356 4319 inter
2397 4280 2535 4322 cen-

2064 4373 2129 4426 29
