3166 4871
2475 303 2600 366 309

526 474 800 551 Denique
860 475 1022 535 haud
1081 493 1221 536 raro
1283 477 1583 535 sententia
1645 474 1931 536 dissolute
1976 477 2185 553 incipit
2228 477 2304 537 ab
2348 478 2600 555 impera-

354 575 493 635 tivo.
579 580 820 653 praeter
863 576 1051 636 crede
1094 595 1163 637 ac
1208 577 1376 648 talia,
1421 595 1579 654 quae
1625 579 1741 636 iam
1787 595 1973 655 supra
2017 581 2491 656 commemoravi,
2534 581 2596 639 in

355 676 766 766 libertinorum
811 679 1187 738 sermonibus
1232 679 1383 738 haec
1427 679 1663 739 notavi:
1707 680 1896 739 nolite
1940 699 1988 740 c.
2022 685 2101 741 62
2133 678 2257 754 (74,
2300 678 2420 752 12),
2464 682 2598 740 vide

356 796 407 838 c.
439 782 515 838 51
565 777 700 851 (58,
731 777 826 855 9),
863 780 1148 853 saciatur
1190 798 1239 840 c.
1272 785 1347 840 71
1397 779 1523 858 (85,
1553 784 1635 857 3),
1671 781 1881 856 facias
1926 800 1975 842 c.
2012 780 2276 860 71,(85,
2305 780 2409 859 4),
2447 800 2598 842 voca

356 899 406 940 c.
435 884 516 941 49
564 881 688 954 (56,
724 880 844 955 13),
889 883 1049 942 abite
1094 902 1143 943 c.
1176 888 1256 944 74
1301 882 1427 961 (87,
1462 882 1583 957 19).

525 985 725 1061 Atque
783 985 933 1044 haec
992 985 1285 1046 hacteuus
1344 985 1419 1045 de
1477 985 1879 1062 singularibus
1932 986 2208 1063 asyndcti
2254 988 2600 1063 generibus,

355 1103 509 1162 quae
553 1087 733 1145 certis
778 1086 1131 1164 quibusdam
1177 1087 1376 1147 verbis
1419 1087 1779 1147 indicantur.
1868 1094 2009 1147 suut
2052 1099 2249 1148 autem
2288 1094 2597 1166 praeterea

285 1176 292 1181 ⁶
355 1193 556 1248 certae
602 1189 845 1261 formae,
891 1208 1047 1267 quae
1091 1208 1202 1266 pro
1248 1189 1485 1250 diversa
1514 1190 1947 1267 significatione
1984 1189 2238 1250 diversis
2269 1193 2593 1266 generibus

355 1290 615 1351 adscribi
659 1297 927 1368 possunt.
1015 1294 1074 1351 in
1121 1293 1341 1369 quibus
1394 1291 1804 1353 describendis
1848 1292 2386 1367 Naegelsbachium
2436 1292 2596 1366 (Lat.

355 1393 480 1453 Stil.
510 1393 584 1464 ἐξ
619 1389 978 1470 197--202)
1024 1401 1264 1454 secutus
1294 1413 1366 1454 ea
1393 1399 1623 1454 tantum
1654 1393 2072 1471 considerabo,
2116 1414 2274 1472 quae
2317 1396 2378 1454 in
2420 1394 2595 1455 libcr-

355 1498 613 1557 tiuorum
662 1495 915 1574 dialogis
958 1498 1369 1575 inveniuntur,
1411 1498 1554 1575 quia
1597 1498 1749 1558 haec
1792 1498 2051 1557 omnium
2093 1503 2235 1558 sunt
2263 1498 2595 1574 gravissimi

358 1599 652 1659 momenti.
1241 1592 1242 1595 '

526 1701 1039 1778 Naegelsbachius
1097 1701 1385 1763 disceruit
1460 1721 1563 1773 ea,
1641 1720 1797 1779 quae
1855 1719 2072 1762 revera
2127 1702 2421 1781 asyndeta
2479 1704 2598 1763 sint

356 1804 598 1879 (accho,
641 1804 717 1865 ab
761 1805 861 1883 iis,
905 1823 1061 1882 quae
1107 1805 1427 1865 videantur
1470 1809 1702 1864 tautum
1750 1804 2046 1881 asyndcta
2089 1822 2223 1864 esse
2267 1803 2594 1878 (unaccht).

357 1925 492 1966 nam
539 1906 637 1966 ubi
685 1908 841 1966 inter
900 1907 1053 1967 duas
1111 1908 1440 1967 sententias
1493 1908 1609 1967 iam
1668 1925 1733 1967 re
1779 1908 1912 1985 ipsa
1956 1925 2222 1967 conexus
2267 1907 2597 1975 intercedit,

357 2028 474 2068 uon
522 2026 674 2085 opus
718 2015 810 2069 est
853 2009 1220 2085 particulam,
1266 2028 1388 2086 qna
1433 2010 1588 2069 ratio
1619 2008 2009 2086 significetur,
2054 2008 2295 2086 addere,
2339 2009 2597 2085 ideoque

357 2111 432 2170 ibi
480 2129 600 2170 uon
647 2108 851 2171 verum
897 2111 1230 2188 asyndeton
1278 2111 1661 2172 statuendum
1707 2118 1815 2171 cst.
1901 2114 2159 2189 primum
2208 2111 2427 2172 multae
2466 2131 2599 2171 sen·

356 2214 581 2273 tentiae
626 2212 913 2274 dissolute
945 2214 1435 2274 antecedentibus
1465 2214 1791 2291 adduntur,
1835 2216 2054 2291 quibus
2099 2215 2176 2286 id,
2221 2213 2382 2290 quod
2429 2233 2599 2291 prae·

358 2315 536 2392 cedit,
566 2317 918 2392 explicatur.
984 2315 1099 2375 hoc
1129 2317 1554 2394 explicativum
1588 2315 1924 2392 asyndeton
1957 2317 2221 2375 omnium
2252 2316 2599 2394 saepissime

357 2418 416 2478 iu
476 2418 730 2495 dialogis
789 2418 1200 2479 libertinorum
1259 2417 1598 2490 invenitur,
1658 2419 1886 2496 quippe
1944 2419 2073 2496 qui,
2136 2423 2202 2478 ut
2261 2419 2375 2479 iam
2421 2438 2602 2496 supra

297 2601 307 2611 ·
359 2521 516 2597 dixi,
569 2521 894 2597 particulas
940 2521 1217 2582 causales
1260 2521 1616 2599 plerumque
1660 2522 1952 2581 omittant.
2041 2540 2238 2598 pauca
2281 2540 2357 2581 cx
2404 2523 2602 2581 multis

358 2624 648 2702 exemplis
694 2624 841 2684 haec
884 2629 1054 2685 sunt:
1117 2642 1166 2683 c.
1214 2627 1321 2684 30:
1380 2639 1502 2683 non
1562 2629 1689 2682 tam
1732 2624 1979 2682 iactura
2021 2639 2112 2682 me
2153 2630 2369 2696 movet,
2426 2640 2601 2697 quam

356 2727 745 2802 neyleqentia
787 2727 1132 2800 nequissimi
1158 2728 1339 2786 servi.
1426 2727 1773 2786 vestimenta
1802 2741 1933 2784 mea
1972 2724 2273 2784 cubitoria
2294 2725 2603 2801 perdidi13

358 2848 408 2889 c.
453 2833 566 2890 38:
620 2830 890 2903 reliquos
940 2833 1136 2889 autem
1191 2828 1541 2889 collibertos
1594 2829 1725 2888 eius
1784 2844 1931 2887 cave
1974 2835 2337 2888 contemnas.
2425 2828 2605 2886 valde

357 2933 630 2991 succossi
669 2938 841 3005 sunm
906 2952 957 2992 c.
1002 2936 1115 2994 39:
1175 2932 1340 3006 quod
1390 2936 1595 2990 autem
1656 2931 1719 2989 in
1761 2931 1957 2990 medio
2003 2931 2328 3005 caespitem
2370 2930 2607 3001 videtis,

357 3035 513 3093 nihil
552 3037 681 3094 sine
721 3035 963 3094 ratione
999 3035 1193 3108 facio.
1284 3040 1460 3094 terra
1504 3039 1704 3093 mater
1750 3039 1838 3092 est
1883 3036 1946 3092 in
1988 3035 2181 3093 medio
2225 3035 2401 3106 quase·
2437 3048 2607 3091 ovum

359 3137 797 3197 corrotundata
859 3141 919 3195 et
973 3118 1172 3196 omnia
1229 3136 1386 3196 bona
1443 3138 1506 3195 in
1566 3152 1641 3196 se
1697 3136 1876 3195 habet
1936 3139 2225 3209 tanquam
2273 3136 2474 3210 favus.
2520 3145 2606 3175 —‘-

359 3257 791 3316 uoununquam
838 3237 917 3311 id,
962 3238 1123 3315 quod
1170 3239 1231 3298 in
1277 3239 1630 3299 universum
1677 3238 1899 3298 dictum
1947 3242 2057 3308 est,
2101 3241 2315 3314 postea>
2355 3235 2605 3312 siugulis

359 3344 648 3420 exemplis
707 3344 834 3402 sine
895 3342 1024 3401 ulla
1081 3342 1500 3402 coniunctione
1553 3340 1775 3401 additis
1835 3339 2190 3417 explicatur.
2277 3338 2352 3398 cf.
2398 3357 2447 3398 c.
2493 3343 2606 3399 38:

360 3445 549 3502 ceteri
593 3445 723 3503 eius
767 3442 1076 3504 colliberti
1122 3488 1136 3502 .
1184 3488 1197 3502 .
1246 3443 1424 3503 valde
1466 3444 1742 3503 succossi
1783 3447 1949 3502 sunt.
2002 3435 2207 3501 'vides
2251 3442 2447 3518 illum,
2503 3442 2609 3514 qui

361 3546 424 3604 in
469 3548 583 3605 imo
628 3548 781 3605 imus
823 3544 1143 3618 recumbit,
1191 3564 1241 3605 c.
1280 3550 1388 3606 44:
1439 3547 1529 3605 sic
1573 3547 1719 3605 istos
1763 3543 1923 3619 (scil.
1951 3540 2206 3615 aediles)
2241 3546 2607 3618 percolopa-

359 3648 536 3720 bant,
598 3653 664 3706 ut
723 3649 849 3708 illis
896 3648 1138 3722 Iupiter
1197 3650 1396 3706 iratus
1454 3653 1631 3707 esset.
1719 3648 1958 3706 memini
2000 3645 2311 3718 Safinium.
2359 3674 2442 3684 —
2488 3645 2606 3705 huc

362 3750 537 3810 etiam
567 3751 958 3828 parent-beses
989 3750 1382 3828 explicativae
1413 3749 1734 3827 pertinent.
1823 3749 1895 3809 cf.
1925 3766 1975 3808 c.
2019 3751 2125 3810 38:
2170 3747 2285 3807 sed
2312 3748 2605 3821 quomodo

362 3852 572 3913 dicunt
630 3882 714 3892 —
772 3868 881 3926 eqo
941 3853 1100 3912 nihil
1152 3853 1317 3925 scio,
1376 3853 1490 3912 sed
1549 3851 1755 3911 audivi
1810 3881 1896 3891 —
1952 3850 2305 3909 thesaurum
2361 3849 2607 3920 invenit,

362 3975 412 4016 c.
442 3960 524 4017 42
571 3954 696 4030 (46,
732 3953 853 4033 15),
900 3958 978 4016 77
1012 3953 1139 4032 (91,
1170 3957 1250 4024 6).
1294 3985 1376 3994 --
1422 3954 1683 4030 denique
1714 3953 2038 4031 proverbia
2067 3969 2309 4029 quoque
2355 3970 2428 4011 ac
2473 3970 2606 4010 seu-

362 4061 605 4131 tentiae‚
652 4077 811 4136 quac
855 4076 1051 4135 paene
1096 4060 1156 4118 iu
1203 4057 1581 4142 proverbium
1627 4057 1907 4116 abierunt
1950 4060 2012 4115 et
2056 4073 2211 4131 quae
2255 4054 2607 4131 plerumque

363 4162 780 4237 explicationis
826 4179 1013 4222 causa
1056 4160 1264 4220 addita
1290 4165 1451 4237 sunt,
1494 4142 1878 4228 ἇσυνδέτως
1922 4162 2249 4234 ponuntur.
2313 4156 2611 4234 exempla,

363 4282 521 4340 quae
567 4264 626 4323 iu
674 4262 925 4339 dialogis
969 4262 1375 4323 libertinorum
1423 4262 1655 4339 notavi,
1698 4266 1837 4320 sunt
1880 4260 2062 4319 haec:
2108 4276 2158 4318 c.
2200 4261 2312 4317 34:
2356 4259 2485 4317 vita
2526 4259 2609 4318 vi-

2134 4375 2195 4423 21
