3166 4871
582 310 707 372 292

581 483 743 545 ditur
759 479 838 556 ²⁰)
883 487 943 544 et
986 484 1181 560 ipsum
1225 483 1346 543 tale
1391 486 1499 561 est,
1542 482 1704 560 quod
1752 501 1870 544 non
1916 483 2110 543 minus
2157 482 2232 543 ad
2277 480 2604 542 secundam
2647 501 2824 559 quam

526 664 533 669 ,
583 587 659 646 ad
707 586 1023 646 adversam
1068 585 1312 646 fabulae
1357 585 1660 647 fortunam
1706 586 1782 644 sit
1813 589 2062 662 aptum:
2103 586 2279 645 immo
2324 603 2471 646 vero
2517 585 2603 645 illi
2635 585 2826 662 magis

581 688 906 750 convenire
972 688 1226 749 videtur.
1334 689 1487 747 Nam
1555 692 1623 749 ut
1685 705 1783 747 res
1845 686 2290 748 difficultatibus
2355 689 2701 749 obstructae
2766 686 2826 746 vi

581 791 764 851 caede
822 791 1089 869 pernicie
1144 790 1430 851 finiantur
1474 791 1747 850 machina
1791 808 1910 852 non
1956 808 2109 868 opus
2151 795 2272 850 est:
2338 792 2533 869 ipsae,
2593 791 2644 850 si
2704 808 2826 850 non

578 893 1001 971 impediantur,
1044 893 1105 954 in
1152 893 1441 954 eiusmodi
1490 893 1890 953 conditionem
1937 898 2357 971 prorumpent,
2401 894 2557 953 sicut
2602 894 2664 951 in
2708 892 2827 951 Eu·

578 995 784 1074 ripidis
830 994 1068 1074 Oreste,
1134 996 1244 1055 nisi
1312 995 1530 1073 Apollo
1600 995 2028 1073 intercederet,
2094 996 2388 1056 maximae
2452 996 2581 1054 sine
2651 993 2827 1055 dubio

583 1097 797 1159 caedes
842 1096 1071 1157 fierent.
1161 1097 1243 1158 At
1302 1098 1447 1175 quid
1498 1099 1707 1175 tragici
1755 1100 1813 1158 in
1861 1116 1933 1158 eo
1978 1103 2094 1176 est,
2153 1097 2314 1175 quod
2359 1097 2457 1158 dei
2499 1097 2606 1157 tali
2650 1096 2827 1157 modo

582 1201 954 1278 opitulantur
1000 1201 1387 1262 hominibus?
2013 1196 2016 1199 ’

751 1322 1002 1381 Multam
1061 1321 1330 1399 profecto
1390 1339 1636 1399 operam
1689 1320 1916 1381 frustra
1961 1324 2462 1398 consumpserunt
2506 1320 2620 1380 viri
2665 1319 2827 1380 docti

456 1474 464 1487 .
579 1423 1019 1503 investigando,
1076 1424 1293 1501 quibus
1338 1423 1519 1484 rebus
1564 1424 1868 1501 Euripidis
1925 1422 2161 1483 fabulae
2218 1424 2280 1483 in
2340 1441 2518 1483 scena
2572 1423 2826 1482 maxime

579 1528 846 1605 tragicae
890 1532 1288 1605 apparerent:
1350 1526 1581 1587 scilicet
1639 1527 1808 1587 obliti
1861 1530 2002 1586 sunt
2053 1526 2165 1586 hoc
2217 1525 2291 1585 ab
2335 1527 2661 1586 Aristotele
2707 1544 2826 1585 non

581 1630 657 1689 de
704 1629 1008 1711 Euripidis
1052 1629 1270 1708 solum,
1323 1628 1429 1689 sed
1475 1628 1552 1689 de
1599 1629 1873 1690 omnibus
1935 1629 2255 1689 cuiuslibet
2314 1634 2530 1706 poetae
2589 1633 2827 1705 tragoe-

583 1732 696 1791 diis
741 1731 1091 1810 praedicari,
1134 1750 1293 1808 quae
1336 1732 1397 1790 in
1442 1732 1758 1791 adversam
1802 1731 2105 1791 fortunam
2136 1736 2368 1791 exeant.
2445 1729 2640 1791 Verba
2670 1733 2828 1790 enim

580 1825 647 1891 αἱ
706 1830 1007 1892 τοιαῦται
1071 1834 1218 1893 nihil
1277 1834 1440 1894 aliud
1504 1834 1837 1912 significare
1901 1852 2085 1911 supra
2144 1834 2714 1911 demonstravimus3
2780 1834 2827 1893 si
2909 1878 2918 1882 -

580 1954 794 2015 neges,
852 1936 930 1996 ad
974 1953 1266 1996 summum
1320 1936 1473 1996 tales
1518 1955 1651 1997 esse
1698 1955 1798 1997 eas
1843 1937 2075 1997 fabulas
2120 1935 2372 2009 efficies,
2429 1953 2586 2012 quae
2631 1936 2827 1996 virum

580 2040 733 2099 bene
779 2042 1068 2100 moratum
1117 2038 1330 2100 delicto
1379 2058 1595 2116 magno
1651 2041 1708 2099 in
1768 2041 2163 2100 calamitatem
2225 2039 2599 2099 delabentem
2666 2040 2826 2099 exhi·

581 2143 776 2202 beant.
860 2144 931 2202 In
975 2142 1068 2202 his
1113 2159 1255 2231 vero
1301 2160 1497 2219 neque
1543 2142 1618 2202 de
1663 2143 2173 2221 prologisflneque
2217 2141 2602 2211 detmachina
2631 2160 2827 2219 neque

580 2245 654 2305 de
716 2245 899 2323 malo,
964 2245 1126 2321 quod
1185 2250 1433 2322 aspectu
1494 2245 1782 2319 cernitur,
1846 2264 2040 2321 neque
2104 2243 2180 2304 de
2243 2245 2456 2321 quavis
2516 2245 2637 2307 alia
2700 2251 2828 2306 arte

580 2348 823 2407 scenica
884 2347 1151 2424 cogitare
1211 2347 1364 2406 licet.
1474 2349 1685 2424 ltaque
1753 2365 1910 2423 quae
1973 2346 2244 2407 efficiunt
2304 2346 2661 2445 1¹¹35ffiai9¹²8
2724 2348 2872 2408 uni·

579 2450 817 2510 fabulae
876 2455 1017 2510 sunt
1075 2450 1395 2511 tribuenda
1453 2469 1650 2527 neque
1710 2451 1906 2511 minus
1971 2448 2284 2510 efficerent
2349 2468 2424 2509 ex
2492 2452 2827 2520 Aristotelis

580 2554 898 2630 sententia,
942 2553 991 2612 si
1036 2553 1452 2612 recitarentur.

750 2670 975 2731 Eadem
1016 2671 1250 2731 ratione
1278 2671 1674 2731 refellendum
1706 2676 1813 2748 est,
1857 2670 2020 2748 quod
2052 2667 2439 2744 Susemihl²¹)
2484 2671 2827 2733 Aristotelis

578 2773 778 2835 verbis
836 2758 923 2832 ἂν
981 2768 1533 2851 κατορθωθῶσιν
1590 2773 1780 2834 recidi
1841 2773 2145 2851 Euripidis
2208 2772 2449 2833 landem
2514 2774 2827 2852 opinatur3

580 2895 758 2954 quem
820 2876 1093 2952 sequitur
1152 2876 1453 2938 Schwabe.
1473 2874 1551 2950 ²²)
1659 2878 1796 2937 Non
1862 2877 2013 2935 enim
2071 2876 2376 2953 Euripidis
2438 2877 2661 2953 solum,
2721 2877 2828 2938 sed

580 2996 782 3040 omnes
839 2979 1127 3038 eiusmodi
1179 2978 1416 3039 fabulas
1461 2980 1612 3039 bene
1659 2980 1759 3056 agi
1805 2997 1960 3056 opus
2016 2983 2172 3056 erat,
2232 2996 2428 3054 neque
2487 2984 2831 3057 propterea,

580 3081 742 3159 quod
788 3082 951 3158 ipsae
997 3080 1221 3142 fuerint
1267 3081 1623 3159 deteriores,
1675 3081 1792 3142 sed
1854 3081 2017 3158 quod
2073 3084 2479 3158 spectatorum
2523 3080 2827 3158 plerisque

583 3184 776 3244 minus
820 3184 1163 3266 placebant.

748 3302 955 3363 Facile
1001 3304 1182 3381 igitur
1223 3303 1350 3363 fieri
1394 3307 1647 3382 poterat,
1695 3307 1760 3364 ut
1803 3304 2152 3378 histriones,
2215 3305 2438 3382 quippe
2500 3304 2602 3382 qui
2662 3305 2826 3365 thea-

578 3412 806 3466 trorum
865 3406 1210 3466 voluntates
1268 3424 1388 3466 non
1447 3395 1824 3486 ignorarent,
1883 3406 2255 3466 remitterent
2306 3407 2569 3467 studium
2631 3425 2827 3484 neque

747 3670 886 3738 21)1.
924 3669 958 3723 l.
996 3668 1224 3738 praefat.
1262 3673 1344 3724 28.
1429 3669 1586 3732 „Von
1636 3669 1742 3724 den
1793 3669 2029 3725 meisten
2079 3669 2328 3725 Stiicken
2375 3669 2477 3725 des
2525 3669 2826 3738 Euripides

577 3754 759 3810 heiszt
800 3771 862 3809 es
909 3771 1021 3809 nun
1065 3754 1200 3809 aber
1246 3755 1306 3809 in
1340 3755 1506 3826 jener
1549 3754 1721 3810 Stelle
1770 3754 2193 3822 ansdriicklich‚
2241 3754 2375 3809 dasz
2414 3754 2497 3811 sie
2532 3755 2626 3810 bei
2663 3762 2827 3825 guter

580 3838 946 3910 Aufflihrnng
1000 3856 1087 3895 am
1142 3839 1434 3896 Stin-keten
1490 3839 1700 3895 Furcht
1759 3840 1875 3895 und
1938 3840 2154 3895 Mitleid
2207 3855 2439 3909 erregen
2495 3840 2612 3894 und
2665 3839 2822 3895 ihren

579 3926 811 3982 Dichter
844 3927 928 3981 als
965 3927 1075 3981 den
1113 3925 1504 3982 wirksamsten
1540 3925 1820 3995 Tragiker
1854 3941 1960 3980 ers
1975 3925 2269 3981 cheinen
2305 3926 2542 3980 lassen“.

750 4029 819 4094 ²²)
858 4026 1233 4090 „Aristoteles
1271 4026 1514 4082 schreibt
1549 4027 1820 4082 demnach
1857 4028 1968 4083 den
2003 4028 2236 4082 meisten
2274 4027 2511 4083 stuckeu
2548 4027 2649 4082 des
2668 4028 2824 4081 Euri-

577 4113 742 4184 pides
789 4112 881 4167 die
924 4112 1207 4182 tragische
1244 4111 1507 4182 wirkung
1542 4112 1703 4167 nicht
1737 4113 2053 4182 unbedingt
2090 4129 2190 4180 zu,
2242 4114 2480 4168 sondern
2521 4129 2628 4166 nur
2662 4119 2827 4167 nnter

577 4199 703 4337 {igin
726 4197 1032 4338 ἆοτῗέὲιαη
1067 4197 1222 4253 einer
1256 4203 1434 4267 guten
1459 4198 1789 4253 sceuischen
1812 4197 2227 4267 Auffiihrung.“
2299 4197 2648 4255 Jahrbiicher
2675 4196 2820 4262 CIX,
