3166 4871
564 330 687 396 224

560 505 816 585 proferri
873 504 1141 583 potuisse
1200 503 1361 565 haud
1410 504 1695 566 credibile
1764 510 1854 565 est
1873 503 1939 576 ⁴),
1999 511 2194 566 tamen
2242 506 2357 566 hoc
2416 523 2657 584 quoque
2702 525 2810 584 per

561 627 624 669 se
682 608 1047 684 intellegitur
1107 626 1228 668 non
1306 606 1481 668 modo
1549 627 1669 668 non
1731 626 1962 686 omnes,
2022 609 2123 685 qui
2183 608 2568 686 disputationi
2629 609 2810 669 alicui

558 709 875 788 intersunt,
918 710 1227 770 Ciceronis
1273 716 1610 770 sustentare
1654 728 1835 788 posse
1880 711 2258 788 sententiam,
2316 710 2421 770 sed
2465 711 2639 770 etiam
2688 728 2811 788 eos,

560 813 664 890 qui
724 814 783 872 in
844 814 1186 873 universum
1249 814 1331 872 ita
1376 812 1603 872 inducti
1650 820 1814 884 sunt,
1877 818 1944 872 ut
2009 814 2121 872 hoc
2177 812 2452 873 facerent
2492 843 2579 853 —
2625 819 2690 872 ut
2745 814 2806 872 in

560 915 731 974 libris
776 915 851 975 de
897 920 1137 975 oratore
1184 915 1436 976 Crassus
1479 946 1566 956 —
1611 920 1808 975 tamen
1857 916 2145 975 nonnulla
2190 934 2306 976 non
2355 921 2474 974 tam
2522 934 2598 976 ex
2647 915 2809 977 Cice·

559 1018 741 1095 ronis,
784 1036 962 1095 quam
1008 1036 1081 1077 ex
1112 1036 1221 1078 sua
1265 1017 1528 1094 ipsorum
1577 1019 1859 1094 opinione
1897 1018 2186 1094 proferre.
2276 1018 2560 1079 Fortasse
2606 1023 2807 1078 autem

560 1120 675 1179 hac
720 1138 962 1197 quoque
1007 1138 1071 1180 re
1100 1120 1399 1180 interdum
1432 1125 1740 1197 permotus
1785 1126 1898 1197 est,
1937 1126 2004 1181 ut
2035 1120 2185 1180 alios
2215 1120 2509 1180 sermonis
2554 1120 2806 1181 instituti

560 1225 765 1300 partes
797 1222 1191 1299 suscipientes
1238 1221 1566 1294 induceret,
1615 1224 1756 1299 quia
1789 1223 1888 1294 ita,
1935 1241 2069 1282 cum
2115 1241 2151 1282 a
2182 1221 2435 1282 veritate
2484 1241 2602 1282 non
2646 1240 2807 1283 rece·

560 1322 749 1400 deret,
790 1324 1109 1401 superbiae
1155 1343 1228 1383 ac
1273 1325 1523 1385 vanitati
1569 1325 1971 1385 Romanorum
2019 1324 2336 1401 indulgere
2382 1327 2639 1402 poterat.
2734 1326 2810 1385 Ut

561 1432 760 1485 autem
796 1426 923 1504 jam
956 1426 1033 1486 ad
1080 1445 1183 1486 eos
1226 1426 1687 1504 progrediamur
1717 1426 2005 1504 dialogos,
2050 1428 2109 1486 in
2157 1425 2376 1503 quibus
2423 1425 2635 1487 Cicero
2679 1428 2806 1504 ipse

562 1532 792 1606 partem
852 1527 1202 1605 disputandi
1250 1528 1358 1588 sibi
1406 1530 1688 1606 sumpsit,
1750 1547 1860 1606 per
1904 1547 1966 1588 se
2013 1533 2265 1606 apparet
2325 1546 2423 1605 ea,
2484 1547 2639 1606 quae
2683 1529 2808 1605 ipse

560 1629 721 1708 dicit,
766 1629 845 1690 ad
893 1630 1050 1690 hanc
1080 1631 1489 1706 quaestionem
1539 1630 1722 1690 multo
1757 1631 1995 1690 maximi
2042 1649 2174 1690 esse
2207 1630 2505 1690 momenti.
2592 1631 2807 1707 Neque

558 1750 722 1804 vero,
767 1751 924 1810 quae
969 1734 1154 1792 ceteri
1201 1731 1544 1810 proferunt,
1589 1751 1838 1810 prorsus
1896 1731 2267 1810 neglegenda
2312 1731 2610 1810 videntur,
2671 1751 2806 1792 cum

557 1835 797 1912 saepius
819 1835 933 1894 loci
963 1834 1221 1912 alicujus
1247 1834 1507 1894 conditio
1533 1839 1715 1911 atque
1739 1835 2060 1894 universus
2084 1834 2514 1895 sententiarum
2541 1853 2808 1895 conexus

560 1937 731 1997 nobis
760 1936 1176 2014 persuadeant,
1209 1936 1558 1998 Ciceronem
1591 1956 1725 1997 cum
1756 1938 1886 1997 aliis
1930 1937 2005 1998 de
2038 1938 2281 2008 caussis,
2328 1943 2451 1996 tum
2486 1955 2559 1997 ne
2591 1936 2807 1996 nimius

559 2040 864 2117 suiipsius
889 2039 1197 2099 videretur
1224 2039 1516 2117 laudator,
1548 2040 1699 2100 alios
1730 2059 1801 2099 ea
1833 2043 2205 2118 exponentes
2229 2039 2461 2117 fecisse,
2488 2058 2647 2117 quae
2679 2040 2805 2116 ipse

558 2142 872 2202 sentiebat.
887 2140 937 2215 ⁵)
967 2172 1053 2181 —-
1100 2142 1272 2216 Quae
1305 2161 1436 2201 cum
1470 2141 1552 2200 ita
1582 2142 1718 2217 sint,
1766 2141 2041 2202 facillime
2073 2143 2441 2218 intellegitur
2472 2142 2805 2219 permultos

551 2245 840 2305 librorum
887 2244 1320 2304 rhetoricorum
1374 2247 1434 2303 ct
1477 2243 1969 2322 philosophorum
2018 2244 2200 2321 locos,
2247 2249 2568 2321 antequam
2613 2244 2684 2304 iis
2726 2244 2800 2304 ad

562 2348 969 2426 quaestionem
1003 2347 1444 2425 dijudicandam
1480 2348 1565 2405 uti
1597 2347 1787 2423 liceat,
1818 2365 1888 2406 eo
1921 2348 2170 2408 consilio
2197 2347 2626 2407 examinandos
2657 2364 2802 2418 esse,

563 2456 643 2521 ut,
675 2453 964 2526 quantum
1001 2448 1141 2509 fidei
1174 2467 1250 2508 ex
1274 2467 1471 2508 rerum
1506 2449 1843 2508 conditione
1872 2448 1946 2508 iis
1969 2450 2307 2509 habendum
2339 2451 2433 2527 sit,
2477 2449 2803 2528 perspicia·

560 2570 709 2629 mus,
752 2569 1111 2628 quamquam
1159 2550 1395 2609 minime
1427 2552 1771 2626 negaverim
1806 2569 1914 2610 nos
1946 2569 2019 2610 ne
2068 2552 2149 2610 ita
2181 2550 2420 2627 quidem
2452 2569 2685 2628 semper
2727 2551 2804 2611 ad

557 2670 807 2730 prorsus
851 2658 1075 2713 certum
1123 2651 1197 2712 de
1242 2669 1389 2711 vera
1434 2649 1740 2712 Ciceronis
1801 2651 2098 2711 sententia
2144 2652 2438 2729 judicium
2484 2670 2614 2713 esse
2669 2672 2805 2731 per·

558 2759 864 2815 venturos.
911 2784 992 2795 —
1036 2755 1312 2831 Denique
1345 2754 1524 2813 etiam
1570 2754 1740 2832 illud,
1785 2755 2017 2831 opinor,
2060 2752 2360 2814 interdum
2412 2755 2804 2831 spectandum

559 2858 689 2936 erit,
733 2876 851 2935 quo
895 2861 1167 2934 tempore
1210 2856 1419 2918 Cicero
1466 2857 1733 2933 singulos
1780 2856 1963 2917 libros
2011 2857 2449 2934 conscripserit,
2510 2875 2645 2916 nam
2691 2859 2803 2918 etsi

560 2979 798 3036 omncs,
856 2961 958 3036 qui
1013 2959 1089 3019 ad
1155 2960 1308 3019 hanc
1364 2978 1487 3020 rem
1548 2960 1834 3037 majorem
1889 2960 2113 3020 habent
2169 2960 2315 3036 vim,
2377 2960 2805 3038 posterioribus

559 3063 770 3123 aetatis
798 3063 970 3122 annis
1000 3063 1097 3122 ille
1129 3061 1334 3139 edidit,
1380 3067 1596 3140 tamen,
1641 3062 1689 3123 si
1723 3061 1866 3139 quid
1900 3062 2094 3139 video,
2138 3062 2197 3121 in
2240 3063 2328 3140 iis,
2374 3063 2476 3139 qui
2509 3062 2801 3141 supremis

560 3166 719 3226 vitae
789 3165 1160 3241 temporibus
1221 3165 1255 3222 i.
1311 3182 1361 3224 e.
1421 3169 1558 3241 post
1629 3183 1892 3241 pugnam
1953 3164 2355 3224 Pharsalicam
2433 3165 2805 3242 prodierunt,

559 3267 767 3346 paullo
810 3266 1102 3327 sincerius
1148 3270 1208 3326 et
1250 3268 1506 3343 aequius
1552 3267 1627 3326 de
1670 3267 1881 3326 litteris
1923 3267 2286 3327 Graecorum
2324 3266 2577 3344 judicat,
2623 3285 2799 3343 quam

557 3369 618 3428 in
665 3369 969 3447 prioribus
1030 3368 1215 3428 libris.
1314 3368 1490 3443 Quod
1555 3387 1665 3428 cur
1709 3368 2013 3447 miremur,
2076 3369 2222 3429 nihil
2282 3372 2385 3429 est.
2472 3369 2626 3429 Nam
2685 3368 2801 3427 illis

558 3472 929 3547 temporibus
965 3470 1089 3548 jam
1138 3470 1372 3548 longius
1416 3471 1476 3530 in
1532 3470 1866 3530 tractandis
1913 3472 2126 3531 litteris
2181 3471 2523 3548 profecerat
2580 3488 2801 3548 easque

558 3580 681 3634 tum
738 3573 951 3650 magis,
1013 3590 1191 3650 quam
1248 3578 1451 3645 antea,
1510 3573 1667 3634 solas
1719 3572 1967 3634 idoneas
2028 3574 2419 3646 existimavit,
2480 3591 2634 3651 quae
2689 3572 2799 3632 sibi

558 3675 1028 3737 consolationem
1074 3677 1377 3736 afferrent.

725 3778 848 3838 Iam
894 3777 1192 3857 expositis,
1242 3796 1398 3855 quae
1430 3796 1582 3855 opus
1634 3776 2012 3855 videbantur;
2058 3782 2142 3855 ut,
2186 3796 2363 3854 quam
2409 3779 2696 3837 rationem
2738 3777 2799 3837 in

728 3961 773 4021 ⁴)
808 3955 879 4013 cf.
916 3958 989 4013 ad
1013 3954 1139 4011 Att.
1171 3961 1248 4015 13.
1279 3961 1356 4022 19,
1381 3961 1440 4009 5:
1475 3956 1632 4011 Haec
1654 3953 2011 4023 Academica,
2049 3961 2112 4010 ut
2134 3955 2259 4023 scis,
2295 3971 2416 4009 cum
2443 3954 2659 4021 Catulo,
2693 3955 2801 4009 Lu·

554 4044 720 4109 callo,
756 4042 1060 4098 Hortensio
1108 4042 1466 4097 contuleram.
1537 4042 1682 4098 Sane
1729 4043 1787 4095 in
1835 4056 2104 4112 personas
2141 4055 2253 4095 non
2287 4041 2596 4108 cadebant3
2641 4045 2801 4095 erant

552 4131 702 4184 enim
737 4123 1118 4200 λογικώτερα,
1154 4142 1317 4199 quam
1357 4133 1422 4181 ut
1458 4127 1540 4181 illi
1579 4127 1650 4182 de
1686 4127 1758 4181 iis
1793 4127 2099 4181 somniasse
2136 4141 2383 4196 unquam
2420 4124 2762 4179 viderentur.

724 4218 769 4280 ⁶)
804 4212 876 4268 cf.
914 4214 983 4268 de
1008 4213 1153 4282 legg.
1188 4218 1226 4279 1,
1246 4217 1276 4266 5
1303 4228 1455 4281 sqq.;
1490 4212 1623 4266 ibid.
1656 4216 1697 4275 1,
1718 4216 1819 4281 573
1858 4212 1988 4267 ibid.
2016 4215 2150 4279 3,14
2175 4209 2285 4278 fin„
2321 4209 2391 4264 de
2418 4208 2626 4277 quibus
2661 4208 2797 4263 locis

551 4296 696 4352 infra
728 4297 835 4352 erit
868 4297 1285 4369 disputandum.
