3166 4871
589 273 708 340 196

668 440 890 523 Σίμου
933 438 1172 524 τέχνην
1217 433 1457 517 ἔλαβες.
1535 430 1669 522 Ἡρ.
1717 430 1755 502 ὃ
1801 442 2020 521 Σῖμος
2065 428 2264 503 δ’ἐστὶ
2306 438 2444 514 τίς;

666 546 744 608 Λ.
787 532 1196 628 μὰλέύφυὴς
1238 532 1608 624 ἅνθρωπος
1641 560 1653 572 ·
1686 539 1794 604 ἐπὶ
1841 539 2229 625 τραγῳδίαν

667 637 926 730 ὥρμηκε
975 647 1120 722 νῦν,
1169 643 1280 707 καὶ
1322 646 1462 708 τῶν
1501 643 1627 726 μὲν
1672 635 2063 727 ὑποκριτῶν
2107 638 2289 707 πολὺ

668 742 1023 832 κράτιστός
1066 744 1248 812 ἐστιν
1293 736 1648 829 ὀψοποιὸς,
1693 739 1784 822 ὡς
1829 746 2019 810 δοκεῖ

663 862 810 927 τοῖς
851 847 1234 935 χρωμένοις,
1278 851 1418 913 τῶν
1462 838 1892 931 δ”όψοποιῶν
1938 841 2363 932 ὑποκριτής.“

751 960 882 1020 Jam
931 958 1006 1018 ad
1038 957 1383 1018 inferiorum
1433 957 1704 1017 ordinum
1737 955 2034 1017 descendo
2081 955 2522 1034 tragoediarum
2568 963 2821 1031 actores,

582 1063 660 1123 ad
726 1062 1114 1133 Aeschinem,
1191 1059 1636 1131 Ischandrum,
1704 1059 2023 1134 Simylum,
2093 1059 2440 1130 Socratem,
2517 1058 2820 1119 Theodori

582 1166 895 1244 aequales3
939 1183 1012 1223 ac
1043 1165 1292 1241 primum
1326 1162 1565 1240 quidem
1601 1164 2013 1240 quaestionem
2043 1162 2344 1222 instituam
2394 1162 2467 1222 de
2498 1161 2820 1230 Aeschine3

582 1268 936 1328 Aeschinem
985 1271 1277 1327 oratorem
1345 1284 1516 1326 nemo
1583 1266 1774 1325 nescit
1818 1264 2299 1342 adulescentem,
2350 1264 2697 1342 priusquam
2743 1263 2819 1323 ad

582 1370 1004 1448 rempublicam
1040 1367 1374 1446 accederet,
1418 1368 1728 1428 histrionis
1773 1353 1985 1444 tragici
2019 1386 2263 1427 munere
2293 1367 2658 1444 aliquamdiu
2691 1384 2821 1426 esse

582 1473 885 1534 functum:
947 1473 1064 1533 Cic.
1125 1471 1199 1531 de
1260 1489 1380 1548 rep.
1432 1472 1532 1547 lv,
1577 1473 1661 1530 XI
1730 1469 1847 1548 (ap.
1909 1471 2130 1530 Donat.
2194 1470 2268 1530 de
2334 1490 2481 1531 com.
2554 1474 2613 1530 et
2668 1474 2821 1546 trag.

584 1595 639 1652 p.
681 1575 862 1634 LVII.
905 1575 1148 1634 Terent.
1216 1604 1303 1614 —
1384 1574 1596 1656 „etiam
1654 1574 1964 1633 scaenicos
2020 1579 2256 1634 actores
2318 1602 2404 1613 —
2469 1592 2585 1632 non
2633 1590 2821 1650 parvo

582 1679 838 1739 civitatis
900 1677 1125 1739 honore
1185 1676 1396 1753 dignos
1458 1675 1903 1754 existimarunt,
1975 1674 2296 1752 siquidem,
2375 1676 2537 1753 quod
2609 1677 2668 1735 in
2749 1692 2822 1734 eo

584 1798 824 1858 quoque
870 1780 944 1840 de
998 1778 1310 1856 republica
1354 1778 1507 1838 libro
1553 1781 2068 1856 commemoratur,
2132 1784 2228 1850 „et
2267 1779 2601 1838 Aeschines
2639 1777 2819 1837 Athe·

581 1883 807 1943 niensis
851 1883 943 1941 vir
999 1881 1537 1958 eloquentissimus,
1585 1899 1767 1958 quom
1815 1880 2171 1941 adulescens
2230 1880 2572 1957 tragoedias
2616 1880 2821 1939 actita-

581 1987 797 2063 visset,
841 1984 1264 2062 rempublicam
1311 1985 1661 2061 capessivit,
1707 1989 1777 2054 et,
1813 1984 2287 2063 Aristodemum,
2346 1983 2635 2060 tragicum
2682 1984 2818 2042 item

581 2094 858 2165 actorem,
890 2087 1242 2148 maxsumeis
1273 2087 1347 2147 de
1380 2087 1558 2147 rebus
1590 2088 1755 2164 pacis
1786 2092 1846 2147 et
1876 2088 2055 2147 bellei
2086 2087 2345 2164 legatum
2377 2086 2453 2146 ad
2476 2086 2819 2164 Philippum

580 2191 979 2252 Athenienses
1022 2208 1203 2268 saepe
1248 2187 1601 2260 miserunt“;
1653 2191 1904 2263 Quintil.
1936 2192 1971 2250 i.
2003 2209 2085 2250 or.
2117 2191 2195 2266 11,
2230 2193 2336 2251 17:
2388 2234 2412 2261 „
2440 2219 2512 2228 -
2556 2219 2638 2229 —-
2686 2187 2819 2262 Quo

578 2293 722 2353 illud
771 2312 1014 2371 quoque
1057 2292 1416 2370 excluditur,
1474 2291 1638 2369 quod
1685 2291 1921 2370 dicunt,
1961 2311 2097 2353 *non
2146 2310 2277 2352 esse
2324 2292 2465 2352 artis
2509 2291 2599 2370 id,
2655 2290 2817 2368 quod

580 2395 799 2456 faciant
857 2395 958 2474 qni
1023 2413 1140 2455 non
1202 2394 1545 2471 didicerint3
1608 2394 1806 2456 dicere
1851 2400 2049 2456 autem
2096 2394 2364 2456 homines
2421 2398 2482 2456 et
2537 2395 2640 2473 qui
2701 2412 2819 2455 non

579 2498 915 2558 didicerint.
1022 2498 1118 2558 Ad
1182 2498 1355 2576 cujus
1430 2498 1514 2557 rei
1579 2497 2084 2559 confirmatlonem
2149 2499 2435 2576 afferunt,
2510 2497 2818 2559 Demaden

580 2601 859 2677 remigem
927 2605 988 2660 et
1052 2599 1409 2660 Aeschinem
1497 2600 1850 2678 hypocriten
1919 2605 2188 2661 oratores
2269 2600 2472 2661 fuisse.
2536 2632 2623 2642 —
2689 2599 2813 2640 —“

580 2702 920 2780 Aschinem‚
965 2720 1325 2780 quamquam
1373 2721 1626 2779 parvum
1675 2706 1903 2762 tantum
1937 2703 2153 2763 aetatis
2196 2705 2454 2781 spatium
2497 2704 2555 2764 in
2605 2702 2821 2764 fabulis

578 2805 830 2884 agendis
874 2806 1264 2884 consumpsit,
1307 2811 1506 2866 tamen
1553 2824 1629 2866 ne
1667 2805 1809 2883 quid
1859 2804 2014 2867 desit
2057 2807 2118 2866 in
2165 2805 2278 2867 hac
2323 2808 2819 2867 commentatione

577 2907 737 2969 haud
801 2908 1066 2969 dubitavi
1128 2908 1484 2969 histrionum
1542 2927 1792 2969 numero
1859 2910 2137 2970 inserere.
2248 2907 2306 2968 Si
2385 2909 2579 2987 qualis
2639 2909 2821 2970 fuerit

574 3011 905 3072 Aeschines
960 3013 1020 3072 in
1064 3012 1284 3090 agendi
1328 3015 1456 3072 arte
1504 3012 1963 3090 circumspicere
2008 3012 2302 3089 volumus,
2362 3011 2818 3089 provocandum

576 3115 749 3174 nobis
809 3120 902 3175 est
958 3115 1033 3174 ad
1083 3116 1504 3177 Demosthenis
1563 3115 1637 3175 de
1682 3114 1721 3174 f.
1765 3115 1802 3175 l.
1847 3118 1908 3176 et
1952 3113 2027 3175 de
2072 3132 2192 3175 cor.
2238 3116 2570 3193 orationes,
2626 3115 2818 3176 solum

575 3222 636 3277 et
666 3216 1026 3276 uberrimum
1073 3216 1255 3295 hujus
1285 3218 1658 3294 quaestionis
1700 3218 1941 3278 fontem.
2032 3216 2365 3279 Identidem
2411 3219 2567 3279 enim
2607 3220 2815 3277 Demo·

574 3320 817 3379 sthenes
863 3318 954 3379 his
999 3320 1058 3379 in
1104 3320 1474 3380 orationibus
1522 3321 1881 3381 mentionem
1924 3320 2117 3397 injicit
2146 3321 2428 3398 temporis
2474 3321 2651 3392 illiue,
2696 3337 2817 3397 quo

573 3420 903 3482 Aeschines
961 3420 1180 3482 fabulis
1225 3422 1475 3500 agendis
1535 3441 1782 3500 operam
1828 3421 2023 3498 dedit3
2082 3422 2427 3500 ubicunque
2484 3424 2682 3483 aute'm
2741 3422 2815 3481 de

575 3524 873 3583 Aeschine
919 3523 1208 3585 histrione
1239 3529 1425 3585 verba
1470 3524 1631 3601 facit,
1675 3525 1791 3585 hoc
1834 3543 1954 3585 non
2004 3523 2074 3584 fit
2104 3525 2217 3585 nisi
2261 3526 2480 3586 inimici
2525 3523 2813 3585 illudendi

574 3644 646 3685 ac
691 3626 1130 3703 perstringendi
1179 3644 1389 3697 causa;
1450 3628 1616 3703 atqui
1663 3628 1988 3688 histriones
2034 3627 2250 3689 Graeci
2295 3629 2645 3689 condicione
2692 3632 2816 3687 ute·

573 3730 795 3789 bantur
860 3729 1096 3789 minime
1160 3729 1484 3789 inhonesta
1548 3735 1655 3789 aut
1721 3733 2064 3808 contempta
2131 3729 2229 3798 (cf.
2287 3731 2417 3790 Liv.
2468 3731 2680 3809 XXIV,
2735 3733 2814 3792 24

580 3860 699 3902 „—-
728 3831 884 3892 Huic
929 3830 1226 3905 (Aristoni
1266 3833 1498 3909 tragico
1548 3834 1738 3893 actori
1785 3833 2017 3893 Graeco
2064 3851 2116 3892 a.
2164 3836 2286 3893 214
2332 3834 2391 3892 in
2439 3832 2642 3893 Sicilia
2685 3852 2815 3892 ver-

572 3933 751 4004 santi)
796 3938 857 3995 ot
913 3952 1107 4011 genus
1163 3940 1223 3995 et
1267 3934 1510 3995 fortuna
1553 3935 1805 3996 honesta
1868 3939 2069 4005 erant3
2131 3954 2241 3996 nec
2287 3953 2412 4007 ars,
2473 3937 2616 4014 quia
2673 3935 2817 3995 nihil

573 4036 690 4096 tale
748 4036 907 4114 apud
955 4036 1217 4098 Graecos
1261 4037 1475 4114 pudori
1524 4043 1648 4116 est,
1710 4056 1780 4097 ea
1840 4036 2315 4108 deformabat.“).
2402 4039 2579 4099 Patet
2635 4039 2817 4115 igitur

570 4138 924 4199 Aeschinem
986 4158 1021 4198 a
1070 4140 1472 4200 Demosthene
1517 4139 1693 4199 illudi
1761 4160 1878 4201 non
1941 4142 2210 4217 potuisse
2271 4139 2431 4218 quod
2494 4140 2815 4218 aliquando

571 4242 629 4299 in
663 4241 1012 4301 histrionum
1059 4240 1240 4302 fuerit
1271 4260 1538 4320 numero,
1581 4243 1686 4302 sed
1735 4242 1966 4302 irrideri
2014 4262 2148 4303 enm
2182 4242 2510 4302 videbimus
2555 4250 2616 4304 et
2653 4242 2812 4320 quod
