3166 4871
598 295 724 357 290

596 468 831 547 facere,
891 487 1071 544 quam
1133 469 1264 545 ipse
1321 467 1408 528 ini
1464 468 1647 535 tribui
1708 469 1985 529 voluerit.
2091 469 2244 528 Nm
2305 449 2471 528 iu'am
2532 467 2838 544 Euripidis

596 570 1024 648 praestantiam
1084 589 1207 631 non
1265 570 1494 647 percipi
1552 570 1668 631 nisi
1710 571 1772 631 in
1817 588 2001 631 scena
2045 574 2106 630 et
2151 570 2572 630 certaminibus
2617 570 2838 629 Aristo·

595 673 775 733 telem
847 672 1084 734 docere.
1195 673 1504 747 Quaenam
1575 673 1657 732 sit
1723 672 1832 733 illa
1899 673 2265 749 praestantia
2335 689 2639 748 exponere
2704 689 2839 732 cum

599 775 668 836 G.
711 776 1017 836 Hermann
1064 774 1354 854 omiserit,
1410 774 1582 835 nobis
1639 775 1786 853 ipsis
1841 775 1989 835 haec
2042 775 2340 835 sententia
2383 773 2688 852 explenda
2733 778 2842 834 est.

598 877 774 952 Quod
811 877 861 938 si
904 881 1066 939 recte
1111 877 1446 955 fecerimus,
1492 877 1642 938 haec
1682 877 1803 938 duo
1845 876 2105 938 evadere
2133 876 2448 938 videntur:
2493 876 2839 954 Euripidem

595 984 701 1040 aut
742 981 803 1040 in
849 997 1033 1040 scena
1078 980 1332 1041 maxime
1378 979 1671 1057 tragicum
1718 979 1928 1057 videri,
1972 997 2094 1039 non
2140 998 2273 1040 cum
2317 974 2486 1056 le'gas
2543 979 2645 1040 vel
2689 979 2840 1038 reci-

595 1087 820 1143 tantem
866 1083 1126 1160 aliquem
1155 1083 1367 1143 audias
1398 1083 1527 1143 eius
1558 1081 1828 1161 fabulas3
1874 1087 1978 1142 aut
2013 1081 2284 1159 theatris,
2327 1100 2448 1142 non
2478 1081 2842 1159 philosopho

598 1185 696 1244 vel
738 1185 943 1245 cuivis
1002 1186 1277 1263 poeticae
1332 1185 1478 1246 artis
1538 1185 1734 1262 perito
1802 1191 1984 1262 atque
2038 1183 2274 1246 erudito
2326 1184 2564 1245 homini.
2664 1184 2841 1259 Quod

597 1292 917 1365 utrumque
987 1288 1060 1348 ab
1133 1288 1570 1349 recentioribus
1639 1288 2066 1366 interpretibus
2134 1287 2435 1365 prolatum
2506 1304 2642 1347 esse
2703 1304 2844 1346 mox

596 1389 1035 1537 Ὴᾱθὴὲἲίῑιιιῗοω
1094 1475 1278 1553 igitur
1335 1476 1629 1536 rationem
1689 1475 1741 1535 si
1785 1492 2144 1553 sequamur,
2201 1474 2545 1552 Euripidem
2603 1474 2842 1535 laudem

596 1578 755 1638 illam
816 1578 903 1638 eis
946 1578 1126 1639 rebus
1169 1578 1391 1639 debere
1437 1564 1898 1639 existimandum
1943 1582 2072 1656 est,
2130 1595 2281 1655 quas
2337 1583 2638 1638 nostrates
2685 1580 2843 1638 artes

522 1754 535 1771 ἱ
595 1680 900 1757 scenicas,
970 1680 1322 1741 Aristoteles
1395 1665 1557 1759 ὄψιν
1638 1680 1922 1757 appellat.
2049 1682 2139 1740 De
2221 1680 2314 1739 his
2396 1684 2593 1740 autem
2675 1679 2844 1740 initio

597 1783 811 1860 capitis
872 1782 1012 1842 XIV
1073 1801 1261 1860 grave
1323 1783 1612 1860 proponit
1668 1778 2085 1858 iudicium¹⁹);
2144 1781 2387 1843 minoris
2448 1782 2625 1842 etiam
2689 1782 2846 1841 hanc

596 1888 784 1944 artem
831 1886 1129 1946 scenicam
1174 1886 1449 1949 aestimat
1492 1885 1604 1945 sub
1661 1883 1836 1945 finem
1882 1884 2095 1962 capitis
2143 1877 2346 1963 V119).
2433 1883 2843 1944 Difficillimum

593 1986 777 2063 igitur
822 1986 1019 2066 dictu,
1077 1986 1380 2065 quomodo
1424 1987 1786 2048 Aristoteles
1847 1991 2083 2064 poetam
2144 1986 2221 2047 ob
2281 2004 2354 2047 ea
2412 1987 2543 2065 ipsa
2595 1986 2843 2047 laudare

594 2089 879 2168 potuerit,
925 2107 1080 2165 quae
1126 2089 1202 2150 ab
1246 2093 1374 2150 arte
1417 2091 1658 2167 poetica
1700 2089 1879 2166 plane
1922 2088 2049 2153 fere
2090 2093 2379 2166 removet,
2424 2106 2556 2149 cum
2589 2089 2841 2149 aliorum

596 2196 908 2267 poetarum
953 2191 1197 2252 fabulae
1244 2196 1523 2252 extarent
1568 2210 1692 2252 non
1736 2191 1930 2251 minus
1975 2191 2202 2267 tragice
2249 2196 2310 2251 et
2353 2191 2536 2252 multo
2599 2190 2845 2251 meliore

597 2292 835 2369 quidem
880 2295 1113 2355 ratione
1159 2293 1538 2373 compositae.

765 2396 848 2457 At
891 2395 1110 2458 dixerit
1154 2396 1470 2475 quispiam,
1513 2395 1665 2456 tales
1711 2395 2071 2475 tragoedias,
2115 2396 2323 2474 quales
2370 2394 2648 2474 componi
2697 2394 2845 2457 velit

597 2497 1024 2576 philosophus,
1083 2517 1307 2576 pancas
1369 2498 1587 2576 fuisse,
1649 2503 1831 2576 atque
1891 2499 2270 2577 Euripidem,
2326 2499 2438 2559 etsi
2499 2517 2619 2559 non
2673 2498 2847 2572 bene,

593 2601 907 2678 plurimam
953 2607 1152 2661 tamen
1198 2618 1308 2678 pro
1354 2601 1573 2661 ceteris
1617 2601 1736 2659 vim
1781 2601 2069 2677 tragicam
2091 2645 2108 2679 ,
2150 2606 2218 2662 ut
2260 2602 2344 2661 ita
2387 2600 2610 2676 dicam,
2670 2618 2842 2678 prae·

595 2703 836 2763 stitisse.
937 2699 1034 2764 Sic
1093 2721 1227 2763 cum
1287 2703 1350 2762 in
1418 2703 1628 2780 primis
1687 2704 2012 2779 Baumgart
2084 2702 2349 2781 disputet
2416 2701 2650 2777 (Jahrb.
2693 2702 2846 2778 cxl,

597 2801 938 2883 88—90),
995 2806 1055 2864 in
1103 2823 1174 2866 eo
1220 2805 1474 2883 primum
1531 2810 1722 2883 errat,
1780 2805 1943 2882 quod
1996 2806 2103 2865 illa
2159 2794 2384 2885 πάθη,
2442 2823 2598 2883 quae
2652 2805 2717 2866 G.
2760 2804 2845 2863 XI

596 2913 1168 2985 commemorantur,
1225 2908 1353 2967 scil.
1412 2896 1487 2966 οῗ
1539 2923 1614 2966 τε
1666 2898 1741 2966 ἐν
1797 2903 1896 2985 τῷ
1954 2904 2228 2986 φανερῷ
2282 2897 2573 2967 θάνατοι
2617 2900 2732 2965 καὶ
2777 2897 2846 2964 αἱ

594 3003 1032 3088 περιωδυνίαι
1079 3002 1193 3068 καὶ
1238 2997 1520 3087 τρώσεις
1561 3002 1676 3068 καὶ
1722 2995 1847 3068 ὅσα
1892 3004 2205 3082 τοιαῦτα,
2262 3009 2470 3069 eadem
2528 3027 2659 3070 esse
2704 3027 2846 3068 con·

594 3113 788 3173 tendit
822 3116 1004 3190 atque
1045 3131 1202 3190 qnae
1249 3105 1323 3171 ἐκ
1366 3108 1487 3192 τῆς
1529 3097 1752 3189 ὄψεως
1795 3116 2235 3190 comparantur.
2320 3112 2474 3173 Sunt
2502 3116 2699 3172 autem
2745 3111 2848 3171 illa

596 3233 739 3291 pars
799 3215 1074 3293 fabulae,
1132 3214 1243 3275 etsi
1288 3233 1406 3275 non
1469 3214 1839 3292 necessaria,
1898 3201 2054 3290 ὄψις
2112 3213 2453 3290 tragoediae
2511 3231 2689 3291 pars,
2748 3214 2844 3274 cui

771 3412 835 3475 ¹⁹)
869 3409 929 3465 C.
964 3408 1116 3464 XIV.
1155 3402 1281 3464 ἔστι
1317 3405 1429 3476 μὲν
1464 3399 1569 3464 οὖν
1606 3402 1673 3463 τὸ
1712 3402 1972 3480 φοβερὸν
2005 3406 2104 3462 καὶ
2142 3401 2398 3464 ἐλεεινὸν
2430 3401 2498 3464 ἐκ
2523 3412 2624 3478 τῆς
2646 3401 2847 3478 ὄψεως

596 3493 880 3564 γίνεσθαι,
917 3487 1043 3550 ἔστι
1079 3490 1141 3551 δὲ
1178 3492 1279 3549 καὶ
1315 3488 1381 3558 ἐξ
1416 3486 1592 3564 αὐτῆς
1626 3497 1723 3564 τῆς
1759 3488 2095 3558 συστάσεως
2125 3497 2242 3547 τῶν
2278 3489 2656 3566 πραγμάτων,
2695 3485 2846 3564 ὅπερ

597 3574 721 3636 ἐστὶ
767 3575 1059 3651 πρότερον
1106 3576 1207 3633 καὶ
1254 3582 1497 3648 ποιητοῦ
1543 3571 1867 3645 ἀμείνονος.
1922 3580 2010 3632 δεῖ
2058 3572 2171 3650 γὰρ
2215 3576 2317 3633 καὶ
2363 3570 2501 3633 ἄνευ
2548 3582 2651 3633 τοῦ
2698 3571 2847 3648 ὁρᾶν

596 3655 749 3720 οὕτω
788 3659 1132 3719 συνεστάναι
1168 3658 1271 3719 τὸν
1304 3666 1502 3730 μῦθον
1538 3654 1691 3718 ὥστε
1728 3658 1831 3718 τὸν
1868 3655 2158 3718 ἀκούοντα
2201 3658 2275 3717 τὰ
2323 3659 2640 3734 πράγματα
2689 3658 2844 3732 γινό-

593 3767 743 3817 μενα
777 3747 878 3804 καὶ
915 3747 1176 3822 φρίττειν
1211 3747 1311 3804 καὶ
1348 3743 1536 3805 ἐλεεῖν
1574 3742 1643 3804 ἐκ
1679 3751 1799 3802 τῶν
1834 3743 2296 3819 συμβαινόντων·
2347 3740 2499 3818 ὅπερ
2550 3742 2621 3802 ἃν
2656 3743 2844 3805 πάθοι

596 3853 678 3900 τις
724 3828 957 3890 ἀκούων
1002 3830 1104 3890 τὸν
1153 3838 1257 3889 τοῦ
1311 3830 1611 3898 Οἰδίποδος
1656 3835 1868 3900 μῦθον.
1923 3827 1990 3888 τὸ
2036 3831 2097 3890 δὲ
2147 3829 2239 3888 διὰ
2280 3838 2381 3904 τῆς
2423 3827 2623 3903 ὂψεως
2667 3837 2845 3888 τοῦτο

595 3915 1063 3993 παρασκευάζειν
1108 3912 1492 3990 ἆτεχνότερον
1536 3916 1637 3973 καὶ
1677 3916 1956 3990 χορηγίας
2000 3915 2282 3986 δεόμενον
2327 3913 2501 3975 ἐστίν.
2575 3919 2637 3974 C.
2678 3918 2772 3973 vl.
2809 3939 2844 3988 η

595 4003 656 4062 δὲ
695 3999 832 4075 ὄψις
873 4000 1293 4075 ψυχαγωγικὸν
1337 3999 1472 4072 μέν,
1520 3996 1910 4074 ἅτεχνότατον
1960 4000 2020 4060 δὲ
2069 4001 2172 4059 καὶ
2219 3995 2426 4074 η’κιστα
2475 4000 2698 4059 οἰκεῖον
2744 4008 2846 4074 τῆς

595 4095 915 4160 ποιητικῆς·
969 4083 1001 4160 ἦ
1050 4085 1163 4162 γὰρ
1210 4093 1308 4159 τῆς
1349 4086 1676 4164 τραγῳδίας
1722 4083 1956 4155 δύναμις
1998 4086 2098 4143 καὶ
2135 4081 2274 4144 ἄνευ
2310 4082 2535 4159 α’γῶνος
2568 4086 2669 4143 καὶ
2705 4081 2843 4144 ὑπο-

594 4180 811 4248 κριτῶν
849 4170 1020 4232 ἐστίν.
1075 4169 1162 4230 ἔτι
1198 4171 1259 4231 δὲ
1297 4168 1628 4246 κυριωτέρα
1664 4171 1799 4244 περὶ
1834 4168 1938 4244 τὴν
1981 4166 2346 4246 ἀπεργασίαν
2394 4193 2513 4229 των
2556 4168 2761 4243 οψεων
2813 4166 2845 4244 ἦ
2905 4185 2916 4190 “

593 4265 695 4318 τοῦ
732 4264 1085 4315 σκευοποιοῦ
1120 4254 1290 4331 τέχνη
1326 4263 1426 4330 τῆς
1459 4263 1579 4312 τῶν
1615 4261 1874 4328 ποιητῶν
1911 4252 2084 4314 ἐστίν.
