3166 4871
510 296 635 357 260

501 470 613 547 ‚qui
663 488 937 546 magnam
990 489 1065 530 ex
1122 488 1400 530 sensuum
1451 470 1851 547 descriptione
1897 471 2234 548 perciperet
2291 469 2745 530 delectationem

510 591 710 650 neque
786 590 1051 650 unquam
1123 573 1314 650 lyrica
1378 572 1639 633 carmina
1700 588 1968 651 pangere
1996 572 2256 649 ,videtur
2315 575 2564 632 conatus
2621 589 2750 633 esse

510 674 617 735 sed
663 693 733 735 ea
779 679 1018 752 praeter
1055 682 1257 736 cetera
1301 676 1352 736 ei
1399 676 1817 753 probabantur
1862 674 2141 747 carmina,
2186 693 2341 753 qnae
2387 681 2490 734 aut
2532 674 2749 754 grandi

513 779 575 837 et
619 777 789 854 quasi
839 778 1101 838 oratorio
1146 776 1382 838 dicendi
1427 795 1651 855 genere
1694 785 1800 839 aut
1843 779 2269 839 sententiarum
2318 778 2490 855 copia
2535 777 2750 838 ceteris

512 880 936 958 praestabant3
1028 887 1328 959 postremo
1397 881 1499 940 illo
1575 881 1734 940 vitae
1802 885 2094 959 tempore,
2166 899 2285 958 quo
2365 881 2494 940 sine
2565 879 2747 941 dubio

515 986 575 1043 et
627 983 901 1061 plurima·
927 983 1102 1060 copia
1161 986 1220 1043 et
1262 982 1612 1043 acerrimum
1660 983 1919 1043 studium
1970 984 2295 1043 carminum
2357 981 2748 1059 legendorum

513 1086 565 1146 ei
612 1089 811 1163 erant,
870 1103 987 1145 non
1040 1086 1222 1145 multa
1282 1085 1601 1146 exstabant
1655 1085 1915 1146 carmina
1961 1086 2175 1146 Latina
2230 1084 2448 1165 lyrica,
2506 1085 2752 1146 Graecis

512 1192 710 1248 autem
757 1186 1097 1266 hujusmodi
1157 1188 1445 1265 poematis
1505 1187 1776 1264 legendis
1831 1189 2114 1266 perpauci
2160 1188 2411 1248 Romani
2473 1187 2753 1247 videntur

514 1308 759 1368 operam
806 1288 1061 1350 dedisse.
1147 1292 1279 1351 Jam
1339 1308 1482 1350 vero
1545 1294 1612 1350 ut
1657 1290 1733 1350 ad
1779 1291 2019 1368 singula
2065 1291 2388 1361 veniamne,
2445 1291 2526 1350 ita
2571 1307 2751 1368 quae-

513 1395 766 1454 ationem
813 1392 1123 1453 instituere
1168 1394 1226 1452 in
1275 1394 1471 1453 animo
1519 1392 1655 1453 mibi
1703 1399 1823 1465 est,
1882 1398 1947 1454 ut
1990 1394 2179 1471 primo
2226 1393 2355 1454 loco
2403 1391 2479 1452 de
2521 1392 2594 1452 iis
2637 1391 2753 1451 dis·

513 1499 715 1573 putem
748 1496 942 1573 poetis
971 1495 1191 1573 lyricis,
1239 1496 1456 1572 quibus
1487 1497 1711 1573 primas
1745 1496 1953 1557 Cicero
1983 1496 2207 1573 tribuit,
2249 1499 2373 1555 tum
2421 1494 2497 1555 de
2540 1495 2755 1555 ceteris

516 1598 804 1659 omnibus.
894 1599 1101 1675 Itaque
1154 1598 1282 1676 jam
1339 1599 1636 1675 agendum
1685 1603 1774 1659 est
1834 1599 1907 1658 de
1950 1597 2311 1659 Archilocho
2374 1601 2433 1657 et
2475 1596 2756 1675 Pindaro,

517 1718 671 1778 quos
733 1700 1033 1778 principes
1091 1700 1148 1759 in
1215 1719 1322 1761 suo
1380 1718 1678 1778 quemque
1736 1719 1958 1778 genere
2022 1719 2058 1761 a
2114 1699 2404 1762 Cicerone
2466 1700 2755 1777 appellari

507 1804 634 1881 jam
681 1799 1046 1875 vidimus.⁷³)
1133 1802 1359 1864 Tamen
1389 1807 1618 1863 tautum
1666 1802 1850 1880 abest,
1896 1808 1961 1863 ut
1998 1822 2071 1864 ex
2117 1803 2281 1863 libris
2326 1802 2458 1880 ejus
2502 1802 2758 1862 libenter

517 1924 651 1966 eum
713 1924 785 1964 ac
841 1905 1109 1966 studiose
1155 1907 1212 1966 in
1277 1907 1487 1967 horum
1534 1905 1894 1966 carminibus
1955 1905 2221 1984 legendis
2265 1908 2565 1965 versatum
2623 1921 2755 1965 esse

515 2012 818 2087 appareat,
864 2012 930 2068 ut
970 2008 1243 2086 equidem
1280 2009 1456 2069 valde
1487 2008 1768 2086 dubitem,
1814 2027 1954 2068 num
1991 2009 2086 2068 vel
2118 2027 2313 2086 pauca
2356 2007 2569 2068 horum
2615 2025 2754 2086 poe-

519 2115 676 2170 mata
721 2111 974 2171 noverit.
1061 2111 1320 2171 Primum
1384 2112 1535 2172 enim
1599 2112 1771 2188 pauci
1826 2111 1908 2171 illi
1958 2112 2094 2181 loci,
2155 2111 2255 2188 qui
2316 2109 2757 2187 quodammodo

519 2214 594 2274 ad
626 2213 1051 2274 Archilochum
1103 2218 1396 2292 spectant,
1441 2213 1731 2292 eiusmodi
1779 2219 1933 2285 sunt,
1981 2218 2047 2273 ut
2090 2214 2192 2273 vix
2238 2212 2564 2291 quidquam
2612 2213 2757 2273 certi

519 2335 590 2377 ex
638 2317 707 2376 iis
752 2316 1047 2394 possimus
1081 2317 1388 2395 colligere.
1491 2318 1644 2377 Nam
1696 2336 1767 2377 ex
1801 2336 1890 2393 eo,
1935 2316 2093 2394 quod
2143 2315 2198 2375 d.
2243 2315 2405 2376 deor.
2437 2319 2555 2376 nat
2588 2320 2643 2388 3,
2675 2318 2750 2377 91

520 2419 687 2481 dicit:
734 2419 990 2499 „Neque
1036 2420 1210 2497 enim,
1255 2414 1429 2498 quem
1480 2420 1881 2498 Hipponactis
1918 2419 2158 2500 jambus
2205 2419 2463 2480 laeserat
2505 2422 2611 2480 aut
2654 2419 2757 2498 qui

519 2528 650 2583 erat
677 2521 1021 2582 Archilochi
1070 2541 1247 2582 versu
1293 2523 1657 2594 volneratus,
1704 2543 1739 2582 a
1788 2522 1900 2583 deo
1949 2524 2270 2583 immissum
2305 2522 2593 2601 dolorem,
2637 2540 2755 2582 non

521 2628 874 2700 conceptum
908 2643 943 2683 a
973 2641 1036 2684 se
1067 2624 1196 2702 ipso
1230 2624 1607 2685 continebat“
1660 2626 1774 2685 hoc
1805 2624 1992 2685 solum
2039 2629 2318 2703 apparet,
2377 2625 2538 2703 quod
2584 2643 2758 2702 argu·

522 2730 724 2786 mento
754 2726 857 2787 vix
890 2731 1045 2805 eget,
1076 2745 1209 2786 eum
1242 2728 1488 2788 scivisse
1518 2727 1933 2788 acerbissimos
1963 2731 2023 2788 et
2054 2727 2531 2788 mordacissimos
2555 2727 2759 2788 Archi-

523 2828 679 2889 lochi
733 2829 972 2907 jambos
1028 2847 1176 2890 esse.
1269 2829 1554 2907 Idemque
1601 2829 1935 2907 significare
1981 2829 2219 2891 videtur
2248 2830 2448 2890 Attico
2492 2830 2762 2891 scribens

524 2931 609 3004 (2,
643 2935 742 3009 20,
776 2928 868 3004 6):
921 2932 1206 3004 „Comitia
1236 2932 1488 2992 Bibulus
1529 2951 1660 2994 cum
1694 2933 2074 2993 Archilochio
2106 2932 2301 2993 edicto
2331 2934 2390 2993 in
2437 2937 2574 2993 ante
2605 2932 2757 2992 diem

519 3035 647 3094 XV.
693 3033 828 3093 Kal.
873 3035 1028 3094 Nov.
1089 3033 1351 3095 distulit“
1418 3040 1601 3113 atque
1657 3034 1845 3095 eidem
1910 3035 1983 3095 de
2045 3035 2249 3095 eadem
2312 3054 2377 3095 re
2423 3033 2504 3108 (2,
2537 3040 2636 3115 21,
2664 3032 2761 3108 4)2

523 3138 774 3214 „ltaque
822 3137 1209 3197 Archilochia
1267 3138 1326 3196 in
1374 3137 1534 3197 illum
1581 3137 1776 3197 edicta
1820 3138 2020 3198 Bibuli
2064 3139 2289 3216 populo
2348 3138 2429 3197 ita
2473 3142 2615 3197 sunt
2662 3138 2758 3216 ju·

517 3238 718 3298 cunda
747 3283 762 3299 .
792 3284 806 3300 .
837 3237 887 3300 .“
959 3241 1309 3300 Postremus
1355 3244 1578 3310 antem,
1644 3241 1744 3318 qui
1794 3240 1870 3300 de
1914 3241 2028 3300 hac
2073 3260 2138 3300 re
2185 3244 2401 3313 exstat,
2445 3241 2614 3301 locus
2657 3241 2759 3300 vix

518 3341 739 3418 dignus
786 3341 1044 3414 videtur,
1090 3342 1164 3402 de
1209 3360 1327 3421 quo
1375 3343 1549 3419 plura
1595 3343 1837 3421 loquar:
1895 3342 2098 3403 scribit
2141 3344 2296 3404 enim
2344 3343 2492 3403 haec
2536 3342 2614 3403 ad
2660 3343 2763 3402 At-

517 3444 696 3503 ticum
744 3442 869 3521 (16,
905 3448 1000 3516 11,
1034 3442 1123 3517 2):
1197 3444 1407 3518 „Quod
1462 3446 1715 3525 vereris,
1774 3466 1849 3506 ne
1895 3429 2250 3524 ἀδόλεσχος
2292 3445 2432 3507 mihi
2475 3450 2569 3506 tu:
2630 3446 2762 3524 quis

518 3545 758 3606 minus?
824 3545 955 3625 cui,
1023 3552 1091 3606 nt
1151 3547 1544 3624 Aristophani
1614 3547 1956 3609 Archilochi
2010 3548 2283 3626 jambus,
2351 3550 2438 3609 sic
2507 3548 2764 3627 epistola

516 3648 860 3725 longissima
905 3666 1180 3726 quaeque
1241 3651 1466 3726 optima
1527 3649 1816 3710 videtur.“
1926 3651 2200 3728 Accedit,
2261 3651 2423 3729 quod
2469 3671 2546 3711 ne
2605 3669 2761 3712 unus

519 3749 760 3830 quidem
821 3768 1027 3811 versus
1086 3752 1143 3812 in
1204 3752 1336 3829 ejus
1396 3752 1565 3813 libris
1629 3754 1951 3830 invenitur,
2007 3770 2181 3830 quem
2228 3753 2572 3814 Archilochi
2631 3771 2758 3814 esse

517 3857 765 3914 constet.
825 3853 981 3915 Saue
1012 3854 1124 3914 Th.
1148 3853 1369 3932 Bergk,
1415 3858 1571 3932 poet.
1608 3855 1715 3931 lyr.
1746 3855 1847 3916 Gr.
1877 3873 1933 3932 p.
1962 3857 2124 3916 1326
2157 3854 2249 3916 ed.
2280 3857 2383 3915 111.
2414 3855 2492 3917 ad
2525 3874 2762 3917 versus:

1205 3942 1431 4016 ,πολλὰ
1480 3942 1538 4017 d'
1568 3949 1643 4015 ἐν
1687 3951 2049 4036 μεταιχμίῳ

943 4048 1167 4129 Νότος
1210 4053 1512 4119 κυλίνδει
1563 4043 1801 4138 κύματ’
1846 4044 2104 4140 εὐρείης
2151 4046 2331 4133 ἁλός,

686 4275 752 4340 ⁷³)
788 4271 860 4328 cf.
896 4288 972 4327 or.
1011 4277 1077 4343 43
1130 4273 1183 4327 d.
1210 4273 1302 4329 fin.
1342 4277 1389 4343 2,
1432 4278 1552 4343 1153
1611 4275 1664 4329 (1.
1702 4275 1852 4331 deor.
1891 4279 2004 4328 nat.
2047 4279 2089 4343 1,
2131 4278 2242 4327 107.
