3166 4871
2476 289 2598 350 373

353 468 553 543 Atque
624 468 697 526 ab
761 468 1033 543 Augusto
1101 468 1339 528 videtur
1406 467 1666 527 deducta
1733 486 1891 542 esse,
1959 468 2099 544 quia
2158 465 2376 542 legitur
2437 463 2599 541 apud

353 569 506 629 Mur.
556 574 734 642 1111,
782 575 857 632 21

807 672 1064 734 IORVM
1305 674 1459 735 CAR

662 776 816 837 OAE
861 821 875 835 .
909 821 923 836 .
954 819 967 834 .
1012 775 1135 836 Rls
1181 778 1511 837 NERVAE
1556 776 1895 838 TRAIANI
1928 821 1943 835 .
1976 819 1991 834 .
2019 820 2034 836 .

663 878 825 939 AVG
847 924 862 938 .
887 879 1336 941 GERMANICI
1361 926 1374 940 .
1400 881 1666 942 DAClCl
1692 924 1705 939 .
1728 879 1882 941 PRO
1907 924 1921 938 .
1943 878 2098 940 PRO
2130 921 2145 937 .
2170 922 2181 935 .
2206 921 2221 936 .

662 1084 832 1145 COL.
878 1085 1576 1147 IVLIA.FIDA.TVD
1622 1132 1636 1145 .
1668 1131 1680 1143 .

657 1189 661 1193 ’
906 1186 1288 1250 PATRONO
1334 1189 1440 1249 Ex
1487 1190 1557 1248 D.
1604 1191 1677 1250 D.

1204 1471 1505 1570 Regio
1585 1473 1746 1548 VII.

1365 1643 1579 1710 Luca.

529 1769 773 1827 Henzen
815 1789 868 1827 n.
905 1773 1067 1830 6493
1090 1794 1172 1815 =
1195 1770 1308 1828 Wi.
1333 1789 1387 1829 n.
1419 1774 1555 1830 111.
1582 1775 1652 1830 3:
1715 1771 1782 1829 L.
1831 1769 2157 1829 Memmius.
2205 1771 2266 1828 C.
2296 1768 2336 1826 f.
2369 1768 2493 1828 Gal.
2526 1769 2596 1840 Q.

354 1874 423 1929 tr.
469 1869 551 1947 pl.
593 1885 695 1938 pr.
737 1863 747 1947 Ι
786 1870 1067 1930 frumenti
1112 1878 1354 1931 curator
1398 1892 1471 1930 ex
1517 1891 1560 1931 s.
1608 1891 1657 1931 c.
1697 1864 1706 1950 Ι
1746 1870 2085 1948 praefectus
2130 1871 2244 1947 leg.
2297 1871 2488 1929 XXVI
2537 1875 2597 1928 et

356 1974 463 2031 VH
504 1965 514 2051 Ι
553 1973 754 2032 Lucae
816 1972 892 2031 ad
953 1992 1130 2050 agros
1197 1974 1551 2034 dividendos
1590 1967 1599 2047 Ι
1640 1973 1907 2050 pontifex
1967 1974 2232 2032 Albanus
2271 1966 2280 2049 Ι
2323 1974 2597 2032 Memmia

352 2073 474 2133 filia
518 2078 875 2134 testamento
924 2093 1032 2136 suo
1079 2074 1205 2135 fieri
1252 2077 1439 2136 iussit.
1529 2077 1779 2136 Praeter
1825 2077 1986 2136 hunc
2030 2076 2284 2153 titulum,
2328 2076 2431 2152 qui
2480 2075 2594 2135 Lu·

354 2195 459 2236 cae
535 2177 974 2237 triumvirorum
1036 2178 1203 2239 iussu
1275 2183 1473 2239 terrae
1533 2178 1980 2256 adsignationes
2049 2177 2238 2237 factas
2306 2195 2434 2237 esse
2494 2175 2594 2248 (de

352 2298 541 2356 quare
586 2279 721 2339 vide
760 2281 1027 2340 Momms.
1072 2282 1295 2341 enchir.
1329 2286 1365 2343 2
1392 2278 1417 2319 ²
1461 2301 1517 2357 p.
1551 2286 1672 2343 716
1705 2281 1842 2342 adn.
1873 2279 1954 2354 2.)
2000 2281 2283 2353 declarat,
2329 2286 2388 2339 et
2420 2281 2595 2339 Plinii

351 2383 748 2443 testimonium
813 2382 952 2443 nihil
1017 2383 1337 2461 habemus,
1399 2385 1559 2462 quod
1620 2386 1694 2445 de
1753 2387 1923 2446 Luca
1983 2382 2371 2462 proferamus.
2477 2383 2591 2445 Sed

349 2487 492 2545 satis
539 2487 685 2546 haec
730 2485 850 2547 duo
894 2488 1229 2549 testimonia
1273 2488 1558 2550 videntur
1603 2507 1751 2559 esse,
1798 2493 1863 2548 ut
1906 2488 2131 2547 Lucam
2178 2487 2427 2547 coloniis
2475 2488 2587 2545 Au·

348 2590 509 2664 gusti
552 2588 1031 2650 adnumeremus

1352 2790 1591 2857 Pisae.

520 2915 753 2973 Nomen
830 2916 1103 2975 coloniae
1180 2917 1595 2993 cognoscimus
1667 2935 1741 2976 ex
1813 2915 2153 2976 clarissimis
2229 2915 2598 2993 cenotaphiis

348 3016 583 3075 Pisanis
630 3016 821 3075 Wilm.
871 3036 926 3076 n.
972 3020 1127 3088 883,
1189 3018 1290 3076 ubi
1332 3037 1390 3077 v.
1434 3022 1515 3078 42
1575 3020 1727 3078 haec
1771 3020 2084 3093 leguntur:
2145 3020 2472 3093 petantque
2516 3019 2593 3077 ab

348 3136 451 3189 co,
515 3119 600 3177 uti
659 3120 889 3179 colonis
933 3119 1295 3179 Iuliensibus
1341 3121 1613 3181 coloniae
1659 3121 2060 3197 obsequentis
2105 3120 2293 3179 Iuliae
2339 3120 2592 3180 Pisanac

349 3240 423 3279 cx
469 3222 583 3280 hoc
629 3220 868 3281 decreto
901 3240 971 3280 ea
1002 3223 1201 3281 omnia
1231 3222 1432 3282 facere
1464 3224 1832 3300 exsequique
1874 3223 2177 3300 permittat
2234 3252 2321 3262 —
2366 3223 2590 3283 Liberti

348 3324 617 3383 coloniae
650 3322 1107 3400 „Obsequentii“
1142 3325 1617 3395 nominabantur,
1651 3328 1717 3385 ut
1745 3326 2106 3402 perspicitur
2129 3344 2203 3385 ex
2228 3325 2397 3384 titulo
2423 3326 2589 3385 Grut.
2653 3349 2656 3352 ·

346 3428 402 3501 p'.
448 3430 604 3486 444:
665 3427 738 3485 D.
772 3428 845 3485 M.
886 3421 895 3504 Ι
934 3427 1145 3485 Mettia
1190 3428 1470 3487 Ianuaria
1524 3428 1622 3487 hic
1672 3427 1808 3504 adq.
1855 3447 1986 3489 con.
2025 3419 2034 3507 Ι
2073 3428 2127 3487 b.
2171 3447 2244 3487 m.
2283 3420 2292 3505 Ι
2334 3427 2590 3501 Quintus

346 3527 786 3606 obsequentius
830 3529 1154 3589 Severinus
1194 3522 1203 3607 Ι
1242 3531 1396 3605 Aug.
1440 3531 1594 3590 Pisis
1638 3574 1880 3591 ......

763 3723 1135 3793 Graviscae
1223 3726 1556 3793 Castrum
1604 3744 1865 3793 novum
1951 3727 2170 3813 Pyrgi

345 3852 687 3911 notissimae
743 3857 883 3912 sunt
940 3854 1210 3913 coloniae
1269 3854 1486 3913 civium
1534 3855 1952 3914 Romanorum.
2040 3856 2130 3914 De
2175 3854 2385 3915 Castro
2431 3873 2588 3913 novo

345 3972 442 4013 res
485 3971 605 4013 uon
652 3953 871 4030 liquet;
932 3975 1063 4014 nam
1113 3960 1312 4015 exstat
1353 3955 1516 4016 aliud
1565 3956 1839 4016 Castrum
1888 3976 2106 4017 novum
2155 3957 2212 4016 in
2261 3956 2482 4016 Piceno
2527 3962 2588 4017 et

345 4056 458 4117 hoc
515 4074 551 4114 a
596 4057 1006 4134 Marquardtio
1053 4059 1088 4117 l.
1133 4059 1168 4118 1.
1216 4060 1564 4119 coniectura
1628 4059 1863 4121 colonia
1923 4061 2137 4120 civium
2185 4061 2584 4120 Romanorum

343 4160 729 4219 existimatur.
802 4160 919 4220 Sed
966 4160 1115 4220 illud
1161 4181 1279 4221 non
1328 4168 1455 4222 erat
1501 4163 1736 4223 colonia
1783 4163 1894 4223 civ.
1939 4165 2120 4234 Rom„
2166 4162 2271 4222 sed
2319 4162 2585 4222 col..Iul.

347 4264 620 4320 Castrum
668 4280 908 4341 novum,
953 4263 1027 4322 de
1074 4282 1190 4340 qua
1238 4283 1303 4323 re
1348 4270 1554 4341 postea
1601 4265 1847 4325 dicetur.
