3166 4871
583 311 705 369 202
1573 304 1829 360 Zachcr

583 484 690 557 (sie
721 484 916 559 gehen
948 484 1040 542 ins
1072 481 1293 554 kraut).
1359 484 1544 560 Atqui
1577 503 1651 543 ea
1693 482 1973 543 frumenti
2006 502 2246 559 genera,
2291 503 2446 560 quae
2476 483 2834 543 densissima

582 592 722 646 sunt
794 585 951 645 foliis
1028 586 1439 661 calamumque
1512 590 1571 643 et
1643 587 1866 661 spicam
1942 586 2163 645 habeut
2239 602 2498 662 crassoS,
2575 585 2834 644 maxime

582 689 848 763 robigine
906 688 1124 763 corripi
1179 688 1418 763 saepius
1478 688 1605 764 ipse
1651 686 2114 765 Theophrastus
2159 687 2445 746 affirmat:
2508 705 2556 745 c.
2601 687 2679 762 pl.
2724 688 2834 763 111,

583 784 683 867 22,
735 790 758 846 1
813 780 894 847 τὰ
937 779 1024 867 μὴ
1070 778 1611 867 ἐρυσιβούμινα·’
1640 786 1852 846 ταῦτα
1897 784 1964 846 δὲ
2014 779 2098 846 τὰ
2127 782 2434 866 {mmm}
2465 786 2564 867 τῷ
2595 778 2838 866 στάχυϊ

582 888 694 950 καὶ
749 882 837 968 μὴ
896 876 1090 968 ὀρθά.
1180 881 1300 949 Διὰ
1361 888 1567 949 τοῦτο
1628 887 1696 949 δὲ
1754 885 1867 948 καὶ
1926 882 2004 951 τὸ
2067 880 2465 949 ἐπικύπτειν
2510 885 2834 970 συμφέρει

583 986 705 1053 τὸν
763 984 1014 1072 στάχυν
1070 978 1256 1062 ὅπως
1311 978 1607 1070 ἀπορρέῃ
1663 987 1771 1051 καὶ
1833 984 1921 1070 μὴ
1977 986 2217 1071 ἐμμένῃ
2278 983 2355 1051 τὸ
2406 978 2623 1075 ὕδωρ
2630 986 2741 1050 καὶ
2790 980 2832 1071 ἡ

584 1085 841 1172 δράσας’.
930 1079 1377 1155 Ἑπικλίνουσι
1437 1088 1508 1153 δὲ
1568 1085 1635 1153 οἱ
1688 1088 1932 1172 μακροὶ
1988 1084 2260 1173 στάχυες
2315 1092 2578 1172 μᾶλλον
2633 1111 2697 1153 οι
2758 1089 2831 1152 dt

582 1196 857 1268 πλατεῖς
886 1191 995 1254 καὶ
1029 1197 1289 1275 βραχεῖς
1321 1181 1701 1275 ὀρθότεροι,
1747 1182 1831 1255 δί
1863 1182 1900 1255 ὃ
1941 1191 2054 1254 καὶ
2100 1189 2458 1275 ερυσιβουι
2462 1214 2569 1254 ται
2617 1193 2833 1254 ταῦτα

586 1289 1118 1377 διυγραινόμενα.
1225 1292 1356 1357 Καὶ
1423 1315 1522 1356 (vn
1590 1318 1627 1355 o
1696 1288 1937 1375 στάχυς
2003 1282 2375 1377 ἀπήρτηται
2441 1289 2622 1356 πολὺ
2691 1295 2834 1356 τῶι

584 1391 898 1476 φύλλων·
961 1394 1034 1458 ἐν
1092 1391 1214 1479 γὰρ
1275 1406 1418 1470 τοῖς
1476 1389 1765 1475 φύλλοις
1823 1392 2079 1479 ἐμμένει
2136 1397 2398 1477 μᾶλλον
2456 1389 2493 1480 ἱ]
2552 1388 2835 1512 ἶγρότης

585 1489 758 1562 ὥστε
821 1498 1110 1582 πλησίον
1171 1497 1294 1579 μὲν
1359 1490 1555 1573 ὄντος
1623 1487 1830 1572 εὐθὺς
1894 1489 2205 1576 ἅπτεται,
2271 1493 2510 1582 πόρρω
2575 1498 2641 1561 δὲ
2708 1519 2792 1560 οι
2792 1519 2834 1580 χ

585 1596 852 1684 ὁμοίως.
944 1604 1162 1681 Cf.1v‚
1210 1603 1299 1681 14,
1353 1603 1375 1662 1
1430 1610 1490 1665 et
1535 1606 1611 1664 de
1656 1605 1933 1665 foliorum
1981 1604 2355 1666 multitudine
2401 1602 2441 1661 2
2474 1611 2534 1665 et
2564 1600 2620 1665 3.
2704 1605 2830 1664 Iam

584 1712 634 1770 si
694 1728 826 1768 cum
887 1708 979 1767 his
1039 1706 1312 1766 conferas
1372 1726 1530 1784 quae
1575 1708 1909 1782 Hesychius
1968 1709 2077 1767 ait:
2144 1694 2391 1785 ἃδροῦς
2445 1696 2734 1785 στάχυας
2788 1725 2828 1786 η

585 1800 853 1889 καρπὸν
899 1803 1368 1889 φέρουσαν-
1415 1797 1664 1897 ἁδρυυς
1726 1794 2058 1887 αστάχυας
2102 1798 2370 1887 ἔχουσα,
2424 1808 2750 1886 intelligas,
2796 1830 2832 1869 a

584 1913 1004 1990 Theophrasto
1035 1912 1354 1988 significari
1401 1916 1724 1989 segetem
1774 1912 2293 1989 luxuriantem,
2339 1911 2497 1987 quod
2533 1917 2832 1971 nostrates

585 2019 806 2076 vocant
863 2016 1052 2091 geile
1113 2019 1286 2074 saat.
1374 2014 1804 2073 Luxuriautem
1863 2018 2061 2074 autem
2116 2020 2378 2089 segetem
2433 2014 2684 2073 maxime
2730 2014 2832 2074 ob-

587 2118 819 2184 noxiam
880 2135 1008 2177 esse
1072 2116 1124 2176 ei
1175 2116 1442 2175 uredinis
1487 2116 1694 2193 generi
1743 2115 1906 2192 quod
1952 2120 2249 2175 nostrates
2307 2115 2540 2175 brand
2595 2120 2833 2192 vocant,

587 2218 891 2291 constas)
995 2220 1178 2296 Atqui
1245 2219 1370 2279 veri
1439 2217 1757 2277 admodum
1826 2217 2012 2276 simile
2078 2224 2167 2277 est
2232 2225 2291 2276 et
2356 2216 2621 2279 Graecos
2685 2237 2833 2279 voce

587 2314 942 2399 ἑρυσίβη,
1007 2324 1066 2380 et
1125 2320 1372 2380 Latinos
1427 2320 1737 2379 vocabulis
1796 2316 2008 2394 robiyo
2070 2324 2129 2379 et
2186 2320 2379 2378 uredo
2440 2319 2614 2381 ambo
2675 2322 2833 2381 mala

586 2422 977 2501 significasse,
1022 2441 1179 2500 quae
1210 2426 1508 2484 nostrates
1547 2421 1926 2500 distinguunt
1970 2425 2127 2482 rost
2173 2428 2234 2483 et
2272 2422 2499 2482 brand
2546 2430 2835 2484 vocantes

585 2524 999 2602 (terminisque
1075 2525 1273 2584 latinis
1349 2525 1780 2585 recentioribus
1855 2521 2188 2598 robiqiraem
2265 2525 2452 2604 illam,
2530 2527 2835 2585 uredinem

587 2629 740 2688 hanc
787 2628 1180 2705 appellantes.
1270 2627 1629 2704 Quanquam
1676 2645 1750 2686 ne
1784 2644 1944 2686 nuuc
1991 2626 2230 2704 quidem
2277 2611 2833 2704 omues·agricolae

588 2732 737 2791 haec
784 2730 1047 2789 uredinis
1092 2746 1320 2805 genera
1373 2727 1525 2788 bene
1586 2725 2008 2805 distinguunt).
2095 2730 2418 2806 Nunquam
2465 2731 2619 2790 enim
2667 2729 2835 2807 quod

588 2834 793 2909 sciam,
852 2837 1094 2909 praeter
1151 2824 1468 2909 ἐρυσίβην
1522 2835 1585 2890 et
1636 2829 1963 2907 robiginem
2018 2831 2181 2890 aliud
2239 2831 2368 2891 eius
2416 2831 2571 2891 modi
2616 2832 2835 2892 malum

588 2937 1101 2994 commemoratur.
1190 2931 1279 2993 cf.
1309 2932 1457 2992 Plin.
1489 2934 1561 2992 N.
1598 2933 1671 2992 H.
1702 2931 1916 3009 XVIII,
1952 2929 2053 3009 68,
2097 2927 2251 2992 275:
2298 2933 2580 3007 Plerique
2621 2935 2839 2993 dixere

587 3049 785 3096 rorem
829 3037 1091 3095 inustum
1132 3035 1262 3127 sole
1306 3033 1445 3093 acri
1491 3032 1843 3109 fruqibus
1895 3032 2266 3108 robiqinis
2310 3049 2557 3095 causam
2600 3051 2735 3095 esse
2776 3042 2836 3095 et

588 3135 1027 3198 carbunculi
1069 3135 1372 3208 vitibus,
1418 3136 1580 3209 quod
1623 3141 1912 3210 exparte
1945 3135 2172 3210 falsum
2216 3133 2493 3197 arbitror
2536 3152 2837 3197 omnem-

589 3256 722 3314 que
776 3241 1146 3298 uredinem
1196 3238 1446 3312 fre'yore
1496 3244 1723 3297 tantum
1767 3239 2078 3310 constare,
2123 3240 2249 3299 sole
2294 3241 2559 3298 innoxio.
2650 3241 2836 3299 Recte

588 3341 827 3418 quidem
873 3340 1232 3401 describitur
1275 3341 1484 3416 robigo
1530 3338 1709 3413 (rost)
1748 3340 1943 3417 Orph:
1990 3341 2114 3401 litii.
2161 3360 2218 3402 v,
2264 3337 2363 3419 91,
2407 3361 2463 3419 p.
2509 3336 2665 3400 340:
2719 3335 2835 3398 καὶ

589 3435 898 3520 αἰθερὶην
928 3436 1262 3521 ἐρυσίβην,
1292 3429 1440 3500 ‘Ure
1477 3431 1997 3520 και-οὐρανόθεν
2026 3439 2346 3522 πταμένη,
2376 3437 2535 3502 ποτὶ
2565 3434 2836 3521 καρπὸν

589 3534 862 3627 ἐρυθρὰ,
905 3528 1090 3620 ,Ἀμφὶ
1149 3538 1305 3621 περὶ
1369 3534 1721 3621 σταχύεσσι
1780 3534 2282 3626 περισμύχουσα
2343 3535 2664 3625 κάθηται,
2725 3546 2833 3606 sed

590 3646 799 3705 mirum
847 3650 962 3722 est,
1030 3647 1094 3704 et
1147 3647 1261 3705 hoc
1319 3647 1449 3705 loco
1509 3650 1569 3706 et
1628 3646 1786 3724 apud
1844 3645 2149 3724 Theophr.
2208 3646 2282 3707 de
2342 3647 2542 3708 fructu
2598 3652 2833 3709 tantum

589 3748 858 3824 robigine
918 3750 1146 3808 tentato
1208 3765 1342 3807 esse
1402 3767 1761 3825 sermonem,
1831 3767 2013 3826 quum
2076 3769 2146 3810 eo
2210 3750 2480 3826 robigine
2543 3750 2643 3827 qni
2709 3756 2839 3810 rost
2926 3829 2933 3834 ί

587 3854 865 3928 vocatur,
932 3849 1074 3911 folia
1133 3852 1386 3910 maxime
1451 3859 1512 3911 et
1572 3851 1782 3911 calami
1846 3857 2233 3929 occupentur.
2342 3849 2738 3927 Quamobrem
2790 3869 2836 3912 a

587 3951 1006 4029 Theophrasto
1045 3953 1302 4030 intelligi
1331 3958 1478 4036 puto
1524 3953 1779 4030 brand,
1825 3956 2073 4032 eiusque
2103 3955 2400 4015 sententia
2430 3955 2567 4016 mihi
2598 3953 2835 4015 videtur

789 4187 837 4246 ⁰)
873 4184 955 4237 ne
994 4181 1147 4237 hisce
1183 4184 1353 4237 rebus
1389 4181 1520 4236 mini
1558 4182 1717 4237 uouit
1752 4183 1969 4238 liberali
2007 4182 2241 4238 consino
2268 4145 2358 4237 ἰιιι
2396 4184 2500 4239 viri
2540 4183 2832 4238 clarissimi

589 4269 718 4324 Iulii
754 4267 978 4334 Kiihu,
1016 4267 1385 4335 agriculturae
1421 4269 1712 4322 doctorum
1751 4270 1847 4336 qui
1886 4284 2031 4323 nuuc
2066 4274 2197 4323 sunt
2231 4267 2396 4337 longe
2433 4267 2791 4323 celeberrimi.
