3166 4871
533 262 649 322 140

695 434 786 492 Ita
843 432 1027 510 igitur
1083 432 1233 491 haec
1277 432 1594 509 descriptio
1643 440 1732 493 cst
1778 435 2078 505 instituta,
2136 440 2202 496 nt
2253 437 2311 495 in
2361 437 2491 496 aliis
2537 436 2767 497 itineris

525 534 905 596 describendi
951 534 1310 594 stationibus
1354 537 1705 597 commorari
1752 538 2025 597 consulto
2061 537 2454 613 Clytemestra
2492 539 2768 600 videatur

524 640 672 699 alias
718 638 973 697 celerius
1004 643 1336 714 percurrat.

696 742 818 800 lam
864 741 922 799 iu
968 739 1369 817 descriptione
1419 741 1695 802 funestae
1741 761 1863 819 qua
1891 740 2260 803 Graecorum
2306 762 2491 803 naves
2538 745 2766 820 plerae-

524 863 641 920 que
686 844 996 921 perierunt
1039 844 1411 919 tempestatis
1454 843 1515 903 in
1556 845 1702 903 mari
1733 844 2056 905 saevientis
2086 847 2457 906 tristissimus
2487 854 2766 922 aspectus

524 947 708 1006 totius
768 944 1152 1016 calamitatis,
1213 946 1318 1021 qui
1374 944 1530 1006 idem
1597 946 1860 1006 animum
1929 948 2229 1025 loquentis
2288 949 2602 1024 praeconis
2668 950 2766 1008 vel

529 1049 780 1108 maxime
829 1052 1179 1118 commovet,
1223 1048 1527 1124 praesenti
1571 1047 1840 1109 adhibito
1885 1050 2076 1110 oculis
2121 1050 2425 1110 subicitur.

1032 1141 1175 1208 ἐπεὶ
1222 1134 1281 1208 δ’
1299 1134 1556 1227 ἀνῆλθε
1601 1141 1913 1229 λαμπρὸν
1958 1139 2157 1231 ἡλίου
2202 1142 2373 1228 φαὸς

525 1275 578 1315 v.
625 1257 765 1317 659.
1033 1239 1338 1332 ὁρῶμεν
1382 1236 1653 1312 ἀνθοῦν
1701 1248 1993 1331 πέλαγος
2036 1247 2322 1334 Αἰγαῖον
2368 1261 2648 1332 νεκροῖς.

697 1357 786 1416 Ex
829 1354 1168 1415 incredibili
1212 1363 1409 1415 autem
1472 1357 1722 1416 affectus
1782 1358 2081 1433 gravitate
2126 1358 2432 1436 profluunt
2483 1377 2554 1418 ea
2598 1377 2765 1435 prae·

524 1461 745 1530 sentia,
809 1458 1026 1534 quibus
1088 1458 1486 1535 Clytemestra
1547 1458 1672 1519 odii
1729 1460 2222 1537 crudelitatisque
2281 1462 2461 1539 plena
2523 1461 2763 1521 caedem

522 1562 988 1638 Agamemnonis
1035 1580 1071 1619 a
1115 1579 1179 1620 se
1223 1565 1630 1637 perpetratam
1677 1563 1939 1638 superbe
1984 1563 2322 1640 profitetur:

522 1685 579 1724 v.
631 1667 809 1725 1383.
1029 1656 1543 1740 περιστιχίζω
1585 1659 1895 1723 πλοῦτον
1941 1654 2217 1742 αἵματος
2262 1654 2499 1736 κακόν,
2544 1695 2628 1705 —-

523 1787 578 1827 v.
629 1770 810 1828 1384.
1031 1758 1239 1824 παίω
1285 1758 1360 1823 δέ
1403 1781 1512 1822 νιν
1557 1759 1656 1836 δίς

521 1889 579 1929 v.
628 1872 809 1931 1385.
1032 1861 1267 1946 τρίτην
1310 1859 1792 1946 ἐπενδίδωμι

523 1991 576 2031 v.
628 1974 809 2033 1388.
1035 1955 1217 2028 οὕτω
1263 1959 1388 2028 τὸν
1432 1956 1646 2028 αὑτοῦ
1691 1960 1918 2049 θυμὸν
1964 1955 2335 2051 ὁρμαίνει
2378 1957 2629 2045 πεσών,

1033 2058 1432 2149 κάκφυσιῶν
1473 2057 1700 2149 ὀξεῖαν
1745 2064 2020 2152 αἵματος
2062 2064 2324 2154 σφαγήν

522 2197 577 2237 v.
626 2180 804 2239 1390.
1030 2165 1302 2249 βάλλει
1344 2159 1411 2253 μ’
1434 2168 1674 2255 ἐρεμνῇ
1716 2163 1973 2254 ψακάδι
2017 2175 2286 2253 φοινιᾶς
2331 2166 2578 2255 δρόσου
2621 2208 2709 2219 —

608 2281 934 2341 orationem
979 2296 1125 2340 vero
1168 2280 1255 2339 ita
1299 2278 1635 2339 concludit:

521 2402 574 2443 v.
626 2385 806 2445 1397.
1033 2374 1334 2440 τοσῶνδε
1379 2367 1659 2460 κρατῆρ’
1704 2373 1779 2441 ἐν
1825 2371 2054 2460 δόμοις
2098 2376 2332 2442 κακῶν
2376 2367 2489 2441 ὅδε

1029 2473 1289 2561 πλήσας
1334 2468 1593 2562 α’ραίων
1637 2469 1846 2555 αὐτὸς
1889 2469 2193 2544 ἐκπίνει
2234 2470 2485 2563 μολών.

689 2589 785 2648 Ab
863 2588 1018 2648 omni
1098 2587 1407 2646 oculorum
1485 2587 1844 2664 auriumque
1914 2587 2347 2665 approbatione
2406 2592 2527 2647 tam
2585 2587 2764 2648 foede

521 2689 742 2749 factum
805 2689 1128 2749 abhorrere
1174 2691 1643 2748 consentaneum
1690 2692 1795 2748 est.
1856 2719 1941 2728 —
1997 2690 2279 2750 Attamen
2340 2692 2530 2750 omnis
2587 2689 2767 2750 huius

519 2792 799 2854 facinoris
860 2792 1151 2853 atrocitas
1209 2790 1562 2851 illustranda
1606 2796 1666 2851 et
1711 2792 1904 2852 oculis
1948 2792 2298 2853 subicienda
2336 2797 2483 2853 erat.
2569 2793 2764 2853 Histo-

520 2896 707 2956 ricum
785 2912 1073 2973 praesens
1147 2895 1452 2970 totiusque
1512 2910 1731 2954 scenae
1807 2896 1966 2963 (nam
2034 2895 2436 2971 eccyclemate
2495 2894 2762 2955 adhibito

520 3016 777 3074 corpora
807 2998 1226 3074 Agamemonis
1271 3002 1334 3057 et
1372 2994 1762 3067 Cassandrae,
1795 2996 2011 3073 quibus
2042 2996 2453 3074 Clytemestra,
2500 2998 2763 3057 mulieris

522 3104 883 3178 monstrum,
941 3100 1143 3160 adstat
1205 3098 1466 3177 furiosa,
1525 3100 1587 3158 in
1646 3116 1829 3160 scena
1889 3097 2369 3177 conspiciuntur)
2432 3103 2762 3178 apparatus

520 3203 822 3279 efficiunt,
882 3208 948 3262 ut
1009 3201 1154 3263 nihil
1212 3202 1328 3261 iam
1389 3201 1761 3262 desideretur
1817 3201 1895 3261 ad
1954 3202 2043 3262 rei
2090 3220 2376 3263 summam
2433 3202 2762 3280 perspicui-

517 3310 715 3365 tatem.

689 3407 905 3483 Neque
967 3408 1159 3466 minor
1202 3406 1294 3465 vis
1354 3407 1510 3465 inest
1575 3407 1635 3465 in
1711 3406 2113 3483 descriptione
2193 3406 2533 3483 Thyesteae
2600 3407 2760 3467 illius

518 3527 735 3580 cenae,
782 3527 903 3585 qua
945 3509 1272 3586 Aegisthus
1316 3507 1747 3584 turpitudinem
1794 3525 1962 3568 suam
2008 3525 2299 3569 excusare
2340 3507 2559 3570 studet.
2643 3511 2761 3570 De·

517 3611 643 3670 dita
705 3629 891 3688 opera
935 3617 1335 3671 commoratur
1380 3610 1439 3669 in
1484 3611 1591 3688 iis,
1650 3629 1806 3687 quae
1860 3609 1937 3669 ad
1983 3610 2264 3671 facinoris
2307 3609 2653 3671 foeditatem
2700 3616 2760 3671 et

516 3712 865 3773 iniustitiam
929 3711 1312 3790 aperiendam
1389 3713 1707 3789 plurimum
1783 3714 1988 3773 valere
2059 3713 2372 3791 videntur,
2447 3719 2514 3774 ut
2572 3715 2757 3775 iustas

517 3813 597 3889 (v.
647 3812 835 3886 1604)
883 3833 948 3875 se
993 3832 1220 3892 poenas
1265 3815 1338 3874 ab
1384 3818 1836 3891 Agamemnone
1881 3816 2229 3892 repetivisse
2274 3815 2656 3878 demonstret.

1024 3916 1062 3974 ὁ
1109 3901 1168 3975 δ’
1191 3902 1418 3975 αυτῶν
1460 3900 1684 3976 αυτίκ’
1731 3901 1971 3997 αγνοίᾳ
2016 3903 2248 3991 λαβῶν

515 4039 572 4080 v.
621 4023 803 4082 1596.
1031 4008 1253 4077 ἔσθει
1297 4003 1511 4098 βορὰν
1556 4032 1861 4091 ασωτων,
1909 4002 2002 4090 ῶς
2047 4006 2228 4103 ὁρᾷς,
2272 4013 2463 4098 γένει.

1025 4105 1286 4179 κᾶπειτ’
1333 4105 1651 4198 ἐπιγνοὺς
1693 4113 1897 4201 ἔργον
1941 4106 2026 4180 ου’
2073 4115 2423 4181 καταίσιον

1024 4209 1320 4303 ᾠμωξεν,
1366 4207 1745 4301 αμπίπτει
1791 4210 1850 4283 δ
1870 4208 2008 4283 απὸ
2053 4222 2399 4303 σφαγῶςη)
2446 4216 2630 4303 ἐμοῖν
