3166 4871
538 1142 709 1217 Quae
752 1161 883 1201 cum
931 1145 1014 1203 ita
1058 1145 1204 1221 sint,
1247 1146 1498 1221 primum
1547 1145 1887 1205 enarranda
1931 1145 2072 1204 mihi
2115 1148 2256 1204 sunt
2297 1163 2400 1222 ea,
2458 1163 2612 1221 quae

366 1264 564 1305 rerum
612 1246 936 1320 scriptores
981 1244 1056 1304 de
1102 1247 1351 1305 coloniis
1395 1245 1470 1304 ab
1516 1247 1794 1323 Augusto
1839 1247 1899 1305 in
1946 1247 2120 1307 ltalia
2164 1246 2440 1307 deductis
2477 1265 2611 1323 pro·

367 1347 644 1422 diderint,
691 1346 906 1406 deinde
936 1347 1236 1423 agendum
1283 1348 1358 1407 de
1404 1348 1770 1408 coloniarum
1811 1348 2124 1421 indicibus,
2169 1350 2271 1426 qui
2299 1349 2612 1409 inveniun-

367 1454 467 1509 tur
511 1451 571 1509 in
617 1450 767 1510 libro
814 1451 1183 1510 coloniarum
1224 1451 1511 1527 librisque
1549 1453 2053 1529 geographorum,
2095 1457 2219 1511 tum
2252 1451 2328 1512 de
2358 1452 2613 1512 colonia-

367 1572 499 1612 rum
581 1554 950 1630 nominibus,
1027 1572 1182 1630 quae
1245 1555 1521 1630 quaestio
1599 1553 1675 1613 ad
1757 1555 1962 1613 titulos
2029 1555 2278 1613 maxime
2365 1559 2613 1631 spectat.

372 1656 678 1714 Postremo
722 1655 897 1714 Plinii
958 1656 1214 1715 indicem
1272 1661 1516 1715 secutus
1562 1675 1720 1732 quae
1782 1655 1856 1715 de
1901 1656 2154 1734 singulis
2199 1657 2450 1717 coloniis
2495 1676 2610 1716 me·

368 1758 591 1817 moriae
636 1758 876 1833 prodita
917 1764 1074 1834 sunt,
1117 1757 1463 1836 adiungam.

1276 2039 1526 2176 Cap.
1620 2040 1693 2151 Ι.

369 2230 626 2331 Quibus
678 2231 988 2309 fontibus
1061 2230 1454 2328 disquisitio
1518 2229 1605 2309 de
1677 2230 1973 2308 coloniis
2035 2232 2125 2309 ab
2180 2230 2488 2329 Augusto
2552 2233 2616 2310 in

1047 2350 1247 2428 ltalia
1299 2349 1620 2429 deductis
1676 2351 1955 2429 nitatur.

1449 2547 1461 2561 ⁰
1518 2543 1568 2602 1.

376 2658 475 2723 De
521 2657 822 2723 coloniis
868 2658 1173 2740 Augusti
1218 2657 1391 2739 quid
1426 2544 1681 2723 {erum
1717 2657 2110 2740 scriptores
2142 2657 2619 2741 prodiderint.

546 2802 624 2861 Ut
667 2801 925 2861 indicem
971 2802 1356 2879 coloniarum,
1406 2805 1540 2860 utut
1569 2801 2028 2860 constituendus
2059 2806 2167 2872 est,
2216 2803 2391 2861 etiam
2422 2821 2622 2863 rerum

373 2903 563 2962 ordini
610 2906 967 2975 inseramus,
1028 2906 1284 2981 primum
1331 2903 1674 2982 videamus,
1738 2903 1880 2980 quid
1942 2922 2138 2963 rerum
2195 2905 2519 2982 scriptores
2564 2909 2625 2964 et

373 3004 447 3063 de
491 3005 772 3083 coloniis,
835 3024 989 3082 quae
1051 3005 1345 3066 deductae
1406 3011 1546 3066 sunt
1604 3024 1641 3065 a
1686 3004 1960 3065 Caesaris
2004 3024 2197 3083 usque
2242 3005 2318 3065 ad
2360 3006 2624 3084 Augusti

373 3113 635 3179 mortem,
681 3112 741 3167 et
771 3107 846 3167 de
876 3114 1164 3186 tempore,
1210 3127 1332 3185 quo
1364 3109 1479 3169 hae
1512 3108 1906 3168 deductiones
1937 3107 2132 3169 factae
2162 3114 2319 3181 sunt,
2364 3108 2622 3170 tradant.

373 3209 593 3270 Caesar
637 3210 897 3271 dictator
942 3213 1002 3272 in
1049 3212 1226 3272 Italia
1271 3212 1538 3271 colonias
1585 3229 1705 3271 non
1752 3210 2004 3271 deduxit
2047 3210 2217 3280 (CIL.
2247 3211 2317 3271 V.
2359 3230 2417 3288 p.
2450 3209 2625 3284 779);

372 3313 479 3374 sed
526 3332 597 3374 eo
642 3315 780 3374 vivo
829 3322 1155 3392 apparatus
1199 3316 1420 3393 incepti
1464 3333 1663 3392 neque
1709 3332 1842 3374 cum
1889 3319 2157 3375 mortuus
2200 3320 2390 3393 esset,
2444 3316 2624 3375 inter·
2707 3318 2710 3321 ’

373 3416 537 3475 missi
594 3422 735 3476 sunt
756 3414 815 3486 ¹).
916 3417 1131 3494 Itaque
1177 3417 1565 3493 Octavianus,
1621 3434 1754 3476 cum
1813 3417 2003 3494 patris
2057 3416 2444 3477 hereditatem
2496 3435 2625 3477 sus·

374 3519 646 3595 cepisset,
689 3524 1008 3580 veteranos
1052 3522 1452 3597 praemiorum
1500 3518 1752 3596 cupidos
1799 3519 2129 3596 permultos
2178 3520 2422 3581 invenit.
2510 3520 2626 3595 Qui

374 3639 580 3681 omnes
641 3622 712 3681 iis
772 3641 889 3682 non
937 3623 1222 3701 exceptis,
1282 3623 1386 3700 qui
1445 3624 1561 3682 iam
1621 3622 1680 3680 in
1729 3621 1981 3682 coloniis
2027 3622 2404 3699 babitabant,
2460 3622 2624 3700 apud

376 3741 510 3782 enm
569 3722 765 3783 denuo
825 3724 1124 3801 stipendia
1183 3725 1384 3784 facere
1443 3724 1833 3784 libentissime
1895 3724 2233 3784 voluerunt.
2335 3726 2414 3784 Et
2478 3725 2628 3785 baec

376 3843 561 3885 causa
620 3825 735 3886 fuit
778 3826 1071 3905 Antonio,
1132 3833 1199 3887 ut
1256 3828 1385 3887 aliis
1447 3845 1626 3904 quam
1685 3827 1991 3886 celerrime
2034 3828 2442 3903 possessiones
2485 3846 2627 3888 suas

377 3946 486 4004 per
545 3934 815 3988 senatum
877 3929 1211 3989 confirmari
1272 3930 1529 4007 iuberet,
1602 3929 1747 3989 alios
1805 3928 2012 3990 fratris
2069 3929 2139 3989 L.
2184 3930 2435 3990 Antonii
2494 3930 2628 4008 lege

377 4032 616 4108 agraria
645 4031 756 4092 sibi
786 4033 1163 4094 consciscere
1205 4032 1493 4094 studeret.
1507 4027 1556 4105 2)
1645 4031 1782 4106 Qua
1823 4032 1955 4109 lege
2004 4033 2162 4094 inter
2205 4031 2350 4093 Idus
2381 4034 2630 4094 Martios

390 4149 781 4157 --——--..-—-<——-—

552 4198 592 4259 ¹)
629 4193 745 4249 Cic.
782 4195 853 4249 ad
890 4193 1015 4249 Att.
1060 4202 1129 4250 16.
1172 4202 1204 4250 6
1239 4197 1311 4249 A.
1351 4200 1398 4249 5.

549 4284 594 4346 ²)
632 4280 919 4334 Drumanu
954 4281 1039 4334 ΙΙΙ
1078 4299 1130 4349 p.
1167 4288 1280 4334 670.
