3166 4871
571 280 693 342 142
1595 272 1861 330 zacher

567 458 854 514 memorat
897 455 1073 513 Paus.
1121 449 1178 530 3,
1222 446 1323 531 24,
1370 448 1427 512 8.
1480 482 1555 493 -
1600 452 1905 513 Laurens:
1952 446 2203 530 στέμμα
2247 446 2584 527 δαφναῖον
2628 449 2820 511 Anth.

566 557 693 616 Pal.
741 552 798 634 ’2,
842 552 943 634 26,
987 559 1047 616 et
1091 542 1450 634 Ἀμαδρυὰς
1495 549 1787 635 δαφναὶη
1834 556 2033 616 Noun.
2077 557 2254 616 Dion.
2299 550 2356 632 2,
2400 549 2500 613 98.

738 653 1102 737 δειραῖος
1144 644 1367 738 (ἄκρα)
1412 658 1561 735 Lyc.

738 754 1164 832 δεκαταῖος
1224 760 1385 839 quod
1442 760 1539 822 (lie
1594 761 1825 822 decimo
1871 760 1964 839 fit,
2008 760 2238 821 dierum
2284 759 2486 820 decem
2532 761 2642 818 est.
2729 757 2819 817 Pl.

566 864 714 923 Luc.
743 862 926 924 Anth.
956 864 1118 924 Nota
1146 863 1294 923 haec
1323 863 1691 924 Graecorum
1730 864 1949 924 locutio
1996 857 2347 932 δεκαταῖος
2392 845 2539 941 ἥκει
2584 859 2817 921 decimo

567 965 663 1025 die
718 966 901 1025 venit-
986 967 1260 1042 Apparet
1321 964 1472 1026 haec
1533 984 1653 1026 non
1717 984 1793 1026 ex
1850 965 2182 1025 masculina
2238 963 2433 1025 forma
2489 962 2821 1023 numeralis

568 1067 858 1127 ordinalis
903 1068 1177 1128 derivata
1218 1085 1369 1146 esse,
1411 1068 1519 1128 sed
1551 1086 1629 1129 ex
1671 1066 1977 1145 feminina,
2021 1062 2372 1137 δεκαταῖος
2413 1083 2534 1127 non
2564 1083 2597 1125 e
2628 1057 2820 1124 δέκα·

566 1185 682 1238 τος
742 1168 850 1230 sed
923 1188 956 1230 e
1016 1159 1259 1249 δεκάτη
1317 1157 1576 1251 (ἡμέρα)
1640 1170 2040 1232 descendisse.
2145 1170 2317 1230 Multi
2377 1171 2518 1230 sunt
2576 1168 2636 1228 in
2697 1167 2822 1228 hoc

569 1289 790 1347 genere
856 1271 1091 1333 dicendi
1146 1271 1388 1333 Graeci:
1458 1303 1540 1313 —
1609 1262 2139 1343 ἑνδεκαταῖος
2200 1271 2315 1333 Th.
2372 1270 2663 1349 Hyperid.
2726 1299 2822 1310 —

567 1366 1167 1446 δυωδεκαταῖος
1229 1375 1376 1436 Hsd.
1439 1368 1977 1447 δωδεκαταῖος
2035 1374 2125 1435 Pl.
2183 1373 2411 1453 Thphr.
2470 1403 2555 1413 —
2610 1388 2820 1449 τρις-

565 1468 763 1535 καιδ.
808 1472 1319 1555 τεσσαρεσκδ.
1362 1479 1542 1557 Hipp.
1586 1507 1673 1518 —
1713 1472 2527 1546 πεντεκαιδεκαταῖος
2570 1476 2683 1538 Str.
2729 1462 2821 1514 ”—-

567 1566 1339 1650 ἑπτακαιδεκαταῖος
1381 1580 1586 1656 Thuc.
1619 1610 1705 1620 —-
1748 1564 2530 1648 ὄκτωκαιδεκαταῖος
2572 1578 2754 1654 Hipp.

738 1673 1062 1757 δέραιον
1126 1683 1344 1743 monile
1402 1684 1545 1743 Eur.
1605 1684 1754 1744 Xen.
1806 1712 1894 1723 -
1945 1674 2456 1759 περιδέραιος
2516 1668 2819 1757 (κόσμος)

567 1781 724 1841 Plut.
766 1811 853 1822 —
895 1777 1418 1863 περιδέραιον
1462 1784 1567 1845 Ar.

737 1878 1200 1964 δευτεραῖος
1242 1887 1408 1964 quod
1451 1886 1550 1948 die
1596 1888 1787 1949 altero
1831 1886 1899 1947 fit
1939 1887 2087 1948 Hdt.
2130 1886 2301 1947 Pros.
2343 1890 2448 1946 att.

738 1979 1044 2059 δίκαιος
1087 1989 1362 2051 omnibus
1404 1991 1774 2067 temporibus
1819 1991 2119 2051 usitatum.
2162 2019 2249 2031 —
2294 1972 2817 2057 αὖτοδὶκαιος

565 2089 810 2150 Aristid.
853 2073 1459 2170 ἄκριβοδὶκαιος
1504 2093 1685 2154 Arist.
1729 2076 2251 2172 ἇκροδίκαιος
2288 2090 2451 2153 Stob.
2494 2074 2815 2168 ὀρθοδί-

566 2207 788 2262 καιος
832 2193 1049 2254 Aesch.
1093 2189 1608 2269 φιλοδίκαιος
1647 2194 1833 2255 Arist.
1877 2195 2033 2255 Plut.
2062 2194 2179 2254 Dio
2224 2192 2439 2281 Qhrys.
2468 2192 2544 2251 al.
2628 2190 2815 2268 Apud

564 2293 924 2355 vetustiores
956 2297 1132 2357 huius
1163 2296 1322 2358 modi
1355 2299 1687 2374 composita
1718 2297 2001 2358 desinunt
2028 2297 2090 2357 in
2136 2288 2385 2366 -δικος.·
2432 2278 2816 2366 εὖθύδικος,

564 2384 910 2471 πάνδικος,
954 2385 1340 2476 ὑπέρδικος,
1400 2419 1557 2478 quae
1602 2400 1902 2463 vocabula
1942 2400 2017 2461 ab
2063 2398 2368 2476 Aeschylo
2416 2404 2476 2459 et
2519 2397 2815 2476 Sophocle

567 2504 855 2575 usurpata
912 2519 1042 2560 eam
1102 2503 1324 2563 habent
1383 2502 1908 2582 significationem,
1968 2503 2034 2563 uit
2092 2520 2163 2563 ea
2227 2520 2347 2562 non
2393 2519 2468 2562 ex
2514 2493 2662 2579 δίκη
2706 2499 2813 2560 sed

567 2618 642 2659 ex
701 2593 955 2673 δίκαιος
1013 2603 1286 2665 derivata
1344 2606 1674 2683 intelligas,
1734 2606 1843 2666 sed
1903 2605 2323 2667 terminatione
2387 2607 2681 2680 correpta,
2744 2605 2814 2663 ut

565 2703 779 2763 ceteris
809 2704 870 2763 in
901 2699 1117 2777 -δικος
1147 2725 1184 2766 a
1213 2701 1362 2787 δίκη
1393 2710 1492 2767 vel
1522 2696 1774 2783 δικάζω
1814 2697 2116 2782 derivatis,
2160 2692 2408 2784 ἄδικος,
2451 2689 2813 2777 ἀντίδικος,

566 2787 1020 2880 ἇποινόδικος,
1063 2798 1428 2888 βαρύδικος
1471 2810 1549 2869 al.
1592 2809 1809 2871 similia
1851 2807 2081 2870 fierent.
2168 2810 2261 2869 De
2304 2808 2419 2868 hac
2461 2807 2812 2884 composito—

568 2924 698 2966 rum
743 2908 903 2983 apud
948 2913 1183 2971 veteres
1224 2912 1602 2989 simplicitate
1646 2911 2081 2973 terminationis
2124 2930 2181 2971 v.
2225 2929 2385 2988 quae
2412 2909 2562 2971 Lob.
2605 2909 2811 2987 dispu-

564 3010 716 3070 tavit
758 3010 836 3069 ad
879 3012 1102 3088 Phryn.
1148 3032 1206 3090 p.
1238 3011 1355 3071 541
1393 3032 1525 3092 sqq.
1568 3044 1657 3055 -
1698 3008 1971 3074 δικαία
2013 3031 2123 3091 pro
2168 3008 2320 3093 δίκη
2366 3013 2543 3073 affert
2585 3012 2716 3071 ΕΜ.

740 3107 1070 3191 δομαῖος
1127 3119 1381 3177 vocatur
1424 3116 1577 3196 lapis
1621 3117 1700 3177 ad
1744 3116 1958 3177 domus
2001 3119 2361 3176 structuram
2408 3116 2587 3193 aptus
2630 3112 2813 3175 Auth.

567 3214 735 3276 Plan.
767 3213 825 3293 4,
855 3213 997 3296 279,
1042 3219 1154 3295 Ap.
1185 3219 1296 3280 Rh.
1331 3220 1383 3298 1,
1430 3217 1550 3277 757
1598 3216 1720 3300 τῆς
1764 3208 2040 3299 (Θήβης)
2085 3209 2225 3296 οἵγε
2269 3210 2429 3278 νέον
2471 3205 2811 3290 βάλλοντο
2941 3295 2961 3308 ἡ

567 3311 883 3394 δομαίους
942 3310 1208 3397 ἱέμενοι.
1294 3323 1497 3382 Nonn.
1541 3323 1718 3383 Dion.
1763 3318 1870 3400 37,
1916 3316 2026 3381 99:
2090 3314 2205 3380 καὶ
2261 3308 2482 3395 τάφον
2541 3311 2811 3377 αἰπυτέ-

572 3431 795 3496 ροιοιν
840 3405 1297 3502 ἀνεστήσαπο
1344 3419 1662 3502 δομαίοις.
1738 3424 2031 3501 Hesych:
2076 3417 2425 3501 δομαίους·
2470 3410 2815 3498 οἰκόπεδα,

569 3515 867 3598 θεμέλια.
946 3524 1122 3597 Quod
1151 3527 1253 3586 vix
1289 3531 1487 3603 potest
1529 3545 1662 3588 esse
1704 3527 1970 3605 verbale,
2011 3543 2147 3586 nam
2190 3525 2344 3603 lapis
2386 3542 2587 3601 neque
2632 3516 2813 3600 δέμει

567 3642 765 3701 neque
811 3620 1095 3705 δέμεται,
1139 3628 1247 3688 sed
1291 3627 1368 3688 ad
1412 3619 1629 3709 δομήν
1674 3629 2052 3691 necessarius
2078 3632 2204 3689 .est.
2277 3628 2491 3705 Itaque
2521 3626 2598 3687 ad
2642 3614 2814 3706 δομή

567 3744 810 3804 rerem,
883 3729 1044 3805 quod
1110 3731 1470 3792 vocabulum
1542 3750 1889 3810 quanquam
1964 3731 2210 3809 propria
2275 3729 2707 3807 significatione
2772 3747 2813 3789 a

564 3828 867 3905 Hesychio
928 3833 1059 3893 solo
1120 3834 1396 3913 affertur,
1451 3838 1652 3895 tamen
1711 3836 1772 3895 in
1819 3852 1931 3895 usu
1975 3833 2160 3895 fuisse
2203 3836 2501 3894 testantur
2543 3831 2655 3908 Ap.
2698 3830 2814 3893 Rh.

567 3927 624 4006 3,
671 3927 852 4011 1395,
906 3934 1040 3995 Nic.
1083 3936 1265 3996 Ther.
1314 3933 1460 4014 153,
1506 3933 1649 3997 259.
1704 3938 1852 4013 Lyc.
1899 3932 2041 3997 334.
2085 3931 2228 3994 597.
2272 3930 2425 4013 783,
2468 3935 2573 4011 qui
2615 3938 2813 3995 trans-

469 4107 476 4114 ·
562 4032 687 4093 lata
730 4035 1008 4096 vocabuli
1052 4037 1487 4114 significatione
1531 4063 1617 4085 =
1662 4033 1862 4117 δέμας
1905 4041 2175 4100 utuntur.

736 4129 1165 4217 δραχμαῖος
1207 4139 1461 4202 Nicand.
1507 4136 1895 4221 δραχμιαῖος
1938 4140 2062 4201 Att.
2106 4139 2252 4201 Lob.
2298 4139 2527 4215 Phryn.
2571 4135 2715 4197 544.

732 4231 840 4301 51.
932 4229 1353 4320 ἑβδομαῖος
1394 4242 1517 4304 Att.
1561 4242 1703 4305 inde
1749 4262 1786 4302 a
1829 4245 2021 4304 Thuc.
