3166 4871
567 275 690 337 238

565 448 1032 526 philosophiam,
1092 467 1270 525 quam
1333 448 1410 508 ad
1469 449 1652 507 vitam
1699 466 2017 525 moresque
2064 456 2123 508 et
2167 449 2544 525 prudentiam
2591 449 2804 508 horum

564 551 827 611 virorum
873 549 1190 609 referenda
1234 555 1375 609 sunt
1395 546 1486 621 26).
1576 551 1775 627 Atque
1821 550 1881 609 in
1920 551 2117 628 priore
2150 551 2282 610 loco
2313 568 2388 610 ne
2420 551 2533 610 hoc
2564 550 2803 627 quidem

566 653 1005 731 neglegendum
1073 657 1166 712 est
1235 654 1523 715 Fannium
1597 653 1800 713 Laelio
1868 652 2267 713 blandientem
2345 651 2565 713 induci.
2701 653 2804 713 Vel

566 758 756 834 magis
813 762 1013 816 autem
1069 775 1105 814 a
1164 774 1228 815 re
1272 756 1585 833 proposita
1629 755 1885 816 alienum
1933 755 2175 816 videtur
2217 760 2424 815 contra
2468 774 2540 816 ea
2585 755 2803 827 dicere,

565 877 719 936 quae
764 877 883 919 non
930 865 1096 918 recte
1140 858 1496 934 plerumque
1545 857 1622 917 de
1661 859 1907 933 antiquo
1947 857 2272 935 sapientiae
2313 857 2473 935 apud
2504 859 2803 918 Romanos

563 962 760 1021 studio
819 962 1029 1022 Cicero
1090 957 1479 1031 dissemitffi).
1588 960 1665 1020 Ut
1718 966 1915 1020 autem
1975 960 2318 1036 proficiscar
2377 960 2453 1020 ab
2514 960 2587 1020 iis
2639 961 2802 1036 lociS,

563 1066 666 1140 qui
728 1063 842 1123 nisi
888 1063 1319 1122 manifestiores
1367 1082 1439 1121 ac
1485 1064 1773 1121 certiores
1818 1068 2156 1131 exstarent,
2218 1063 2473 1122 fortasse
2517 1063 2802 1140 quodam·

562 1166 739 1226 modo
770 1164 1014 1225 defendi
1057 1176 1322 1241 possent,
1370 1164 1730 1224 monendum
1776 1163 2016 1224 videtur
2063 1165 2408 1225 Ciceronem
2456 1165 2618 1225 haud
2665 1184 2800 1225 raro

564 1274 623 1329 ct
686 1270 746 1328 in
812 1268 977 1327 libris
1040 1266 1358 1326 rhetoricis
1424 1266 1919 1344 philosophisque
1978 1268 2141 1326 etin
2201 1268 2474 1344 epistulis
2531 1267 2801 1344 dialogos

561 1389 703 1431 suos
764 1390 897 1429 cum
943 1370 1307 1429 Graecorum
1367 1369 1639 1446 inprimis
1684 1370 1952 1429 Platonis
2008 1368 2260 1445 dialogis
2304 1371 2387 1429 ita
2430 1389 2799 1447 comparare,

562 1480 629 1533 ut
687 1492 763 1532 ne
825 1491 942 1532 uno
1005 1471 1242 1548 quidem
1291 1470 1474 1531 verbo
1520 1471 1817 1548 significet
1862 1471 2012 1531 bene
2057 1490 2123 1532 se
2167 1472 2350 1549 scire,
2403 1478 2692 1550 quantum
2738 1474 2798 1532 hi

562 1576 674 1634 illis
732 1578 1039 1652 praestent
1058 1570 1154 1645 28).
1240 1573 1517 1652 Accedit,
1574 1573 1736 1650 quod
1798 1594 1917 1634 non
1979 1575 2164 1633 semel
2210 1574 2573 1635 contendere
2619 1574 2801 1635 audet

562 1696 626 1738 se
670 1677 730 1737 id
775 1678 1149 1753 effecturum,
1193 1681 1260 1736 ut
1303 1677 1582 1736 Romanis
1620 1677 1744 1753 jam
1790 1696 1910 1736 non
1955 1694 2106 1752 opus
2152 1678 2270 1735 sint
2315 1676 2677 1737 Graecorum
2726 1677 2799 1735 de

559 1779 940 1856 philosophia
970 1779 1211 1854 scripta.
1283 1778 1439 1837 Nam
1471 1779 1529 1837 in
1561 1778 1920 1839 Tusculanis
1952 1778 2190 1855 quidem
2238 1780 2319 1855 (2,
2350 1777 2413 1851 5)
2445 1779 2799 1838 adhortatur

559 1883 766 1959 populi
812 1882 905 1941 sui
949 1883 1111 1942 viros
1156 1881 1382 1952 doctos,
1427 1886 1493 1941 ut
1534 1881 1951 1958 philosophiae
1997 1899 2240 1959 quoquc
2271 1882 2518 1957 gloriam
2551 1879 2799 1941 Graecis

560 1985 848 2061 eripiant,
909 1989 970 2044 et
1025 1984 1323 2060 extemplo
1369 1976 1534 2043 addit
1587 1981 1750 2056 (ibid.
1783 1982 1846 2055 6)
1902 1984 2015 2043 hoc
2062 2002 2195 2043 cum
2240 1984 2463 2044 factum
2508 1984 2610 2054 sit,
2670 1988 2795 2044 tum

560 2105 634 2146 ne
677 2086 1056 2147 bibliothecis
1101 2085 1340 2163 quidem
1377 2086 1621 2146 Graecis
1644 2086 1946 2146 Romanos
1991 2087 2286 2149 carituros
2333 2105 2483 2164 esse,
2526 2087 2586 2145 in
2631 2086 2797 2145 libris

560 2194 756 2250 autem
818 2188 893 2248 de
952 2188 1316 2248 divinatione
1377 2188 1577 2264 paullo
1636 2194 1772 2265 post
1825 2186 2000 2247 editis
2049 2188 2176 2264 jam
2221 2189 2368 2249 satis
2410 2194 2615 2265 aperto
2660 2207 2797 2264 pro-

557 2291 762 2352 fitetur
806 2308 871 2350 se
917 2291 1112 2367 ipsum
1159 2308 1293 2350 cum
1340 2308 1502 2361 esse,
1566 2292 1670 2367 qui
1732 2291 1845 2349 boc
1892 2308 2131 2367 quoque
2176 2292 2254 2349 sit
2296 2294 2680 2350 assecuturus
2701 2287 2798 2360 ⁴²⁹).

555 2392 786 2453 Dixerit
836 2392 1135 2470 quispiam
1194 2392 1540 2453 Ciceronem
1586 2391 1741 2452 banc
1799 2392 1987 2452 solam
2031 2391 2141 2452 sibi
2184 2393 2507 2469 sumpsisse
2558 2391 2794 2453 laudem

552 2494 859 2555 vertendis
888 2494 1136 2555 Graecis
1182 2494 1550 2571 philosophis
1597 2512 1663 2554 se
1707 2494 2048 2571 perfecisse,
2096 2502 2162 2555 ut
2204 2495 2314 2555 hos
2344 2496 2509 2573 ipsos
2539 2495 2793 2555 Romani

544 2598 671 2675 jam
730 2616 850 2656 non
911 2595 1339 2655 desiderarent.
1446 2595 1527 2654 At
1587 2597 1718 2671 ejus
1763 2595 1950 2672 ipsius
1993 2596 2191 2655 verbis
2236 2596 2654 2672 prohibemur,
2722 2617 2797 2656 ne

549 2700 634 2758 ita
693 2698 827 2757 illos
887 2699 1050 2758 locos
1106 2696 1588 2773 interpretemur.
1686 2697 1840 2756 Nam
1902 2697 1955 2756 (1.
2013 2699 2109 2757 off.
2160 2702 2213 2774 1,
2276 2701 2313 2756 3
2375 2717 2494 2758 non
2559 2698 2798 2758 dubitat

551 2800 947 2862 contendere:
1020 2801 1134 2878 „Et
1200 2800 1260 2859 id
1328 2800 1565 2877 quidem
1635 2800 1853 2860 nemini
1920 2800 2097 2860 video
2162 2799 2527 2860 Graecorum
2594 2801 2794 2860 adhuc

551 2904 906 2982 contigisse,
953 2909 1019 2963 ut
1061 2903 1217 2963 idem
1264 2909 1522 2980 utroque
1567 2904 1628 2962 in
1673 2921 1894 2978 genere
1939 2903 2274 2963 elaboraret
2316 2909 2794 2981 sequereturque

550 3013 610 3067 ct
651 3006 800 3067 illud
844 3005 1086 3066 forense
1132 3005 1371 3065 dicendi
1417 3011 1478 3065 et
1520 3005 1636 3064 hoc
1683 3006 1946 3081 quietum
1992 3006 2338 3081 disputandi
2383 3009 2624 3082 genus.‘·

721 3127 800 3186 Et
867 3144 1224 3202 quamquam
1312 3125 1507 3185 statim
1578 3124 1743 3183 addit
1814 3125 2114 3186 Demetrio
2185 3126 2478 3185 Phalereo
2544 3127 2793 3185 sortasse

552 3227 800 3288 eandem
847 3246 917 3286 ac
963 3227 1070 3286 sibi
1119 3228 1228 3304 ipsi
1275 3226 1510 3286 laudem
1558 3244 1692 3287 esse
1737 3227 2208 3306 concedendam,
2252 3235 2449 3288 tamen
2496 3235 2789 3288 oratorem
2854 3229 2861 3238 ’

550 3348 760 3406 parum
793 3329 1204 3388 vehementem
1239 3348 1373 3388 enm
1405 3330 1691 3405 appellat,
1720 3330 2028 3389 Platonem
2060 3336 2277 3407 autem,
2318 3331 2792 3406 Demosthenem,

550 3429 957 3501 Aristotelem,
1033 3431 1352 3491 isocratem
1433 3431 1697 3509 potuisse
1772 3431 1927 3491 idem
1989 3433 2273 3509 consequi
2333 3434 2417 3492 ita
2476 3432 2793 3493 confitetur

720 3681 788 3744 ²⁰)
822 3678 895 3731 cf.
919 3679 1140 3747 quaein
1166 3678 1473 3747 posteriore
1500 3678 1624 3732 loco
1650 3687 1990 3747 sequuntur:
2032 3679 2214 3750 Hujus
2250 3680 2395 3735 enim
2440 3678 2601 3746 sacta,
2641 3680 2786 3733 illius

547 3761 699 3818 «licta
743 3762 1054 3818 laudantur.

721 3869 790 3933 ²⁷)
823 3863 895 3920 cf.
933 3865 1100 3920 Tusc.
1127 3871 1175 3934 4,
1203 3871 1262 3935 53
1298 3866 1351 3920 d.
1388 3882 1466 3919 or.
1492 3871 1541 3933 2,
1575 3871 1667 3920 ¹54
1702 3869 1965 3934 (Catulus
2001 3869 2289 3937 loquitur).

725 3971 794 4035 2⁸)
827 3967 898 4022 01.
935 3969 989 4022 d.
1024 3985 1103 4023 or.
1130 3975 1178 4037 3,
1210 3973 1297 4035 153
1333 3968 1403 4022 au
1440 3967 1804 4037 Att.-1,1u,2
1842 3979 1899 4025 et
1934 3979 1993 4039 3;
2029 3970 2585 4039 ibiu.13‚1s,3-5.

715 4072 785 4138 ²⁹)
818 4068 889 4125 cf.
929 4070 984 4124 d.
1019 4070 1131 4125 div.
1169 4073 1216 4138 2,
1255 4075 1284 4123 5
1322 4079 1381 4124 ct
1415 4078 1471 4124 6:
1509 4070 1865 4140 Hagnificum
1904 4073 2043 4126 illud
2082 4072 2243 4127 ctiam
2282 4073 2656 4143 Romanisque
2693 4073 2786 4126 ho·

545 4155 785 4208 minibus
832 4156 1159 4222 gloriosum,
1214 4161 1277 4208 ut
1330 4155 1561 4209 Graccis
1617 4157 1686 4210 de
1740 4156 2089 4226 philosophia
2144 4155 2345 4210 litteris
2399 4174 2510 4210 non
2567 4167 2785 4224 egeant.

545 4241 708 4305 Quod
741 4256 1008 4309 assequar
1043 4240 1313 4309 profecte,
1350 4241 1395 4295 si
1433 4241 1693 4296 instituta
1727 4244 2036 4311 pertecew.
