3166 4871
570 289 652 357 90
1571 288 1701 347 Zac
1719 286 1837 347 her

569 475 755 546 certa,
801 470 1039 531 tandem
1087 489 1158 531 eo
1206 489 1398 548 usqne
1443 471 1735 532 audaciae
1778 470 2070 548 procedit,
2117 473 2183 529 ut
2227 488 2346 530 non
2392 470 2585 530 solum
2617 487 2821 529 rernm

572 592 999 651 corporearum
1046 574 1301 651 nomina,
1351 573 1456 634 sed
1505 573 1684 634 etiam
1730 573 1766 643 ὅ
1796 570 1835 630 6
1880 572 2179 651 permulta
2222 590 2428 633 eorum
2474 590 2630 650 quae
2674 591 2819 649 qua-

574 676 772 736 litates
817 676 1163 754 exprimunt
1206 676 1409 753 (plane
1455 675 1707 737 diversis
1750 675 1906 736 inter
1952 692 2019 735 se
2061 675 2162 735 illa
2202 674 2392 735 modis
2419 673 2711 752 formata),
2753 680 2823 733 ut

568 797 724 855 quae
769 778 886 839 diei
936 779 1251 855 noctisque
1296 783 1496 856 partes
1539 778 1897 857 significant,
1942 762 2301 857 ἀμφιλύκη,
2345 765 2498 855 ἑῴα,
2542 766 2819 856 ἑωθίνη,

568 865 849 960 όρθρία,
891 874 1293 961 μεσημβρία,
1351 865 1678 959 ὄρφναία,
1734 886 2006 958 tempora
2064 881 2208 941 anni
2253 873 2485 958 θερεία
2526 874 2820 958 χειμερία

567 971 802 1062 ὡραία,
823 984 979 1044 coeli
1012 984 1333 1060 qualitates
1364 977 1621 1062 αἰθρία,
1650 978 2002 1063 γαληναία,
2034 966 2243 1054 εὐδία,
2275 977 2576 1063 νηνεμία,
2606 975 2819 1056 νοτία,

567 1090 797 1146 aetates
851 1085 1142 1146 humanas
1193 1080 1438 1166 νηπίη,
1505 1080 1832 1166 νηπυτίη,
1893 1080 2116 1166 νεοίη,
2182 1080 2488 1156 παιδεία,
2550 1068 2819 1164 ἠνορέη,

568 1173 862 1268 ἀνδρεία,
907 1188 1167 1265 denique
1213 1189 1412 1249 omnia
1456 1188 1587 1249 scre
1632 1187 1973 1249 abstractae
2020 1189 2282 1250 notionis
2328 1187 2615 1248 feminina
2645 1189 2704 1247 in
2749 1204 2819 1245 ια

569 1291 907 1353 desinentia
955 1292 1099 1352 nihil
1144 1309 1275 1356 esse
1307 1291 1562 1352 affirmet
1593 1291 1707 1352 nisi
1750 1291 2036 1352 feminina
2065 1292 2517 1370 adjectivorum.
2603 1291 2819 1367 Neque

568 1399 763 1454 tamen
811 1393 1046 1454 fortiter
1090 1413 1215 1454 rem
1262 1413 1428 1455 suam
1474 1394 1743 1472 peregit,
1787 1394 1891 1454 scd
1939 1395 2128 1472 magis
2172 1393 2483 1470 magisque
2529 1394 2591 1452 in
2635 1392 2819 1452 dubio

569 1502 750 1573 atque
797 1498 1030 1557 incerto
1090 1516 1157 1557 se
1217 1496 1499 1557 incedere
1557 1496 1898 1573 intelligens
1954 1479 2196 1556 tandein
2258 1495 2559 1574 subsistit,
2618 1499 2820 1555 cetera

567 1600 886 1660 abstractis
916 1600 1288 1676 relinquens,
1330 1599 1438 1659 sed
1468 1599 1739 1659 subsistit
1768 1616 1841 1659 eo
1883 1600 2035 1677 loco,
2076 1600 2179 1676 qui
2212 1617 2328 1658 non
2361 1600 2527 1660 certo
2558 1598 2817 1675 quodam

569 1702 752 1761 limite
799 1704 1103 1779 signatur,
1159 1701 1267 1761 sed
1326 1701 1501 1762 valde
1557 1702 1817 1762 obscuro
1861 1700 2117 1761 confinio
2164 1720 2283 1762 non
2328 1707 2447 1761 tam
2494 1719 2815 1779 regnorum

569 1823 747 1882 quam
794 1824 1077 1882 agrorum
1123 1804 1388 1866 eiusdem
1435 1805 1605 1882 regui
1649 1805 2049 1884 propriorum,
2092 1808 2159 1863 ut
2216 1822 2289 1863 ca
2330 1804 2461 1882 ipsa
2498 1823 2563 1864 re
2603 1821 2667 1864 se
2689 1804 2817 1882 jam

566 1908 626 1967 in
672 1908 868 1968 alieno
914 1926 1048 1968 esse
1078 1908 1382 1968 territorio
1423 1907 1794 1967 confiteatur.
1884 1906 2041 1980 Quid
2074 1908 2247 1985 enim,
2293 1906 2455 1983 quod
2486 1900 2818 1984 δαιμονία,

569 2004 926 2086 θεσπεσία,
986 1994 1216 2084 ὀλβία,
1277 1993 1572 2088 μακαρία
1635 2009 1711 2068 al.
1769 2009 2072 2086 adjectiva
2130 2013 2365 2083 censet,
2423 2007 2530 2069 sed
2588 2028 2647 2086 p.
2693 2004 2810 2065 351

569 2110 900 2190 „abundat,
960 2113 1181 2190 inquit,
1242 2131 1437 2172 sermo
1500 2129 1757 2188 graecus
1818 2111 2157 2172 nominibus
2217 2112 2273 2172 in
2335 2128 2404 2168 ια
2462 2110 2818 2170 exeuntibus

567 2207 846 2291 αἰσχρία,
890 2207 1207 2292 γλισχρία,
1249 2208 1499 2292 μιαρία,
1545 2208 1803 2292 πικρία,
1846 2208 2174 2286 ποικιλία,
2206 2206 2457 2293 ψυχρία
2489 2217 2623 2290 etc„
2664 2230 2819 2290 quae

569 2316 831 2376 nemini
892 2317 961 2376 in
1027 2320 1328 2376 mentem
1391 2317 1598 2376 venit
1675 2315 2015 2377 dubitare
2089 2317 2260 2394 quin
2337 2314 2819 2376 substantiva

567 2419 737 2495 sint,
794 2438 977 2496 quum
1036 2424 1111 2479 et
1168 2419 1801 2496 significationem
1866 2419 2077 2480 huius
2136 2419 2435 2497 generis
2496 2416 2820 2479 habeant

569 2539 801 2598 neque
848 2524 1147 2581 exstent
1188 2522 1564 2598 adjectiva
1624 2524 1691 2581 in
1736 2538 1881 2599 ιος,
1924 2539 2233 2599 quornm
2279 2521 2630 2582 feminina
2674 2520 2816 2580 dici

569 2623 913 2699 possint.“
1021 2625 1179 2700 Ergo
1225 2608 1456 2697 ὀλβία,
1512 2618 1846 2703 μακαρία,
1905 2611 2226 2702 ἁρμονία,
2282 2616 2639 2703 ἐλευθερία
2698 2642 2817 2682 non

575 2726 800 2787 habeut
829 2725 1004 2787 huius
1035 2728 1276 2803 generis
1319 2727 1862 2805 significationem?
1950 2728 2027 2787 Et
2072 2745 2181 2787 cur
2225 2746 2344 2786 non
2392 2727 2569 2786 etiam
2616 2726 2816 2804 adjec-

569 2828 693 2888 tiva
750 2821 1081 2906 αἵσχριος,
1143 2824 1480 2899 ποικίλιος
1538 2830 1613 2888 al.
1674 2829 1978 2906 quondam
2038 2829 2339 2890 exstitisse
2382 2833 2695 2907 putemus,
2752 2834 2820 2888 nt

568 2925 813 3005 φίλιος,
859 2923 1285 3009 ἐλευθέριοςῖ
1371 2932 1503 2991 Hac
1547 2932 1822 2992 nimirum
1867 2932 2102 2993 ratione
2148 2949 2354 2993 omnes
2384 2930 2813 3009 adJectivorum

515 3112 530 3121 θ
567 3032 1199 3111 substantivorumque
1245 3033 1393 3094 fines
1437 3035 1619 3111 plane
1665 3033 1980 3112 delentur,
2042 3040 2103 3095 et
2159 3035 2206 3094 si
2266 3034 2376 3094 sibi
2436 3033 2817 3110 constitisset,

567 3134 827 3196 debebat
883 3134 1182 3214 profiteri,
1228 3137 1429 3196 omnia
1472 3137 1851 3196 substantiva
1896 3136 2139 3214 proprie
2183 3136 2486 3213 adjectiva
2530 3152 2679 3195 esse.

736 3230 845 3297 30.
930 3237 1049 3298 Sed
1104 3236 1444 3315 videamus,
1501 3238 1803 3314 quomodo
1864 3237 2163 3299 abstracta
2219 3238 2325 3298 illa
2382 3255 2456 3298 ex
2501 3237 2816 3315 adjectivis

566 3346 698 3399 orta
757 3357 887 3399 esse
944 3341 1309 3416 comprobet.
1412 3341 1591 3414 Quod
1650 3344 1715 3401 nt
1772 3342 2109 3401 accuratius
2170 3340 2573 3417 intelligatur,
2630 3339 2814 3417 ipsius

568 3442 753 3504 verba
820 3441 1171 3501 adscribam.
1281 3443 1605 3518 Postquam
1672 3427 1985 3522 ἀνδρεία,
2048 3437 2354 3514 παιδεία,
2417 3429 2670 3520 πινυτή
2737 3442 2815 3500 al.

567 3545 849 3605 feminina
889 3543 1320 3620 adjectivorum
1368 3564 1498 3604 csse
1544 3545 1723 3623 dixit,
1781 3545 1983 3624 pergit
2035 3547 2122 3606 sic
2165 3540 2411 3623 p..360:
2456 3543 2618 3614 „Sed
2663 3542 2808 3603 illud

565 3647 818 3706 sortasse
843 3682 853 3699 ι
878 3647 1184 3725 plerisque
1244 3647 1592 3708 incredibile
1652 3653 1711 3708 ct
1772 3667 1966 3725 paene
2025 3652 2436 3725 portentosum
2497 3645 2814 3723 videbitur,

567 3751 834 3809 Graecos
877 3767 988 3826 pro
1036 3749 1203 3808 calor
1247 3737 1634 3829 (θερμότης)
1681 3749 1901 3810 dixisse
1950 3750 2143 3809 calida
2189 3745 2478 3828 (θέρμη),
2521 3767 2631 3827 pro
2676 3748 2810 3808 viri·

567 3853 703 3913 litas
735 3838 1036 3930 ’(άνόρία)
1099 3850 1283 3911 virilis
1343 3837 1688 3930 (ἀνδρεία).
1782 3854 1999 3912 Verum
2048 3858 2245 3912 tamen
2305 3852 2355 3912 si
2414 3851 2551 3911 huic
2598 3852 2812 3928 iugens

567 3955 878 4015 multitudo
925 3955 1224 4014 nominum
1273 3961 1413 4014 aute
1460 3955 1671 4015 oculos
1713 3956 1909 4031 posita
1954 3953 2152 4033 fuerit,
2197 3974 2353 4032 quae
2389 3973 2463 4015 ex
2496 3954 2810 4033 adjectivis

569 4056 726 4116 sacta
770 4062 911 4117 sunt
956 4057 1328 4129 substantiva
1377 4058 1704 4117 mutatione
1750 4057 1977 4118 formae
2036 4062 2141 4117 aut
2198 4057 2365 4117 nulla
2422 4062 2529 4118 aut
2572 4056 2812 4133 pusilla,

561 4159 609 4219 si
670 4159 825 4219 idem
889 4163 1129 4218 nostrae
1176 4160 1538 4219 vernaculae
1587 4160 1832 4237 linguae
1879 4160 2202 4220 vocabula:
2290 4160 2411 4219 die·
2443 4160 2665 4233 spitze,
2710 4159 2810 4218 die

561 4278 748 4335 engle,
793 4264 891 4319 die
929 4262 1163 4335 plane,
1211 4263 1310 4320 die
1356 4259 1572 4333 ebeno,
1622 4261 1722 4320 die
1760 4261 1989 4335 sriihe,
2044 4262 2143 4321 die
2188 4262 2414 4329 hem-e,
2474 4262 2576 4319 die
2622 4263 2808 4331 troile,
