3166 4871
1120 280 1204 335 De
1241 279 1445 334 nomin.
1481 279 1539 336 in
1573 297 1737 343 -αιος,
1808 280 1841 348 ξ
1878 282 1959 332 67.
2417 305 2422 316 ι
2542 282 2659 343 175

412 451 636 538 ἱμαῖος
667 459 1183 535 consanguineum
1214 476 1348 519 esse
1378 461 1616 518 constat
1647 448 1867 534 ἱμαλίς
1899 459 1959 516 et
1989 437 2264 570 ὶμαλὶά.(
2307 454 2395 515 cf.
2426 458 2667 531 praeter

419 561 717 622 Athenaei
777 563 976 621 locum
1030 579 1212 637 supra
1256 562 1499 622 citatum
1547 560 1845 636 Hesych.:
1893 549 2188 636 ιμαλίς
2231 543 2272 635 ἡ
2320 545 2666 634 ἐπιμύλιος

414 647 578 742 ῳδή.
646 650 689 742 ἢ
738 659 1087 740 σταφυλῆς
1131 651 1321 732 εἷόᾞος
1409 653 1705 739 ιμαλίς·
1753 649 2014 733 νόστος,
2057 650 2352 736 δύναμις,
2398 651 2675 736 ἐπικαρ-

414 759 571 838 πία,
648 753 898 844 ἡδονή,
960 749 1220 844 ἀπαρχὴ
1278 761 1419 823 τῶν
1480 757 1916 843 γιγνομένων.
2027 750 2332 839 ἱμαλιά·
2392 752 2470 819 τὸ
2528 754 2667 820 ἐπί-

413 883 663 946 μετρον
717 864 860 926 τῶν
919 851 1248 945 αλεύρων.
1337 858 1747 944 ἐπιγέινημα
1808 848 2170 943 α’λετρίδος.
2256 859 2366 922 καὶ
2431 883 2468 922 ο
2532 841 2666 924 ἀπο
2719 869 2735 883 “

414 966 563 1027 τῶν
638 954 912 1048 αχύρων
991 965 1211 1046 χνοῦς.
1318 963 1429 1025 καὶ
1512 961 1882 1044 περιουσία.
1986 957 2383 1045 ιμαλίην·
2415 983 2670 1046 ικανην.

421 1063 824 1149 ιμαλίοιο·
869 1069 1136 1130 πολλοῦ
1183 1066 1531 1146 δαψιλοῦς.
1625 1058 1980 1151 ιμάλιον·
2027 1058 2458 1145 πολυφόρον,
2510 1087 2668 1148 καρ-

418 1164 782 1252 ποφόρον,
841 1163 1180 1251 νόστιμον.
1286 1174 1488 1232 Phot.:
1548 1163 1569 1229 ἱ
1581 1188 1730 1249 μαο
1746 1166 1820 1230 ιδ
1829 1161 1942 1235 ός·
1997 1158 2039 1249 ἡ
2103 1161 2449 1248 ἐπιμύλιος
2504 1157 2667 1252 ω’δή.

435 1267 710 1353 ἱμαλιὰ
739 1264 927 1355 γὰρὴ
960 1265 1201 1355 τροφή.
1238 1270 1350 1334 καὶ
1382 1265 1465 1333 τὰ
1496 1268 1814 1353 ἐπίμετρα
1844 1271 1987 1332 τῶν
2016 1259 2341 1352 ἀλεύρων.
2388 1276 2674 1337 Cereris

421 1397 822 1457 cognomen
868 1380 1188 1440 Polemone
1230 1384 1476 1438 auctore
1514 1396 1611 1454 ap.
1642 1377 1780 1437 Ath.
1815 1374 1909 1454 10,
1940 1363 2092 1433 416':
2139 1366 2321 1456 παρὰ
2351 1367 2672 1436 Σικελιώ-

418 1498 570 1550 ταις
627 1476 831 1561 φησὶν
886 1465 1277 1561 Ἀδηφαγίας
1337 1469 1523 1556 ἱερὸν
1581 1468 1787 1550 εἶναι,
1846 1473 1958 1537 καὶ
2018 1476 2269 1549 Σιτοῦς
2328 1470 2673 1560 Δήμητρος

425 1569 708 1660 ἄγαλμα,
732 1564 815 1642 οὗ
836 1577 1130 1662 πλησίον
1154 1574 1471 1660 ἱδρῦσθαι
1495 1575 1607 1639 καὶ
1627 1568 2047 1658 Ἱμαλίδος,
2079 1570 2392 1660 καθάπερ
2415 1576 2489 1640 ἐν
2515 1579 2670 1642 Δελ-

425 1692 586 1760 φοῖς
598 1673 986 1763 ζΕρμούχου,
1026 1677 1099 1743 ἐν
1132 1679 1202 1744 δὲ
1235 1674 1502 1761 Σκώλῳ
1532 1680 1629 1762 τῷ
1661 1680 2062 1761 Βοιωτιακῷ
2090 1675 2531 1764 Μεγαλάρτου
2560 1680 2673 1744 καὶ

430 1777 940 1879 ΛΙεγαλομαζας.
986 1793 1047 1847 et
1074 1769 1216 1847 ibid.
1245 1787 1351 1862 ΙΙΙ,
1386 1783 1614 1846 109A:
1661 1769 1743 1843 ού
1772 1774 2024 1844 τούτου
2055 1765 2179 1844 οὖν
2217 1783 2341 1845 τοῦ
2386 1773 2591 1864 ἄρτου
2636 1775 2673 1847 ὁ

428 1887 558 1948 νῦν
604 1881 834 1968 καιρὸς
878 1881 961 1969 ἦν
1005 1874 1182 1947 αλλὰ
1225 1886 1366 1946 τῶν
1412 1875 1801 1967 εὑρημένων
1838 1875 1976 1945 ὑπὸ
2008 1885 2121 1967 τῆς
2154 1886 2405 1958 Σιτοῦς
2435 1888 2674 1949 καλου·

426 1985 630 2070 μένης
661 1981 1003 2071 Δήμητρος
1044 1985 1158 2049 καὶ
1203 1984 1637 2067 Σιμαλίδος
1680 1987 1886 2063 (Dind.
1916 2009 2038 2050 em.
2057 1981 2401 2068 ἱμαλίδος).
2456 1977 2675 2062 οὕτως

428 2083 555 2171 γὰρ
599 2081 640 2171 ἡ
686 2084 848 2163 θεὸς
886 2083 1073 2171 παρὰ
1104 2087 1557 2171 Συρακοσίοις
1597 2090 1883 2169 τιμᾶται,
1928 2078 2020 2162 ὡς
2049 2109 2086 2151 ο
2119 2077 2319 2162 αὐτὸς
2351 2088 2674 2172 Πολέμων

432 2187 691 2274 ἱστορεῖ
731 2189 805 2253 ἐν
850 2193 949 2273 τῷ
992 2189 1153 2274 περὶ
1194 2191 1319 2254 τοῦ
1374 2183 1703 2272 Μορύχου.
1795 2195 1988 2254 Etiam
2039 2196 2304 2255 mensis
2338 2182 2675 2273 <Ιμοὶλιος

432 2298 601 2375 apud
660 2298 1089 2376 Hierapytuios
1146 2297 1564 2357 nominabatur
1624 2297 1700 2356 GI
1743 2317 1800 2357 n.
1842 2292 2039 2374 2556,
2103 2297 2176 2356 ef.
2235 2298 2494 2376 Preller,
2551 2299 2678 2360 Pol.

433 2402 669 2478 Perieg.
690 2420 749 2478 p.
774 2397 875 2479 71,
903 2405 963 2460 et
990 2401 1299 2476 nymphe
1330 2399 1607 2460 Rhodia
1626 2384 1951 2477 Ἶμαλία,
1985 2401 2217 2461 Hefftei·
2240 2400 2430 2461 Rhod.
2453 2401 2557 2478 111,
2578 2396 2677 2460 25.

434 2505 584 2564 Cum
655 2504 818 2563 hisee
894 2503 1199 2563 vocabulis
1268 2507 1586 2578 cognatum
1647 2502 1886 2562 videtur
1923 2497 2383 2579 ·σεμιδαλίς,
2443 2489 2678 2582 ἄρτος

434 2598 975 2684 σεμιδαλίτης,
1021 2605 1120 2664 lat.
1163 2606 1391 2677 simila,
1438 2605 1754 2678 similam,
1806 2606 2018 2679 siliqo;
2061 2605 2380 2665 Binemner
2420 2607 2680 2667 teehnol.

434 2727 496 2784 p.
530 2702 642 2785 78,
675 2706 729 2764 5.
817 2708 926 2767 His
969 2708 1300 2785 perspectis
1345 2707 1473 2766 veri
1520 2704 1972 2766 dissimillimum
2019 2711 2142 2785 eet,
2187 2708 2335 2767 haee
2388 2707 2588 2768 omnia
2644 2727 2680 2767 a

432 2809 622 2869 verbo
682 2799 836 2885 ἱμᾶν
900 2810 1137 2869 trabere
1196 2808 1468 2869 deriv‘ata
1527 2825 1676 2869 esse.
1777 2808 1894 2871 Sed
1954 2828 2162 2886 parum
2223 2811 2413 2886 liquet
2469 2811 2680 2870 verilo-

434 2913 662 2989 quium.
748 2911 842 2971 Ad
889 2911 1018 2971 rad.
1059 2913 1112 2970 si
1155 2912 1419 2971 cribrare
1464 2916 1711 2971 revocat
1753 2911 1898 2971 Fick
1947 2911 2078 2988 Vgl.
2127 2912 2231 2971 Vb.
2262 2913 2338 2990 ΙΙ,
2368 2909 2509 2971 256.

611 2998 1025 3129 ἀκέραιος
1079 3031 1275 3073 merus
1350 3031 1539 3089 purus
1614 3014 1846 3089 integer
1919 3014 2061 3073 Hdtz
2131 3015 2274 3073 Eur.
2346 3032 2506 3089 pros.
2580 3019 2682 3074 att.

435 3117 516 3177 CI
549 3111 739 3193 989b3
784 3135 821 3175 a
864 3106 1087 3195 κεράω
1132 3110 1406 3194 (κεραίω
1450 3104 1857 3194 κεράννυμι).

615 3217 982 3296 λικμαῑος
1027 3219 1209 3280 Ceres
1255 3223 1502 3279 vocatur
1529 3217 1712 3277 Anth.
1742 3214 1800 3291 6,
1830 3213 1930 3295 98,
1973 3236 2130 3294 quae
2170 3217 2455 3278 frumenti
2497 3221 2694 3280 venti*

439 3321 653 3381 lationi
698 3317 822 3400 (τῷ
866 3318 1133 3402 λικμᾷν)
1176 3325 1434 3399 praeest,
1475 3320 1844 3380 ventilatrix.

615 3417 953 3499 μαδαῖος
997 3424 1265 3484 diffusus.
1308 3429 1470 3501 poet.
1513 3423 1588 3483 de
1636 3423 1803 3483 herb.
1835 3419 1933 3482 83.
1975 3441 2014 3482 a
2053 3412 2290 3501 μαδάω
2334 3424 2600 3486 diffundi.

614 3515 948 3601 μάταιος
977 3526 1009 3585 ⁴?
1038 3545 1093 3584 v.
1123 3546 1180 3604 p.
1216 3523 1352 3586 147.

616 3627 946 3706 ξυρατος
988 3632 1214 3706 tonsile,
1258 3628 1487 3706 Synna„
1529 3646 1565 3687 a
1608 3616 1851 3706 ξυράω.

615 3736 1004 3800 ποιναῑος
1046 3750 1102 3790 v.
1130 3749 1315 3807 supra
1358 3750 1415 3807 p.
1453 3727 1589 3788 154.

618 3824 1052 3909 ἐμπολαῑος
1110 3837 1363 3892 vocatur
1420 3833 1791 3910 Mercurius,
1859 3839 2256 3894 mercatorum
2331 3833 2512 3911 dene,
2582 3835 2688 3894 Ar.

442 3934 600 3995 Aeh.
630 3931 772 3993 816.
856 3935 1016 3995 Plut.
1053 3932 1230 3993 1155.
1317 3934 1563 3995 Aristid.
1609 3953 1696 3996 or.
1739 3934 1819 4013 ΙΙ,
1852 3932 1947 3994 14.
2029 3937 2198 3999 Euat.
2239 3953 2446 4013 opusc.
2477 3936 2690 4014 XXIV,

442 4034 595 4114 230,
624 4032 724 4095 22.
749 4034 793 4107 ¹)
880 4036 1058 4109 Quod
1103 4034 1303 4114 quum'
1333 4036 1411 4096 ab
1456 4024 1718 4114 ἐμπολή
1764 4038 1952 4113 possit
2009 4038 2343 4098 derivatum
2402 4055 2567 4113 esse,
2622 4042 2690 4095 ut

632 4251 674 4313 ¹)
709 4247 831 4303 Non
868 4255 1015 4304 reete
1049 4256 1231 4305 autem
1255 4248 1578 4304 Lobeekius
1605 4249 1757 4317 apud
1783 4249 1946 4319 Diog.
1976 4253 2021 4304 L
2049 4249 2202 4316 VIII,
2226 4252 2285 4300 31
2325 4243 2456 4313 (τὸν
2482 4239 2693 4315 Ἑρμῆν
