3166 4871
1036 323 1123 380 De
1159 325 1363 380 nomin.
1399 325 1458 379 in
1496 343 1663 392 -αιος,
1733 329 1767 392 s
1803 329 1852 380 8.
2480 331 2564 392 25

314 505 519 565 nentia
575 510 643 564 ut
674 488 1008 582 Ἀριδαῖος,
1045 498 1468 584 θρασυδατος
1531 504 1652 582 (ap.
1697 504 2072 566 Herodotum
2121 495 2563 585 Θρασυδήιος)

318 610 375 667 et
435 601 738 686 προναίη
805 606 1128 668 scholiasta
1187 606 1530 683 Aeschyleo
1596 607 1671 666 ad
1740 608 1910 667 Eum.
1955 604 2028 663 21
2102 611 2348 669 auctore
2417 608 2567 668 dixit

317 708 760 769 Callimachus:
800 693 886 788 χή
917 699 1211 782 Παλλὰς,
1243 703 1493 785 Δελφοί
1526 726 1635 768 νιν
1680 694 1794 769 ὅθ’
1839 699 2160 790 ἱδρύοντο
2204 705 2564 790 προναίην,

318 810 480 887 quod
527 813 809 888 quoniam
855 812 1053 872 ionica
1113 811 1370 871 dialecto
1432 811 1657 871 dictum
1716 816 1839 890 est,
1912 812 2090 872 scribi
2151 814 2358 891 nequit
2399 828 2565 891 προ-

318 902 509 995 νᾴαν,
577 913 685 975 sed
733 915 779 973 si
841 915 1025 992 longa
1068 917 1227 979 esset
1286 915 1547 993 vocalis,
1611 907 1947 994 προνηῒην
2014 933 2226 975 sonare
2290 915 2564 976 debebat.

317 1016 598 1093 Denique
644 1019 705 1076 ct
748 1017 930 1077 Attici
990 1021 1053 1077 et
1094 1015 1209 1092 ipsi
1252 1016 1428 1076 Iones
1492 1018 1553 1076 in
1601 1018 1905 1076 nonnullis
1949 1018 2200 1078 vocibus
2246 1017 2563 1096 diphthon-

316 1136 457 1194 gum
505 1135 573 1176 αι
618 1118 714 1178 vel
758 1135 821 1198 ηι
870 1117 1289 1197 corripuerunt
1329 1119 1389 1177 in
1437 1135 1522 1177 ec:
1581 1107 1883 1198 παρειά
1927 1119 2190 1179 Homero
2235 1138 2369 1179 cum
2416 1120 2565 1192 Atti-

317 1220 403 1280 cis
447 1238 779 1298 commum,
825 1214 1005 1280 λεία
1036 1221 1156 1281 Att.
1185 1239 1295 1297 pro
1341 1222 1458 1281 ion.
1505 1214 1681 1301 ληΐη,
1726 1212 2113 1280 ἐπίνειον
2156 1223 2348 1283 Thuc.
2382 1223 2565 1283 Arist.

318 1323 446 1383 Pol.
493 1322 629 1400 Str„
674 1326 731 1382 et
774 1324 874 1383 vel
935 1322 1093 1400 apud
1141 1323 1514 1383 Herodotum
1561 1324 1663 1403 VI,
1717 1320 1832 1381 116
1898 1323 2183 1384 traditum
2230 1329 2338 1401 est,
2400 1326 2563 1403 quod

320 1424 459 1484 mihi
505 1423 745 1502 quidem
809 1425 987 1486 valde
1048 1430 1423 1503 suspectum,
1491 1417 1683 1504 ῥεῖα
1745 1430 1804 1486 et
1865 1417 2003 1506 ῥέα
2063 1446 2157 1503 ap.
2201 1428 2373 1487 Hom.
2418 1428 2566 1488 Hsd.

319 1526 544 1587 Simon.
630 1528 910 1587 Dubitari
956 1528 1096 1587 licet
1140 1528 1214 1588 de
1258 1517 1740 1606 Ποσιδήιος,
1796 1529 1956 1606 quod
2001 1533 2200 1606 potest
2243 1547 2316 1589 ex
2364 1526 2568 1589 Ποσι-

322 1625 555 1700 dafcog
601 1629 823 1690 factum
871 1647 1033 1708 esse,
1092 1649 1275 1707 quum
1323 1622 1675 1689 Ποσειδῶν
1721 1650 1797 1691 ex
1842 1625 2230 1691 Hottdafav
2290 1633 2564 1693 videatur

321 1736 543 1793 natum.
631 1733 866 1792 Nomen
912 1733 1076 1793 urbis
1121 1734 1180 1793 in
1213 1751 1325 1791 αια
1366 1733 1616 1793 desinit:
1664 1726 1993 1799 floridam
2040 1735 2135 1793 vel
2182 1729 2559 1793 Ποτείδαια.

319 1835 432 1896 Sed
482 1835 599 1895 hoc
644 1852 718 1894 ex
764 1833 955 1894 forma
1001 1835 1209 1896 dorica
1253 1827 1545 1905 ΙΙοτίδας
1603 1836 1703 1895 vel
1749 1831 2054 1895 Ποτίδαν
2099 1836 2432 1897 derivatum
2477 1839 2561 1898 vi-

319 1937 523 1997 detur:
587 1925 947 2016 Ποσιδὴιος
1009 1942 1205 1997 autem
1252 1938 1425 2014 sequi
1482 1938 1816 2015 analogiam
1862 1940 2321 2017 temenicorum‚
2378 1935 2561 2017 quuni

262 2090 275 2095 -
319 2040 409 2099 bis
452 2042 686 2099 tautum
735 2040 1078 2099 inveniatur
1122 2039 1284 2117 apud
1332 2040 1657 2100 Homerum
1689 2041 1756 2100 11.
1802 2042 1867 2118 B,
1914 2036 2037 2098 506
2082 2046 2142 2100 et
2188 2042 2242 2100 h.
2274 2042 2388 2118 Ap.
2420 2038 2564 2119 230,

319 2145 579 2219 utroque
653 2142 785 2201 loco
862 2143 968 2201 hae
1032 2141 1290 2202 formula
1351 2132 1726 2221 Ποσιδήιον
1807 2129 2028 2213 ἄλσος.
2159 2133 2563 2223 Ποσειδήιον

320 2243 528 2321 tem'pli
575 2248 637 2304 et
679 2242 881 2322 oppidi
925 2262 1139 2303 nomen
1185 2248 1278 2311 est
1320 2244 1481 2323 apud
1526 2245 1894 2306 Herodotum
1943 2242 1999 2323 7,
2050 2243 2184 2305 115.
2231 2242 2288 2323 3,
2333 2242 2431 2307 91.

490 2339 559 2405 8.
624 2346 1074 2422 Nonnunquam
1121 2350 1180 2405 et
1223 2347 1282 2406 in
1329 2347 1459 2424 ipsa
1504 2365 1747 2425 quoque
1791 2347 1968 2425 Iade,
2011 2347 2368 2426 digammate
2416 2350 2560 2410 eliso

321 2453 623 2510 servatum
669 2453 761 2509 est
804 2467 846 2507 α
890 2450 1091 2509 breve.
1180 2452 1389 2528 Itaque
1434 2445 1478 2509 ἅ
1523 2454 1618 2511 est
1663 2452 1722 2510 in
1769 2434 2077 2530 ἆγλᾶΐα
2121 2452 2196 2511 H.
2241 2452 2387 2512 Hsd.
2420 2453 2562 2532 Att.,

320 2545 673 2631 πυρκᾶίη
745 2552 820 2611 Η.
879 2551 1020 2612 Hdt.
1067 2552 1188 2612 Att.
1263 2546 1713 2632 λυχνοκαΐη
1772 2554 1913 2613 Hdt.
1999 2554 2067 2614 In
2114 2555 2208 2614 his
2252 2556 2562 2615 vocabulis

321 2654 542 2714 dixerit
587 2654 884 2732 quispiam
930 2674 1051 2715 uon
1095 2655 1146 2713 f
1182 2673 1315 2714 esse
1361 2655 1607 2733 elisum,
1673 2655 1779 2717 sed
1812 2656 1869 2735 j,
1928 2661 1996 2716 ut
2038 2674 2112 2717 ex
2157 2673 2449 2737 πυρκαι-
2473 2651 2560 2735 ίῃ,

320 2755 676 2834 λυχνοκαι-
696 2751 762 2836 ἱη
824 2761 967 2818 nata
1031 2758 1181 2831 sint,
1244 2757 1410 2817 velut
1461 2763 1570 2819 att.
1614 2742 1785 2836 ‹ixa-
1805 2747 1949 2828 ικός
2003 2777 2125 2835 pro
2191 2776 2376 2837 αχαι-
2397 2748 2560 2832 ικός,

324 2857 560 2918 Φωκα-
565 2854 624 2917 lc
668 2878 780 2937 pro
814 2856 1077 2918 Φωκιϊι-
1083 2853 1139 2930 ῖς
1176 2859 1281 2932 (cf.
1323 2878 1510 2938 supra
1552 2880 1611 2938 p.
1643 2857 1725 2934 4).
1811 2860 1927 2921 Sed
1975 2861 2318 2922 Herodotus
2364 2880 2560 2939 neque

319 2963 565 3023 verbum
611 2955 785 3019 καίω
832 2980 1093 3039 unquam
1140 2965 1480 3040 correptum
1528 2962 1708 3022 habet
1767 2964 1826 3022 in
1872 2952 2051 3036 κάω,
2111 2982 2307 3041 neque
2351 2965 2412 3023 in
2458 2984 2558 3026 vo-

320 3065 545 3125 cabulis
590 3063 876 3125 derivatis
940 3065 1104 3143 ejicit
1160 3066 1280 3126 iota
1325 3064 1486 3142 quod
1549 3066 1611 3124 in
1654 3064 1773 3124 fine
1829 3066 2263 3142 primitivorum
2308 3066 2367 3125 in
2417 3082 2561 3136 αιος

186 3191 201 3202 ·
320 3167 712 3229 desinentium
758 3166 970 3245 fuerat,
1015 3167 1125 3228 sed
1161 3165 1427 3227 Φωκαιε
1439 3157 1510 3238 ύς
1554 3166 1699 3226 dicit
1742 3171 1802 3227 et
1836 3157 2161 3247 Θηβαιεύς
2205 3173 2342 3245 cet.;
2386 3167 2562 3229 Bred.

321 3290 373 3348 p.
424 3267 543 3327 140
591 3288 679 3347 sq.
772 3270 985 3347 Itaque
1031 3271 1250 3331 rectius
1294 3271 1356 3330 in
1404 3271 1496 3330 his
1540 3270 1855 3330 vocabulis
1898 3262 2054 3350 καΐη
2100 3289 2174 3329 ex
2219 3270 2354 3329 καί
2394 3272 2560 3331 verbi

319 3367 489 3431 καίοο
533 3373 719 3450 stirpe
767 3370 866 3447 (cf.
896 3362 1132 3431 παύσω
1176 3371 1328 3447 sim.)
1375 3392 1507 3433 cum
1552 3371 1773 3433 suffixo
1818 3372 1889 3431 ιᾶ
1931 3373 2135 3433 iuncta
2180 3375 2381 3434 natu'm
2428 3393 2560 3436 esse

320 3475 679 3552 putabimus,
722 3475 784 3535 id
831 3475 994 3553 quod
1041 3493 1113 3535 eo
1157 3475 1530 3553 probabilius
1576 3479 1699 3551 est,
1761 3474 1924 3554 quod
1970 3469 2265 3556 πυρκαΐη
2319 3476 2559 3555 quidem

319 3595 524 3638 vocem
569 3579 986 3655 perantiquam
1034 3595 1167 3638 esse
1213 3580 1463 3638 constat.
1550 3579 1743 3638 Breve
1775 3595 1817 3636 α
1858 3582 1949 3638 est
1992 3579 2166 3638 etiam
2211 3579 2271 3638 in
2307 3585 2561 3657 γραῖα

320 3680 561 3740 Homeri
622 3683 684 3740 et
729 3681 1098 3758 Atticorum,
1157 3697 1499 3757 quanquam
1560 3681 1859 3741 Homerus
1902 3678 2105 3760 γρηῦς
2165 3681 2313 3741 dixit
2370 3682 2562 3741 vocali

318 3782 627 3858 producta.
715 3780 890 3855 Quod
953 3784 1011 3843 iu
1061 3787 1261 3861 γραῖα
1305 3787 1502 3843 autem
1551 3801 1594 3841 α
1637 3784 1820 3843 breve
1883 3785 2128 3861 mansit,
2189 3802 2370 3844 causa
2430 3802 2561 3844 esse

320 3883 557 3944 videtur
601 3883 883 3944 suffixum
931 3881 1034 3956 ιίἑ,
1080 3902 1260 3962 quum
1308 3886 1367 3945 in
1412 3874 1644 3963 γρήιος
1687 3886 1914 3945 vocalis
1958 3885 2252 3963 producta
2295 3887 2387 3947 sit.
2474 3885 2563 3947 cf.

322 3986 475 4047 infra
518 3987 553 4058 ξ
606 3983 699 4046 19.
788 3988 1049 4047 Eandem
1097 3987 1294 4047 suffixi
1342 3984 1411 4046 ιᾶ
1455 3989 1574 4047 vim
1623 3987 1808 4048 fuisse
1852 3993 2024 4066 putet
2069 3990 2128 4048 in
2173 3994 2403 4065 γαῖα,
2466 3989 2558 4046 cui

323 4089 433 4149 hoc
478 4089 840 4148 vocabulum
891 4108 926 4148 a
969 4090 1165 4167 yafccc
1228 4095 1419 4151 ortum
1466 4090 1761 4151 videatur.
1865 4091 2057 4149 Etiam
2118 4091 2176 4148 in
2224 4090 2344 4150 illis
2389 4107 2560 4148 voca-

177 4219 207 4248 ·
322 4191 474 4251 bulis
535 4177 778 4268 ἀγλαΐα
841 4185 1133 4271 πυρκαΐη
1207 4186 1571 4272 λυχνοκαΐη
1646 4192 1846 4252 suffixi
1906 4197 2180 4251 naturam
2258 4193 2316 4250 in
2380 4208 2561 4249 causa

326 4291 521 4371 fuisse,
569 4312 680 4353 eur
726 4313 769 4351 α
812 4295 1016 4370 stirpis
1061 4295 1242 4356 breve
1290 4300 1596 4374 maneret,
1658 4313 1775 4355 non
1823 4292 2167 4354 incredibile
2213 4296 2333 4369 est,
2392 4310 2558 4368 prae-
