3166 4871
2484 369 2607 430 343

546 552 611 610 In
659 569 707 609 c.
739 556 816 612 41
870 551 995 626 (45,
1020 553 1080 614 3)
1128 549 1315 608 codex
1362 550 1630 609 exhibet:
1677 548 1776 608 hic
1818 561 1991 622 aper,
2037 565 2167 606 cum
2213 548 2347 606 heri
2385 562 2613 604 summa

373 668 585 713 cenam
632 653 1026 725 vindicasset,
1087 668 1126 710 a
1168 652 1429 711 convivis
1475 652 1774 709 dimissus.
1863 651 2144 727 primum,
2208 655 2274 709 ut
2315 666 2608 726 gramma-

373 756 525 815 ticae
572 756 789 815 rationi
834 754 1097 825 satisfiat,
1144 733 1459 829 obiectum,
1502 753 1665 831 quod
1712 759 1988 828 vocatur,
2034 753 2199 812 verbi
2244 752 2612 811 vindicasset

375 858 726 934 postulatur,
772 858 930 933 quod
979 857 1221 934 quidem
1255 856 1661 916 Buechelerus
1693 857 2005 930 ingeniose
2035 854 2294 914 restituit
2323 853 2612 913 scribens:

376 977 530 1021 cena
586 976 734 1019 eum.
834 967 956 1020 tum
1021 967 1155 1035 post
1217 960 1497 1018 dimissus
1543 958 1823 1018 addenda
1868 963 1960 1017 est
2004 958 2222 1036 copula
2265 963 2384 1029 est,
2447 956 2608 1033 quod

373 1062 511 1122 item
559 1064 671 1122 iam
718 1082 755 1121 a
793 1062 1165 1122 Buechelero
1210 1062 1428 1121 factum
1477 1065 1582 1121 est.
1683 1060 1834 1120 idem
1894 1060 2169 1119 adnotat:
2229 1074 2406 1118 cena
2466 1075 2610 1117 eum

374 1165 632 1239 scripsi,
696 1171 759 1222 at
802 1166 1285 1223 manumissionis
1330 1164 1740 1238 metaphoram
1798 1178 2137 1232 servat-erm
2198 1163 2612 1221 vindicaverat

375 1283 588 1341 aprum
632 1284 862 1326 summa
907 1283 1093 1339 cena,
1150 1268 1265 1326 hoc
1325 1275 1410 1324 es!
1469 1269 1531 1325 in
1576 1273 1847 1326 extrema
1892 1281 2043 1325 cena
2086 1266 2407 1339 appositus
2452 1269 2609 1324 erat.

374 1370 422 1429 si
482 1375 647 1429 recte
707 1370 988 1445 intellego
1051 1369 1206 1428 hanc
1276 1370 1764 1446 explicationem,
1827 1367 1974 1427 haec
2031 1376 2146 1428 est:
2209 1367 2361 1426 ordo
2422 1383 2613 1427 cenae

371 1472 695 1531 hesternae
748 1476 833 1530 tta
892 1472 1222 1547 dispositus
1266 1476 1429 1542 erat,
1492 1478 1556 1529 ut
1618 1473 1678 1530 in
1725 1476 1997 1530 extrema
2043 1486 2192 1530 cena
2236 1472 2413 1529 etiam
2457 1486 2615 1545 aper

374 1580 805 1649 apponeretur.
893 1575 1009 1634 sed
1066 1576 1346 1633 convivae
1406 1575 1523 1632 iam
1564 1576 1764 1632 saturi
1807 1589 1939 1632 eum
1983 1574 2366 1644 dimiserant,
2420 1574 2504 1632 ita
2549 1577 2615 1632 ut

374 1677 740 1736 vindicasset
804 1677 1080 1754 ambigue
1140 1677 1364 1737 dictum
1427 1678 1527 1744 sit,
1605 1696 1735 1736 cum
1809 1675 2104 1752 significet
2161 1676 2480 1749 postulare
2540 1695 2612 1735 ac

372 1779 548 1838 simul
594 1779 669 1838 de
716 1781 1176 1839 manumissione
1209 1781 1524 1856 cogitetur.
1614 1778 1720 1838 sed
1771 1779 1865 1837 hic
1895 1778 2061 1837 lusus
2091 1777 2406 1837 verborum
2440 1778 2612 1837 nimis

371 1890 544 1940 acute
602 1883 976 1956 excogitatus
1036 1887 1096 1939 et
1163 1882 1237 1940 ab
1290 1882 1526 1956 ingenio
1604 1879 1795 1939 liberti
1870 1878 2076 1938 inculti
2144 1877 2463 1938 abhorrere
2528 1880 2612 1938 vi·

374 1983 567 2043 detur.
680 1983 967 2057 fortasse,
1045 1989 1108 2041 ut
1184 1987 1413 2041 taceam
1493 1982 1565 2040 de
1643 1979 2136 2056 improbabilibus
2202 1979 2486 2040 Schefferi
2554 1988 2614 2042 et

372 2085 603 2145 Heinsii
662 2083 1090 2144 mutationibus
1152 2083 1528 2144 scribendum
1595 2091 1716 2143 est:
1773 2099 1906 2141 cum
1963 2082 2149 2142 herm
2202 2082 2335 2142 heri
2385 2099 2612 2142 summa

372 2203 524 2247 cena
594 2202 725 2245 cum
796 2186 1145 2244 indicasset.
1255 2205 1387 2245 nam
1466 2188 1512 2245 si
1579 2202 1809 2244 summa
1873 2180 2026 2245 cena
2088 2185 2412 2245 ablativum
2480 2204 2612 2247 esse

372 2297 679 2365 putamus,
753 2289 812 2348 id
888 2287 1047 2364 quod
1121 2289 1258 2347 mihi
1337 2288 1494 2347 haud
1570 2287 1814 2347 dubium
1891 2286 2162 2365 videtur,
2235 2286 2613 2348 desideratur

370 2392 718 2451 subiectum.
832 2391 942 2451 hoc
1029 2397 1261 2468 autem,
1364 2409 1494 2451 cum
1601 2397 1807 2468 aperte
1904 2391 2168 2451 convivis
2251 2397 2610 2468 opponatur,

371 2494 673 2570 aptissime
747 2493 924 2553 datur
984 2495 1408 2570 significatione
1481 2494 1951 2554 Trimalchionis.
2056 2496 2114 2554 in
2191 2495 2610 2555 coniunctione

371 2601 568 2656 autem
615 2598 935 2657 verborum
983 2589 1121 2657 fere'
1154 2597 1363 2657 eodem
1412 2596 1588 2657 modo
1632 2598 1989 2674 sonantium,
2035 2603 2099 2656 ut
2141 2597 2324 2656 herus
2366 2597 2611 2674 etheri,

370 2698 605 2757 minime
672 2699 1093 2759 offendendum
1172 2717 1300 2759 esse
1367 2701 1480 2759 iam
1547 2718 1732 2777 supra
1794 2718 1851 2776 p.
1905 2704 1938 2761 7
2002 2700 2145 2759 satis
2210 2700 2609 2760 demonstravi

371 2802 782 2878 exemplisque
828 2801 1193 2862 confirmavi.
1266 2808 1390 2862 tum
1422 2803 1784 2862 Trimalchio
1831 2820 1934 2861 eos
1979 2802 2160 2878 cibos,
2204 2820 2357 2879 quos
2388 2802 2608 2879 apponi

368 2904 556 2978 iussit,
600 2921 833 2980 semper
878 2904 1004 2979 ipse
1039 2905 1273 2963 videtur
1316 2904 1689 2964 indicavisse.
1754 2904 1812 2963 in
1859 2905 2053 2979 capite
2088 2904 2240 2962 enim
2273 2908 2353 2964 47
2386 2902 2511 2980 (55,
2544 2901 2607 2976 2)

368 3025 402 3065 e
462 3006 650 3065 tribus
706 3006 892 3065 subus
938 3024 1116 3064 unum
1166 3004 1472 3081 designat,
1537 3006 1640 3081 qui
1688 3005 2006 3064 occidatur.
2096 3012 2155 3065 et
2199 3012 2359 3065 certe
2404 3007 2607 3065 verisi-

369 3108 503 3167 mile
566 3114 656 3167 est
712 3107 1211 3167 Trimalchionem
1272 3109 1667 3166 lautissimum
1711 3106 2004 3166 hominem
2048 3107 2265 3167 cotidie
2310 3106 2436 3167 fere
2480 3126 2606 3168 eos·

368 3210 499 3269 dem
549 3210 722 3269 ludos
766 3211 1104 3285 ingeniosos
1147 3209 1457 3270 conficere.

540 3312 607 3371 In
655 3330 700 3369 c.
751 3316 824 3372 71
876 3310 998 3384 (85,
1034 3308 1096 3380 6)
1150 3312 1431 3390 legimus:
1492 3317 1551 3371 et
1604 3327 1820 3370 urnam
1865 3312 1969 3378 (ita
2012 3312 2125 3370 iam
2171 3312 2224 3371 J.
2267 3310 2608 3373 Gronovius

369 3420 531 3474 recte
589 3414 825 3490 scripsit
882 3433 993 3489 pro
1054 3412 1256 3486 nizam)
1316 3415 1456 3474 licet
1506 3419 1774 3487 fractam
1831 3414 2085 3487 sculpas
2144 3418 2204 3473 et
2244 3431 2432 3488 super
2477 3430 2606 3473 eam

360 3532 623 3590 puerum
678 3517 1039 3590 plorantem.
1130 3518 1188 3576 in
1256 3518 1363 3576 hac
1422 3517 1716 3576 sententia
1774 3517 1913 3575 licet
1973 3518 2240 3593 ineptum
2301 3522 2405 3576 cst.
2495 3535 2606 3577 nec

370 3619 519 3678 enim
583 3625 673 3678 est
730 3618 1110 3678 concedentis
1168 3619 1266 3678 vel
1321 3620 1719 3696 permittentis
1775 3620 1885 3678 hoc
1929 3619 2333 3696 enuntiatum,
2398 3638 2606 3679 verum

371 3722 644 3780 iubentis.
732 3729 1045 3797 praeterea
1090 3724 1145 3781 in
1195 3722 1468 3782 omnibns
1510 3721 1812 3797 prioribus
1855 3721 2180 3791 sententiis,
2224 3722 2445 3798 quibus
2475 3722 2606 3781 'rri-

369 3823 621 3882 malchio
679 3829 1123 3883 monumentum
1179 3842 1347 3883 suum
1396 3822 1708 3899 describit,
1773 3842 2008 3900 semper
2051 3825 2182 3883 solo
2226 3824 2606 3886 coniunctivo

372 3927 576 4003 utitur,
620 3926 818 3985 velut:
872 3926 1169 4000 saciatur,
1207 3925 1432 4001 facias,
1471 3942 1692 4000 ponas,
1738 3926 1942 3985 ducat.
2017 3945 2204 4003 quare
2235 3927 2332 3986 hic
2363 3946 2607 4005 quoquc

368 4028 620 4102 sculpas
665 4047 773 4105 per
816 4047 881 4087 se
926 4028 1199 4087 sufficere
1246 4034 1306 4087 et
1350 4030 1493 4088 licet
1536 4030 1596 4087 in
1636 4030 1870 4088 scilicet
1901 4028 2245 4088 mutandum
2277 4048 2409 4090 esse
2441 4035 2606 4107 puto.

542 4131 608 4189 In
671 4149 717 4189 c.
765 4134 844 4189 93
906 4130 1071 4203 (112,
1120 4129 1222 4202 11)
1282 4130 1454 4190 codd.
1508 4131 1759 4190 habent:
1819 4147 1957 4189 nam
2013 4133 2069 4189 si
2111 4132 2328 4205 aliquis
2372 4148 2451 4191 ea:
2496 4134 2606 4208 eis,

369 4237 472 4307 qui
513 4235 575 4291 in
633 4233 837 4292 eodem
888 4236 1170 4308 synoecio
1204 4239 1462 4307 potant,
1527 4250 1733 4294 nomen
1773 4239 1992 4307 poetae
2034 4233 2352 4306 olfecerit,
2417 4240 2604 4295 totam

370 4333 695 4393 concitabit
741 4336 1017 4394 viciniam
1062 4341 1120 4393 et
1162 4352 1269 4394 nos
1312 4353 1513 4395 omnes
1555 4335 1665 4394 sab
1710 4336 1920 4395 eadem
1953 4351 2142 4394 causa
2171 4334 2397 4396 obruet.
2458 4338 2602 4414 quid

2098 4448 2202 4500 23*
