3166 4871
2468 308 2587 369 173

347 481 423 558 11,
455 478 603 555 522)
649 481 1132 541 verisimillimum
1169 479 1407 541 videtur
1450 480 1550 554 (cf.
1597 500 1717 542 von
1760 481 2597 542 Wilamowitz-Moellendorff

346 581 407 643 in
451 584 650 643 Herm.
682 584 783 661 IX,
828 602 887 660 p.
919 579 1084 656 328).
1171 583 1239 642 ld
1285 583 1522 660 quidem
1557 588 1812 662 constat,
1857 583 2312 662 Aristophanem
2361 584 2588 644 nullum

348 691 584 763 poetam
617 686 904 745 comicum
935 685 1182 762 gravius
1226 689 1289 745 ot
1319 687 1557 763 saepius
1590 686 1848 746 illusisse
1895 704 2070 764 quam
2104 685 2457 765 Eupolidem
2492 684 2590 759 (cf.

348 806 512 866 vesp.
547 791 728 865 1025,
757 806 891 866 pac.
924 791 1063 865 762,
1095 789 1233 847 nub.
1265 791 1388 850 553
1432 806 1564 848 cum
1612 789 1844 858 scholi.)
1930 790 1997 848 In
2032 792 2367 849 ceterorum
2413 789 2589 850 comi·

348 909 549 951 corum
576 892 917 968 aequalium
942 890 1210 967 reliquiis
1232 890 1379 951 nihil
1403 891 1624 968 inveni,
1648 910 1767 969 quo
1794 893 2097 970 pertinere
2121 891 2354 969 possint
2376 908 2588 953 versus

346 993 780 1071 Aristophanei.
854 993 1022 1068 Quae
1068 1011 1199 1052 cum
1247 995 1330 1053 ita
1375 994 1513 1071 sint,
1556 993 1870 1071 Eupolidis
1911 993 2094 1054 fuisse
2135 998 2392 1054 actorem
2440 994 2586 1053 Her·

349 1113 577 1154 monem
610 1114 968 1173 quamquam
1007 1114 1128 1155 non
1166 1100 1393 1156 certum
1424 1100 1623 1157 tamen
1651 1096 2135 1156 verisimillimum
2171 1096 2307 1156 mihi
2334 1094 2589 1157 videtur.

517 1197 803 1272 Quaestio
855 1198 1012 1258 haud
1068 1199 1264 1258 minus
1315 1198 1551 1258 subtilis
1612 1197 1978 1259 instituenda
2029 1203 2120 1259 est
2171 1199 2244 1258 de
2295 1198 2588 1276 Apollo·

347 1288 550 1360 doro'
586 1300 1024 1362 comoediarum
1086 1305 1313 1377 actore,
1371 1301 1473 1378 qui
1517 1304 1670 1361 teste
1733 1301 2062 1377 argumenti
2118 1305 2173 1361 2.
2236 1301 2411 1361 Pacis
2455 1300 2589 1362 Ari·

346 1403 714 1479 stophaneae
760 1408 1008 1466 auctore
1053 1405 1280 1481 primas
1325 1404 1505 1481 hujus
1554 1402 1788 1464 fabulae
1835 1408 2040 1482 partes
2077 1403 2215 1482 egit.
2305 1404 2589 1482 Exceptis

345 1505 986 1584 Thesmophoriaznsis
1008 1510 1070 1566 et
1093 1506 1518 1566 Ecclesiazusis
1537 1506 1829 1584 cujusque
1852 1505 2089 1566 fabulae
2112 1505 2587 1583 Aristophaneae

343 1613 700 1686 argumento
725 1607 969 1669 affixum
992 1616 1084 1668 est
1108 1609 1501 1686 fragmentum
1529 1608 1969 1680 didascalicum,
1997 1607 2157 1686 quod
2183 1608 2258 1669 de
2279 1609 2587 1680 archonte,

346 1711 519 1789 cujus
564 1730 724 1773 anno
769 1711 971 1773 sabula
1014 1711 1193 1772 docta
1239 1710 1346 1787 est,
1391 1711 1464 1771 de
1506 1712 1717 1790 poetis,
1761 1711 2111 1789 quibuscum
2155 1715 2466 1788 certatum,
2512 1710 2586 1771 de

344 1818 523 1890 poeta
553 1815 779 1874 victore
824 1815 1109 1875 certiores
1139 1832 1249 1875 nos
1294 1812 1455 1874 facit.
1543 1815 1614 1873 In
1660 1814 1788 1875 solo
1820 1815 1998 1874 Pacis
2043 1817 2397 1892 argumento
2427 1813 2586 1889 frag·

346 1920 545 1977 mento
591 1916 675 1977 illi
720 1915 985 1977 additum
1033 1918 1353 1995 primarum
1403 1917 1621 1976 actoris
1665 1934 1910 1994 nomeu,
1969 1918 2029 1975 et
2073 1916 2132 1975 in
2183 1933 2300 1975 uno
2346 1914 2586 1993 quidem

347 2019 573 2077 Veneto
613 2017 835 2078 codice.
897 2019 1237 2095 Fragmenti
1273 2020 1488 2096 partim
1522 2019 1790 2096 corrupti
1822 2017 2006 2078 verba
2036 2022 2176 2077 sunt
2206 2018 2379 2077 haec:
2426 2008 2587 2088 „svl-

347 2129 504 2198 κησε
530 2111 602 2177 δὲ
631 2115 731 2198 τῷ
764 2108 1042 2198 δράματι
1068 2107 1105 2178 ὁ
1136 2110 1418 2200 ποιητὴς
1448 2111 1559 2178 ἐπὶ
1588 2108 1913 2198 ἄρχοντος
1926 2103 2247 2192 Ἀλκαίου,
2280 2111 2356 2178 ἐν
2376 2107 2583 2179 ἄστει·

344 2218 614 2300 πρῶτος
634 2207 935 2292 Εὔπολις
961 2212 1233 2299 Edi-aga,
1258 2206 2050 2302 δεῑῗτεροςᾍριστοφάιηφς
2070 2211 2339 2302 Εἰρήνῃ,
2362 2210 2589 2301 τρίτος

345 2313 625 2384 Λεύκων
676 2313 1038 2403 Φράτορσι·
1103 2315 1192 2383 τὸ
1247 2318 1326 2384 δὲ
1389 2318 1642 2403 δρᾶμα
1688 2313 2176 2404 ὑπεκρίνατο
2227 2309 2584 2385 Ἀπολλό-

347 2419 628 2507 δωρος,
672 2415 1213 2509 ἡνίκαἙρμῆν
1242 2418 1731 2509 λοιοκρότης.
1822 2428 2132 2503 (Fabulam
2178 2428 2337 2488 illam
2390 2429 2587 2506 Eupo·

343 2531 557 2591 lideatu
589 2532 817 2593 Alcaeo
863 2533 1150 2593 archonte
1196 2538 1386 2593 actam
1420 2551 1552 2594 esse
1587 2534 1661 2594 ab
1699 2533 2010 2594 Athenaeo
2043 2533 2093 2591 V
2123 2551 2180 2610 p.
2212 2534 2362 2593 2180
2405 2532 2585 2592 confi·

344 2637 562 2695 matur:
593 2628 912 2715 „te'ffmpee
939 2628 1010 2695 δὲ
1037 2624 1172 2717 πρὸ
1202 2632 1319 2714 τῆς
1343 2619 1765 2696 ἐπ’ᾍλκαίου
1792 2629 2220 2705 διδασκαλίας
2248 2631 2392 2694 τῶν
2413 2619 2583 2694 Εὖπ.

341 2731 570 2810 κολ.“).
656 2738 923 2813 Quorum
969 2739 1288 2800 verborum
1336 2758 1515 2817 quum
1575 2739 1777 2816 priora
1822 2756 1971 2799 voce
2015 2729 2273 2817 ἐνίκησε
2331 2740 2586 2813 excepta

345 2840 463 2900 sint
507 2841 673 2900 clara
713 2859 785 2900 ac
831 2842 1170 2919 perspicua,
1216 2842 1423 2902 ultima
1466 2841 1664 2902 adhuc
1698 2841 1864 2901 suere
1911 2859 2059 2899 crux
2091 2840 2481 2917 interpretum
2530 2844 2590 2900 et

345 2961 380 3001 a
425 2944 568 3002 viris
613 2942 803 3003 doctis
861 2962 1144 3020 perquam
1208 2944 1375 3003 varie
1418 2947 1664 3004 tentata.
1754 2943 1967 3003 Merito
2028 2941 2418 3003 offenduntur
2477 2942 2589 3002 viri

345 3043 506 3104 docti
539 3050 598 3104 et
628 3062 776 3104 voce
806 3044 1060 3105 barbara
1091 3033 1576 3123 ,,λοιοκρότης“,
1617 3050 1677 3104 et
1706 3045 1866 3122 quod
1900 3043 2298 3104 secundarum
2329 3042 2584 3122 partium

344 3150 513 3206 actor
545 3146 883 3206 nominatus
915 3163 1049 3207 esse
1081 3146 1386 3207 videatur:
1418 3147 1605 3207 verba
1635 3148 1791 3206 enim
1824 3146 2047 3207 tradita
2077 3133 2309 3225 „v‘ylea
2343 3128 2590 3225 Ἑρμῆν

347 3237 776 3328 λοιοκρότης“
808 3250 909 3308 vix
949 3250 1122 3310 aliter
1151 3249 1404 3327 intelligi
1438 3254 1693 3326 possunt
1722 3249 1839 3309 nisi
1869 3250 1968 3319 ita,
2013 3254 2077 3309 ut
2109 3248 2584 3309 subaudiendum

345 3352 422 3412 sit
481 3338 958 3430 ,,ὖπεκρίνατο“
1024 3356 1082 3411 ct
1146 3370 1293 3411 voce
1352 3339 1654 3431 ,Ἑρμῆνκ
1717 3351 2128 3430 significentur
2185 3352 2466 3412 Mercurii
2527 3353 2586 3411 in

343 3457 501 3515 Pace
546 3453 745 3513 fabula
789 3458 1011 3531 partes,
1057 3473 1226 3533 quas,
1285 3473 1466 3531 quum
1532 3455 1858 3533 primarum
1905 3455 2088 3514 actori
2135 3455 2394 3532 Trygaci
2454 3472 2586 3532 per-

344 3576 492 3618 sona
552 3556 784 3633 agenda
843 3556 1027 3617 fuisse
1086 3556 1379 3629 videatur,
1448 3557 1845 3618 secundarum
1907 3558 2094 3618 actori
2155 3556 2441 3617 tribuunt.
2538 3558 2587 3617 E

348 3659 693 3721 didascaliis
722 3663 940 3737 autem,
983 3659 1043 3719 in
1076 3660 1294 3738 quibus
1339 3663 1629 3737 quantum
1677 3677 1786 3721 nos
1817 3660 2037 3721 scimus
2084 3660 2282 3719 nullus
2327 3660 2440 3720 nisi
2470 3660 2586 3736 pri·

343 3781 568 3823 marum
637 3767 805 3823 actor
864 3763 1303 3841 nominabatur,
1376 3762 1776 3824 secundarum
1855 3763 2074 3824 actoris
2135 3781 2349 3823 nomen
2423 3762 2585 3822 nullo

343 3866 518 3926 modo
567 3866 755 3943 repeti
803 3866 1011 3943 potuit.
1096 3866 1301 3927 Nihilo
1347 3866 1541 3927 secius
1585 3865 1909 3926 Rankius
1965 3864 2298 3940 (cominent-
2343 3865 2418 3925 de
2463 3866 2588 3925 vita

345 3968 646 4047 Aristoph.
690 3988 749 4047 p.
779 3964 1009 4039 CCXV)
1054 3973 1115 4028 et
1156 3968 1475 4029 barbarum
1525 3987 1739 4029 nomen
1787 3972 1847 4029 et
1876 3966 2272 4029 secundarum
2319 3972 2579 4027 actorem

345 4072 618 4147 retinuit3
677 4071 923 4148 supplet
979 4071 1158 4148 igitur
1218 4055 1719 4150 „oneaeplvato‘fi
1810 4070 2238 4131 Dindorfius
2297 4069 2413 4137 (ed.
2456 4067 2586 4142 Ar.)

346 4173 626 4249 conjecit:
674 4160 944 4252 „v‘Jlea
989 4157 1085 4230 ἔτ’
1145 4152 1241 4252 ἦν
1293 4163 1773 4253 υποκριτής“
1818 4177 1880 4234 et
1921 4172 2349 4250 Apollodorum
2398 4189 2585 4248 quen·

346 4274 478 4334 dam
526 4274 669 4335 alias
700 4275 967 4351 ignotum
1017 4276 1116 4334 hic
1155 4276 1515 4336 nominatum
1550 4280 1772 4347 censet,
1818 4274 1921 4353 qui
1950 4274 2319 4352 aliquamdiu
2363 4275 2584 4335 actoris
