3166 4871
583 301 705 362 286

581 474 839 534 Arateos
881 492 919 531 a
962 490 1026 531 se
1071 487 1395 529 conversos
1439 469 1498 528 in
1547 468 1806 528 medium
1849 469 2082 544 profert
2102 466 2222 546 ¹⁰⁴),
2265 469 2409 530 satis
2447 467 2736 546 probatur
2764 467 2819 526 ei

577 575 756 653 hujus
811 574 1105 651 poeticam
1163 570 1504 631 facultatem
1567 569 1745 631 valde
1792 569 2198 630 admirabilem
2245 588 2378 631 esse
2425 571 2643 630 visam:
2718 569 2817 627 vix

576 679 730 739 enim
775 675 1035 738 dubitari
1078 679 1306 752 potest,
1351 674 1496 751 quin
1543 672 1696 733 illud
1742 689 1814 733 eo
1861 672 2112 732 maxime
2158 672 2408 733 consilio
2454 672 2692 747 fecerit,
2754 673 2820 731 ιιι

575 800 685 842 sua
726 781 914 858 ipsius
960 778 1222 838 carmina
1265 777 1451 853 magis
1498 777 1961 836 innotescerent.

747 881 864 942 Sed
920 880 1069 941 haec
1128 880 1431 941 hactenus.
1521 880 1568 938 E
1630 879 1843 939 ceteris
1905 884 2101 939 autem
2156 879 2350 956 poetis
2395 876 2819 939 Alexandrinis

576 988 677 1047 vix
722 1004 903 1046 unum
951 984 1163 1061 legisse
1208 982 1463 1043 videtur.
1551 982 1683 1042 Hoc
1729 988 1796 1042 nt
1837 982 2217 1059 perspicuum
2264 981 2397 1059 fiat,
2439 980 2821 1042 consideran-

578 1090 717 1150 dum
764 1096 870 1165 est,
915 1085 1215 1164 quomodo
1262 1084 1337 1145 de
1383 1085 1637 1161 singulis
1683 1085 1983 1162 loquatur.
2076 1084 2470 1146 Callimachus
2499 1084 2682 1162 igitur
2710 1088 2820 1154 ter,

576 1191 740 1270 quod
786 1190 1003 1267 sciam,
1047 1193 1444 1259 memoratur,
1505 1187 1612 1247 sed
1659 1188 1744 1247 ita
1787 1205 2058 1265 semper,
2115 1194 2180 1249 ut
2226 1187 2372 1248 nihil
2415 1206 2488 1249 ex
2535 1168 2627 1247 his
2672 1186 2822 1248 locis

577 1293 775 1371 coffigi
835 1291 1042 1370 possit..
1142 1292 1404 1351 Primum
1469 1291 1622 1350 enim
1681 1290 1863 1351 Tusc.
1934 1296 1993 1363 l,
2049 1293 2129 1351 93
2194 1291 2342 1351 haec
2401 1288 2821 1349 inveniuntur:

583 1397 993 1472 „Quamquam
1040 1413 1158 1454 non
1207 1394 1358 1452 male
1403 1393 1485 1453 ait
1515 1393 1921 1454 Callimachus
1966 1393 2152 1454 multo
2197 1393 2435 1470 saepius
2478 1392 2821 1453 lacrimasse

577 1500 903 1569 Priamum,
968 1515 1144 1573 quam
1199 1496 1526 1572 Troilum“,
1602 1502 1723 1556 tum
1781 1496 1917 1555 ibid.
1965 1499 2047 1557 84
2120 1497 2487 1574 epigramma
2553 1494 2820 1574 ejusdem

577 1604 790 1679 poetae
844 1601 905 1659 in
968 1598 1406 1659 Ambraciotam
1469 1597 1911 1659 Cleombrotum
1972 1597 2194 1659 factum
2252 1599 2462 1660 Cicero
2518 1600 2819 1658 memorat.

579 1704 745 1778 Quos
790 1701 943 1762 duos
989 1702 1154 1762 locos
1203 1705 1267 1761 ut
1311 1719 1382 1761 ex
1427 1700 1575 1778 ipsis
1621 1700 1780 1761 illius
1826 1701 2203 1778 carminibus,
2250 1720 2369 1762 non
2414 1719 2489 1762 ex
2535 1701 2625 1777 iis,
2669 1717 2822 1776 quos

579 1805 792 1866 Cicero
845 1808 1086 1864 secutus
1131 1810 1223 1864 est
1267 1804 1434 1864 libris
1479 1809 1749 1881 sumptos
1793 1821 1924 1864 esse
1979 1808 2283 1881 putemus,
2344 1820 2540 1880 neque
2583 1802 2821 1863 illorum

576 1909 840 1987 ipsorum
915 1912 1129 1967 natura
1188 1924 1258 1966 ac
1314 1905 1572 1966 conditio
1636 1925 1832 1983 neque
1884 1906 2311 1967 sententiarum
2373 1922 2641 1966 conexus
2697 1905 2821 1964 ullo

579 2010 755 2072 modo
800 2028 910 2070 nos
955 2009 1131 2087 cogit.
1218 2009 1487 2070 Tertium
1544 2008 1808 2087 denique
1853 2010 2048 2070 locum
2097 2009 2319 2068 nullius
2362 2025 2496 2068 esse
2540 2007 2823 2068 momenti

579 2120 646 2174 ut
688 2113 1106 2191 intellegatur,
1151 2113 1296 2172 satis
1341 2116 1434 2172 est
1478 2130 1615 2172 eum
1658 2111 1927 2172 attulisse
1974 2110 2055 2184 (d.
2103 2130 2188 2171 or.
2235 2114 2293 2189 3,
2340 2110 2513 2184 132):
2579 2111 2710 2184 „An
2757 2116 2820 2170 ιιι

577 2216 883 2276 existimas
1056 2217 1213 2292 ipsas
1258 2215 1487 2275 litteras
1516 2214 1926 2292 Aristophane
1971 2218 2075 2274 aut
2120 2214 2481 2276 Callimacho
2526 2218 2822 2274 tractante

576 2324 695 2379 tam
729 2318 1064 2395 discerptas
1095 2317 1298 2388 fuisse,
1345 2321 1412 2376 ut
1444 2335 1618 2377 nemo
1650 2335 1842 2392 genus
1873 2318 2219 2378 universum
2251 2316 2821 2395 complecteretur?“

576 2422 747 2492 Tum,
797 2426 862 2480 ut
906 2421 1243 2481 omittamus
1283 2419 1654 2480 Nicandrum
1687 2419 2140 2497 Colophonium,
2184 2438 2361 2498 quem
2408 2420 2706 2481 hominem
2748 2417 2821 2479 ab

575 2541 722 2600 agro
775 2523 1236 2582 remotissimum
1283 2522 1338 2581 d.
1383 2539 1465 2581 or.
1521 2527 1573 2595 1,
1624 2524 1701 2583 69
1752 2522 2005 2582 Crassus
2049 2522 2288 2600 poetica
2331 2522 2592 2601 quadam
2638 2522 2822 2583 facul-

574 2629 716 2696 tate,
763 2642 881 2685 non
914 2624 1140 2684 rustica
1185 2623 1260 2683 de
1305 2623 1483 2683 rebus
1527 2624 1766 2683 rusticis
1796 2624 2107 2700 scripsisse
2137 2624 2282 2684 dicit
2325 2655 2410 2663 ——
2453 2625 2624 2685 nulla
2667 2625 2823 2686 enim

576 2745 790 2787 caussa
833 2732 954 2798 est,
1020 2745 1129 2786 cur
1172 2731 1454 2803 putemus
1517 2726 1615 2786 vel
1659 2724 1941 2787 Crassum
1986 2726 2085 2786 vel
2129 2728 2320 2803 ipsum
2367 2727 2717 2788 Ciceronem
2762 2728 2820 2788 in

574 2830 689 2890 hoc
745 2829 896 2890 libro
958 2829 1213 2906 legendo
1270 2846 1402 2889 esse
1465 2834 1733 2890 versatos
1776 2858 1861 2869 —
1906 2832 1967 2889 et
2019 2827 2432 2889 Alexandrum
2479 2829 2824 2910 Ephesium,

575 2934 676 3010 qui
741 2933 840 2991 vix
883 2937 1102 3009 poetae
1147 2932 1385 2992 nomine
1433 2931 1651 3007 dignus
1698 2932 1751 2992 ei
1798 2932 1963 2993 visus
2009 2928 2249 3006 est¹⁰⁵):
2317 2932 2391 2993 de
2433 2933 2822 3011 Euphorione

575 3034 694 3109 illo,
738 3035 840 3112 qui
873 3035 1098 3113 maj0re
1145 3034 1434 3104 doctrina,
1481 3053 1665 3112 quam
1707 3035 1946 3112 poetica
1990 3034 2295 3114 facultate,
2347 3036 2611 3096 carmina
2655 3037 2826 3114 epica

575 3138 947 3215 conscripsit,
987 3137 1074 3197 ita
1106 3137 1376 3215 judicat,
1434 3142 1498 3197 ut
1551 3155 1671 3197 non
1725 3139 1855 3198 sine
1901 3137 2159 3215 quadam
2214 3138 2342 3199 veri
2385 3139 2585 3216 specie
2627 3157 2824 3218 pauca

575 3258 649 3299 ex
694 3239 825 3317 ejus
873 3239 1156 3316 operibus
1202 3239 1478 3300 Ciceroni
1509 3245 1652 3299 nota
1682 3240 1867 3300 fuisse
1898 3240 2087 3317 possit
2117 3240 2416 3319 contendi,
2460 3260 2820 3320 quamquam

575 3341 852 3418 equidem
909 3340 1109 3402 facere
1164 3359 1282 3402 non
1345 3359 1621 3419 possum,
1684 3344 1827 3418 quin
1888 3343 2067 3403 valde
2126 3342 2201 3404 de
2261 3342 2376 3403 hac
2428 3361 2492 3404 re
2539 3343 2823 3405 dubitem.

574 3444 706 3505 Hoc
764 3447 963 3503 autem
1023 3449 1089 3504 ut
1140 3444 1199 3502 in
1261 3443 1455 3504 medio
1499 3444 1934 3522 relinquamus,
1978 3444 2124 3504 illud
2173 3445 2424 3506 alterum
2469 3447 2598 3507 sine
2642 3446 2822 3508 dubio

574 3564 647 3607 ex
691 3546 782 3606 his
825 3546 988 3623 locis,
1033 3564 1185 3624 quos
1229 3547 1521 3607 allaturus
1565 3565 1716 3624 sum,
1759 3549 1907 3607 satis
1951 3549 2312 3626 perspicitur
2357 3548 2701 3611 Ciceronem
2739 3551 2823 3610 ita

575 3666 694 3709 non
739 3649 816 3709 ab
861 3666 1061 3709 eorum
1111 3650 1385 3725 partibus
1445 3651 1718 3729 stetisse,
1775 3651 1875 3727 qui
1926 3650 2326 3728 Euphorionis
2371 3651 2621 3730 ejusque
2666 3652 2822 3714 simi-

575 3751 717 3812 lium
776 3751 1041 3812 carmina
1100 3751 1398 3812 scribendi
1460 3752 1752 3813 rationem
1823 3753 2038 3813 imitari
2102 3753 2407 3831 solebant,
2467 3758 2535 3816 ut
2601 3756 2823 3834 apertis

749 3933 833 3996 ¹⁰⁸)
871 3928 943 3986 cf.
982 3929 1172 3998 Orelli,
1210 3931 1322 3987 Cic.
1360 3947 1450 4000 op.
1487 3931 1589 4000 IV,
1627 3948 1794 4002 pagg.
1837 3937 2134 4002 1014—163
2174 3936 2305 3988 1036
2342 3938 2402 3989 et
2440 3938 2584 3990 1037.

749 4018 834 4085 ¹⁰⁶)
870 4016 1065 4072 Cicero
1112 4016 1183 4071 de
1230 4031 1296 4071 eo
1332 4016 1404 4071 ad
1443 4015 1566 4072 Att.
1607 4022 1655 4087 2,
1693 4023 1776 4085 20,
1814 4023 1845 4073 6
1882 4019 1963 4074 sic
1999 4018 2281 4089 disputat:
2339 4021 2544 4082 „Poeta
2576 4019 2823 4090 ineptus,

571 4115 677 4157 nec
724 4107 908 4157 tamen
946 4101 1054 4156 scit
1090 4101 1225 4156 nihil
1263 4108 1323 4156 et
1357 4101 1445 4157 est
1481 4118 1592 4157 non
1627 4103 1875 4158 inutilis“
1924 4111 1982 4158 et
2017 4104 2291 4160 simillime
2327 4104 2461 4159 ibid.
2498 4108 2579 4173 22,
2619 4112 2647 4159 7
2685 4107 2821 4162 haec

571 4186 811 4255 profert:
860 4188 1088 4250 „Libros
1127 4187 1468 4253 Alexandri,
1519 4189 1877 4258 neglegentis
1913 4189 2151 4246 hominis
2186 4196 2245 4245 et
2281 4206 2393 4245 non
2430 4189 2559 4245 boni
2604 4197 2821 4260 poetae,

570 4273 672 4328 sed
708 4278 893 4328 tamen
929 4288 1041 4327 non
1079 4272 1310 4342 inutilis,
1347 4273 1452 4329 tibi
1492 4274 1729 4330 remisi.“
