3166 4871
2499 251 2623 313 333

381 433 576 492 Hand.
624 434 651 494 1
698 438 837 503 570,
875 438 968 494 10.
1037 435 1323 511 Draegci:
1368 430 1403 501 ἓ
1437 436 1575 501 335,
1608 436 1664 493 8.
1731 430 2032 490 Kuehner.
2082 429 2134 488 11
2179 426 2215 497 ᾗ
2267 431 2401 497 165,
2435 432 2489 485 6.
2564 434 2623 485 et

296 520 315 541 ⁰
382 535 536 596 hanc
593 537 833 614 quidem
898 537 1143 596 formam
1206 537 1527 595 Petronius
1589 535 1767 611 paulo
1831 533 2071 592 liberius
2133 538 2399 607 usurpat.
2502 548 2621 589 uno

380 639 532 698 enim
595 639 725 699 loco
771 647 1023 715 excepto
1069 638 1144 711 (c.
1191 643 1271 700 53
1321 634 1440 714 [60‚
1479 632 1605 713 13])
1655 636 1874 713 ubique
1918 636 1978 693 in
2023 632 2476 712 parenthesibus
2521 652 2620 692 cx·

379 742 652 818 plicatur,
697 760 805 801 cur
850 739 927 817 id,
972 740 1135 818 quod
1182 747 1322 801 ante
1367 739 1590 800 dictum
1639 747 1744 809 est,
1791 739 2007 798 factum
2050 738 2146 812 sit,
2187 737 2267 795 ita
2313 742 2380 794 ut
2423 740 2619 794 autem

379 862 488 919 pro
547 844 701 902 enim
757 843 976 902 dictum
1040 861 1171 903 esse
1229 842 1522 902 videatur.
1621 861 1740 919 qua
1794 860 1858 901 rc
1918 839 2258 900 Schefferus
2314 844 2621 914 permotus

379 950 500 1020 cst,
560 952 625 1006 ut
669 965 718 1005 c.
749 948 831 1007 48
879 940 995 1019 (ed.
1040 947 1237 1006 Burm.
1283 965 1338 1022 p.
1388 942 1536 1017 323)
1583 946 1735 1004 hanc
1781 943 2077 1003 causalem
2124 940 2616 1017 significationem

377 1049 703 1125 particulae
762 1046 1044 1108 vindicet.
1141 1049 1299 1124 quod
1364 1049 1507 1125 quin
1568 1046 1782 1107 falsum
1845 1047 1952 1122 sit,
2015 1044 2178 1103 nulla
2231 1048 2428 1121 potest
2486 1060 2618 1103 esse

377 1149 697 1228 dubitatio,
771 1152 1049 1228 quoniam
1110 1152 1386 1210 notiones
1446 1150 1658 1210 harum
1724 1148 2151 1227 particularum
2217 1145 2380 1205 nullo
2444 1145 2616 1204 modo

374 1253 530 1311 iuter
589 1271 652 1312 se
711 1253 931 1312 similes
989 1260 1161 1329 sunt,
1228 1271 1567 1329 quanquam
1632 1251 1900 1312 Handius
1956 1250 2180 1325 (1573,
2223 1251 2322 1315 15)
2379 1248 2617 1307 videtur

376 1354 698 1415 dubitasse.
788 1374 991 1415 omncs
1037 1356 1176 1433 loci,
1222 1355 1439 1432 quibus
1484 1361 1680 1414 autem
1726 1373 1833 1431 pro
1879 1355 2034 1412 enim
2078 1351 2313 1410 videtur
2357 1351 2614 1427 positum

374 1475 525 1534 esse,
570 1457 627 1516 in
676 1458 1083 1517 libertinorum
1131 1458 1382 1536 dialogis
1426 1458 1830 1533 inveniuntur,
1875 1457 1957 1514 ita
2002 1460 2067 1514 ut
2112 1473 2226 1514 non
2274 1458 2389 1513 tam
2441 1460 2614 1514 acute

372 1559 613 1635 singula
676 1560 857 1620 verba
920 1559 1246 1636 premenda
1302 1562 1436 1620 sint..
1528 1559 1633 1619 sed
1692 1565 1889 1618 tamen
1951 1575 2154 1617 omnes
2213 1556 2384 1616 facile
2430 1556 2613 1633 expli-

372 1667 606 1737 cantur,
677 1662 723 1721 si
772 1662 828 1721 in
877 1663 1220 1739 parenthesi
1269 1682 1338 1723 ea
1384 1663 1543 1722 dicta
1591 1680 1720 1721 esse
1769 1666 1959 1737 putes.
2019 1666 2160 1718 sunt
2205 1664 2399 1718 autem
2449 1678 2495 1718 c.
2528 1663 2609 1720 43

372 1763 495 1835 (48,
528 1760 626 1841 2),
693 1768 770 1825 52
817 1764 943 1840 (60,
980 1761 1116 1843 13),
1182 1771 1261 1827 56
1308 1765 1433 1843 (65,
1467 1763 1602 1841 10),
1670 1769 1747 1825 62
1796 1764 1919 1837 (73,
1950 1761 2047 1839 8),
2114 1764 2195 1822 43
2242 1759 2610 1837 (47‚18).²⁹)

372 1885 550 1942 porro
612 1870 667 1927 in
733 1886 781 1925 c.
814 1872 892 1927 38
940 1867 1067 1945 (42,
1100 1864 1160 1939 7)
1221 1860 1561 1946 parenthesi
1623 1866 1976 1926 inserendae
2037 1866 2435 1942 praemittitur
2493 1865 2609 1923 for·

371 1969 559 2027 mula:
616 1971 768 2029 scito
814 1966 1131 2041 autem.⁸⁰)
1218 1969 1479 2046 denique
1540 1970 1713 2028 etiam
1773 1972 1912 2047 post
1967 1967 2355 2045 parenthesin
2418 1969 2607 2027 oratio

370 2181 594 2236 tentiam
631 2182 912 2249 inseritur,
945 2181 1309 2253 parenthesis
1346 2198 1545 2236 nomen
1583 2188 1773 2252 aptum
1811 2188 1925 2247 est,
1981 2181 2079 2235 sed
2120 2181 2313 2246 etiam,
2360 2180 2456 2235 ubi
2494 2196 2606 2235 una

368 2266 458 2321 vel
513 2267 703 2335 plures
756 2269 1060 2323 sententiae
1105 2268 1288 2323 obiter
1332 2275 1388 2322 et
1431 2268 1592 2336 quasi
1642 2268 1695 2320 in
1749 2273 2072 2322 transcursu
2109 2266 2421 2332 adduntur,
2475 2273 2608 2336 post

366 2368 505 2420 quas
541 2353 610 2406 ad
649 2354 1010 2409 narrationem
1057 2370 1228 2424 snpra
1278 2354 1593 2409 inchoatam
1643 2353 1787 2408 redit
1822 2353 2027 2420 oratio,
2090 2353 2385 2407 brevitatis
2433 2368 2605 2407 causa

366 2438 437 2493 de
468 2438 799 2508 parenthesi
829 2440 1039 2508 loquar.

535 2526 604 2592 ²⁰)
638 2523 833 2591 Neque
869 2524 1029 2578 aliter
1066 2541 1154 2579 res
1190 2543 1250 2580 se
1287 2525 1454 2579 habet
1488 2544 1534 2579 c.
1564 2530 1629 2577 -lS
1663 2529 1775 2591 (55,
1820 2524 2048 2591 16),1ὼί
2087 2523 2420 2578 'lrimalchio
2455 2523 2600 2578 Mae-

363 2608 541 2663 cenati
546 2625 688 2663 inus
725 2606 1196 2678 Agamemnonem
1233 2610 1504 2665 rhetorem
1542 2612 1872 2678 interrogat:
1931 2627 2114 2665 narra
2151 2617 2210 2663 tu
2247 2608 2394 2673 milii,
2432 2626 2600 2679 quam

363 2694 808 2750 controversiam
856 2694 1021 2750 hodie
1057 2696 1412 2751 declamasti?
1481 2713 1582 2767 eqo
1621 2703 1804 2752 autem
1854 2696 1906 2750 si
1939 2712 2151 2751 causas
2196 2713 2306 2748 nou
2345 2713 2482 2766 ayo,
2543 2695 2600 2748 in

361 2779 745 2835 donansionem
791 2787 975 2836 tamen
1027 2781 1246 2836 litteras
1294 2781 1479 2836 didici.
1550 2782 1606 2835 in
1658 2780 1974 2850 parenthesi
2011 2789 2344 2850 postremam
2381 2787 2598 2834 senten-

358 2865 487 2918 tiam
525 2865 728 2918 dictam
765 2880 889 2920 esse
923 2867 1029 2919 iam
1068 2867 1199 2921 inde
1235 2873 1497 2936 apparet,
1544 2867 1698 2935 quod
1734 2866 1902 2932 infra,
1940 2875 2235 2935 postquam
2273 2865 2342 2920 de
2379 2865 2598 2920 duabus

357 2950 475 3003 suis
509 2949 872 3005 bubliotlzeeis
908 2952 1181 3019 gloriatus
1218 2959 1330 3019 est,
1385 2969 1484 3021 per
1537 2971 1673 3025 erqo
1719 2953 1790 3006 ad
1835 2953 2065 3006 eandem
2103 2951 2596 3018 interrogationem

356 3034 520 3088 redit.
590 3050 761 3104 quare
788 3034 990 3088 Handii
1027 3036 1327 3104 explicatio
1363 3037 1528 3092 huius
1566 3038 1692 3104 loci,
1729 3038 1824 3106 qui
1861 3037 2000 3091 dicit
2034 3037 2272 3105 opponi:
2310 3053 2490 3091 narra
2528 3043 2594 3089 tu

357 3117 491 3173 milei
522 3151 586 3158 —-
624 3136 751 3190 eqo
788 3127 973 3175 autem
1010 3120 1061 3188 (I
1099 3124 1225 3189 573)
1269 3138 1379 3176 non
1417 3122 1601 3177 minus
1637 3120 1832 3177 falsam
1869 3138 1995 3176 csse
2033 3129 2170 3190 puto
2204 3137 2367 3190 quam
2405 3117 2593 3176 Schef-

354 3201 474 3259 feri.
546 3203 921 3261 Buechelerus
958 3222 1060 3275 pro
1098 3214 1281 3262 autem
1317 3210 1373 3264 si
1406 3210 1636 3280 scripsit
1673 3209 1895 3265 etiamsi
1927 3208 2327 3277 praeeuntibus
2363 3206 2594 3262 Heinsio

353 3291 507 3357 (etsi)
541 3299 599 3344 et
636 3290 856 3346 Wehlio
909 3293 1157 3352 (etiamsi
1198 3310 1252 3362 p.
1290 3299 1394 3360 21).
1465 3311 1609 3366 quae
1643 3303 1824 3350 tamen
1867 3294 2223 3349 coniecturae
2260 3309 2590 3363 supervaca-
2669 3333 2670 3336 η

351 3390 493 3431 neac
529 3383 691 3444 sunt,
741 3377 978 3446 primum
1016 3379 1160 3433 enim
1197 3388 1381 3436 antem
1427 3383 1480 3435 in
1521 3380 1839 3450 parenthesi
1894 3387 2023 3448 apte
2069 3379 2320 3448 ponitur,
2378 3385 2492 3431 tum
2542 3380 2597 3433 si

352 3462 580 3530 saepius
630 3469 932 3532 usurpatur
977 3480 1079 3533 pro
1126 3466 1356 3521 etiamsi.
1426 3464 1496 3519 cf.
1551 3484 1597 3520 c.
1641 3470 1700 3520 111
1752 3471 1860 3532 (21,
1906 3470 2016 3532 12),
2077 3469 2143 3517 62
2178 3470 2286 3532 (74,
2331 3471 2436 3530 12),
2497 3470 2589 3520 1110

349 3549 491 3611 (1·11,
532 3549 635 3614 is),
680 3551 768 3600 101
806 3553 950 3614 (129,
992 3554 1091 3616 111),
1138 3554 1222 3604 111
1261 3556 1403 3618 (139,
1438 3553 1511 3618 5),
1557 3555 1648 3605 111
1684 3552 1826 3618 (115,
1851 3554 1923 3619 ῖ).

520 3633 589 3699 ³⁰)
633 3631 698 3685 ln
736 3648 782 3687 c.
821 3636 878 3686 61
922 3635 1032 3702 (73,
1068 3637 1123 3696 1)
1165 3634 1394 3702 legitur:
1456 3636 1647 3705 itaque
1677 3653 1785 3706 per
1820 3641 2037 3690 scutum
2078 3653 2185 3707 per
2221 3652 2445 3692 oeream
2482 3653 2588 3708 eqo

349 3714 581 3784 aqinavi
609 3717 716 3783 (sic
751 3717 958 3773 Buech.
994 3718 1053 3772 in
1089 3719 1175 3773 ed.
1213 3735 1261 3774 a.
1304 3725 1425 3774 1871
1485 3737 1536 3790 p.
1577 3727 1670 3787 39,
1708 3729 1738 3772 S
1786 3721 2044 3777 correxit.
2102 3722 2225 3776 cod.
2262 3721 2428 3776 habet
2477 3724 2585 3794 eyi-

347 3800 594 3871 aqinavi‚
648 3802 875 3857 videtur
931 3803 1038 3858 tale
1088 3803 1224 3874 quid
1273 3806 1541 3875 scriptum
1589 3806 1789 3870 fuisse,
1842 3811 2008 3876 quale
2044 3815 2132 3861 cst
2176 3807 2316 3862 illud
2353 3808 2587 3863 Terenti

349 3884 499 3953 [Hec.
537 3888 693 3954 6861:
755 3889 844 3959 eqi
888 3896 1058 3959 atque
1103 3892 1285 3957 oravi)
1345 3892 1808 3961 quemadmodum
1868 3892 1948 3948 ad
1993 3893 2140 3948 illam
2202 3896 2586 3965 pervenirem:

346 3979 528 4026 autem
564 3972 621 4025 in
656 3975 933 4045 anqustiis
969 3976 1135 4030 amici
1168 3983 1463 4047 apparent.
1506 3980 1670 4047 forte
1694 3977 1951 4033 dominus
1982 3979 2230 4049 Capuam
2267 3980 2488 4035 exierat
2506 3980 2586 4035 ad

345 4065 540 4112 scruta
575 4059 717 4113 scita
754 4060 1130 4131 expedienda.
1209 4070 1358 4117 certe
1401 4069 1532 4118 ante
1576 4069 1761 4118 autem
1795 4064 2130 4118 vocabulum
2177 4065 2412 4132 excidit,
2456 4083 2582 4121 nam

343 4151 525 4197 autem
562 4143 741 4212 primo
787 4145 910 4200 loco
955 4146 1202 4216 positum
1237 4148 1525 4204 Petronius
1578 4166 1652 4204 ne
1707 4150 1982 4207 libertinis
2030 4151 2252 4220 quidem
2305 4152 2582 4207 tribuerit.

343 4241 514 4295 quaro
550 4227 928 4285 Buechelerus
980 4230 1062 4298 (in
1102 4234 1188 4287 cd.
1226 4250 1273 4288 a.
1314 4237 1467 4304 1871)
1522 4236 1780 4306 scripsit:
1837 4238 1957 4291 veri
2002 4244 2184 4293 autem
2233 4245 2337 4292 etc.
2398 4255 2581 4294 nonne
