3166 4871
567 292 688 391 190
1590 324 1857 380 Zaeher

565 503 774 578 XXIV,
820 498 942 559 375
1003 488 1076 572 ὃς
1126 519 1238 579 μοι
1291 490 1546 561 τοιόνδ’
1600 485 1763 580 ἧκεν
1808 491 2210 582 ὁδοιπόρον,
2266 503 2323 562 d.
2358 505 2413 562 h.
2459 493 2624 562 οδόν
2665 497 2805 561 πεί-

563 606 836 683 ροντα“.
938 606 1016 665 Et
1074 605 1143 665 (3.
1190 607 1468 681 Meyerus
1522 605 1691 666 Stud.
1737 608 1816 683 V,
1868 605 1984 662 100
2039 601 2484 683 μελίγδουπος
2544 605 2621 665 ad
2679 605 2809 664 rad.

566 697 764 785 γδυπ,
809 690 1208 786 ἄερόφοιτος
1252 711 1313 768 et
1341 697 1743 778 τεκνοποιός
1774 709 1848 768 ad
1881 725 1998 784 φιτ
2028 711 2087 768 et
2115 724 2194 772 πι
2222 712 2486 768 revocat.
2558 707 2807 766 Eadem-

564 827 686 884 que
731 810 1029 870 sententia
1074 828 1208 870 esse
1251 810 1488 870 videtur
1533 810 1803 871 Ciemmii
1848 809 1924 870 de
1962 827 2152 887 comp.
2182 812 2394 870 Graec.
2424 829 2483 887 q.
2526 829 2563 868 a
2606 809 2810 870 verbis

563 911 681 971 ine.
726 930 784 989 p.
811 907 924 990 63,
984 912 1062 973 οἱ.
1107 932 1163 990 p.
1201 909 1304 990 12,
1363 917 1424 973 et
1481 914 1671 991 ipsius
1716 914 1926 991 Boppii
1988 913 2124 990 Vgi.
2168 911 2269 972 Gr.
2314 912 2350 983 ἓ
2380 908 2502 969 257
2535 928 2623 989 sq.
2666 908 2816 973 913.

566 1009 690 1071 914
721 1031 808 1090 sq.
893 1015 1021 1091 Ego
1066 1033 1214 1075 vero
1260 1034 1380 1075 non
1427 1015 1636 1075 dubito
1685 1016 1861 1077 huius
1905 1016 2143 1091 generis
2187 1016 2517 1092 composita
2546 1034 2583 1073 a
2612 1014 2812 1073 verbis

567 1115 854 1176 derivatis
913 1120 1191 1194 repetere
1250 1116 1335 1189 (in
1396 1136 1590 1194 eaque
1650 1118 1947 1179 sententia
2008 1118 2339 1195 adjutorem
2403 1117 2625 1178 habere
2671 1115 2811 1176 mihi

566 1217 776 1278 videor
820 1219 1245 1279 Buttmannum
1294 1218 1466 1280 Ausi'.
1497 1239 1585 1297 gr.
1617 1220 1769 1297 Spri.
1812 1219 1849 1291 ξ
1888 1216 2023 1298 121,
2066 1239 2224 1279 anm.
2276 1216 2394 1297 10),
2436 1219 2541 1279 sed
2588 1219 2812 1295 simpli·

569 1319 724 1381 oium
769 1320 828 1380 in
876 1336 950 1391 ος
993 1325 1055 1381 et
1098 1339 1175 1400 ης
1219 1338 1372 1400 quae
1419 1338 1458 1381 a
1485 1322 1801 1399 primitivis
1828 1326 2063 1382 tantum
2096 1322 2465 1399 derivantur,
2509 1322 2811 1383 formatio-

568 1442 701 1483 nem
733 1424 1000 1484 Graecos
1028 1424 1088 1484 in
1129 1426 1589 1501 compositorum
1622 1442 1863 1501 quoque
1894 1443 2051 1501 qnae
2081 1443 2116 1483 a
2147 1424 2429 1484 derivatis
2458 1423 2816 1500 repetebant

566 1525 837 1602 partibus
890 1527 1344 1604 posterioribus,
1401 1546 1605 1605 neque
1663 1529 1857 1587 minus
1914 1529 1975 1586 in
2038 1527 2155 1587 iliis
2212 1528 2271 1586 in
2332 1542 2432 1597 ιος
2476 1542 2622 1604 ιμος
2668 1543 2815 1596 αιος

566 1632 804 1690 secutos
849 1646 981 1689 esse
1024 1630 1313 1690 existimo.
1400 1631 1538 1690 Non
1586 1632 1662 1690 ab
1710 1631 1855 1707 ipsis
1900 1630 2056 1690 euim
2100 1628 2406 1690 radicibus
2450 1631 2602 1689 haee
2640 1646 2811 1689 voea-

568 1729 711 1790 bula
755 1729 1016 1791 deducta
1060 1749 1210 1809 esse,
1253 1737 1531 1793 accurate
1578 1732 1977 1793 demonstrari
2022 1736 2238 1810 potest.

740 1832 977 1911 Quippe
1010 1852 1082 1894 ex
1113 1853 1247 1894 mea
1276 1834 1513 1912 quidem
1546 1836 1840 1895 sententia
1871 1836 1969 1912 qui
2004 1836 2108 1894 illa
2138 1834 2467 1910 composita
2504 1832 2817 1909 fingebant

569 1940 808 1997 veteres
850 1941 1063 2014 poetae
1109 1939 1258 2016 episi
1304 1939 1475 2015 lyrici
1521 1937 1829 1999 dramatici
1870 1937 2262 2016 posteriorem
2294 1941 2526 2016 partem
2560 1957 2596 1996 a
2626 1936 2814 1996 verbo

566 2042 893 2118 prototypo
937 2040 1206 2101 derivare
1248 2060 1366 2101 non
1398 2045 1679 2119 poterant
1708 2043 1821 2102 nisi
1852 2048 1957 2102 aut
1988 2042 2135 2102 illud
2163 2041 2412 2101 verbum
2444 2044 2813 2118 prototypon

568 2142 761 2218 ipsum
806 2160 1010 2203 eorum
1042 2148 1313 2221 tempore
1344 2162 1461 2204 non
1495 2143 1672 2205 modo
1702 2144 1986 2205 usitatum
2019 2148 2168 2222 erat,
2212 2144 2322 2204 sed
2354 2142 2527 2203 etiam
2560 2141 2815 2221 eandem

567 2243 829 2304 habebat
870 2245 1389 2325 significationem,
1446 2266 1626 2323 quam
1681 2246 1905 2306 nomini
1950 2247 2179 2306 verbali
2232 2249 2291 2306 in
2338 2244 2652 2323 compositi
2695 2244 2817 2304 fine

568 2347 847 2423 ponendo
909 2347 1170 2409 tribuere
1231 2350 1549 2425 volebant,
1627 2354 1756 2428 aut,
1818 2350 1866 2409 si
1925 2351 2118 2426 ipsum
2180 2350 2323 2431 illud
2382 2348 2629 2408 verbum
2692 2364 2815 2407 non

567 2455 906 2528 supererat,
958 2457 1156 2512 tamen
1215 2471 1288 2512 ex
1344 2453 1687 2529 antiquiore
1739 2457 2011 2531 tempore
2054 2451 2310 2513 traditus
2356 2457 2486 2512 erat
2528 2451 2819 2527 composi·

567 2557 762 2614 torum
825 2555 884 2613 in
947 2573 1159 2614 nomen
1204 2555 1448 2616 verbale
1507 2555 1580 2615 ab
1626 2556 1727 2615 illo
1758 2557 2021 2631 'petitum
2068 2555 2466 2615 desinentium
2515 2569 2819 2628 numerus,

571 2675 727 2734 quae
788 2660 1050 2717 veterem
1116 2656 1364 2717 formam
1434 2661 1494 2718 et
1538 2657 2034 2734 significationem
2095 2659 2499 2717 retinuissent.
2602 2655 2822 2733 Itaque

572 2759 946 2820 dubitatione
1017 2760 1205 2820 libera
1268 2765 1410 2820 sunt
1475 2761 1806 2837 composita
1869 2759 1929 2822 in
1999 2775 2283 2835 ·φονος
2347 2744 2820 2838 (ἀνδροφόνος,

485 2845 492 2852 “
567 2849 949 2939 μιαιφόνος,
992 2852 1413 2937 παιδοφόνος
1458 2861 1586 2934 aL),
1653 2879 1921 2942 -εργος
1968 2867 2028 2922 et
2071 2879 2341 2942 -εργης
2387 2849 2665 2942 (ιὶεργός,
2712 2854 2820 2940 δη·

567 2953 906 3043 μιοεργός,
953 2953 1389 3043 ἐντεσιεργός,
1437 2949 1706 3044 εὖεργός
1751 2949 2024 3043 εὐεργής
2066 2964 2195 3038 aL),
2250 2963 2537 3044 -γηθης
2582 2962 2819 3036 (πολυ-

568 3056 803 3145 mil-154,
846 3057 1237 3146 μελιγαθής,
1280 3057 1785 3147 πλουτογαθής,
1818 3057 2246 3146 φιλογαθής),
2292 3081 2568 3144 -τορος
2611 3057 2818 3144 (fimo-

570 3157 770 3247 τόρος
811 3159 1254 3250 χαλκοτόρος,
1313 3160 1665 3248 διάτορος),
1721 3187 2000 3248 -μυκος
2046 3163 2437 3250 (ἐρίμυκος),
2492 3167 2820 3247 »βρυχος

569 3264 988 3351 (ἔρίβρυχος),
1033 3272 1328 3353 -αλφης
1357 3263 1715 3351 (τιμαλφής
1742 3271 2146 3351 τιμαλφεῖν),
2190 3271 2481 3352 -αλκης
2520 3261 2818 3348 (ἑτεραλ-

569 3363 734 3452 κής),
782 3391 1082 3453 -ουρος,
1127 3392 1384 3453 -ορος,
1428 3392 1679 3454 -ωρος
1708 3369 2070 3455 (ἐπίουρος,
2107 3364 2481 3454 πυλαωρός,
2512 3361 2819 3452 ὁδουρός,

569 3465 884 3554 τιμάορος
930 3474 1094 3551 oet.);
1160 3496 1296 3537 nam
1351 3479 1580 3538 etiamsi
1637 3479 1946 3539 usitatiora
1996 3483 2138 3538 sunt
2194 3478 2467 3538 derivata
2522 3465 2819 3552 φονεύω,

569 3567 843 3655 ἐργάςω,
888 3573 1150 3656 γηθέω,
1196 3574 1414 3656 τορέω
1461 3581 1587 3641 sive
1630 3576 1989 3661 τετραὶνω,
2031 3569 2386 3658 μυκάομαι,
2431 3568 2820 3659 βρυχάομαι,

568 3664 874 3758 ἀλφάνω,
913 3665 1161 3756 ἀλέξεο,
1217 3669 1432 3761 ὁράω,
1494 3688 1694 3743 tamen
1755 3684 2188 3762 primitivorum
2253 3687 2496 3743 exstant
2550 3675 2822 3760 πέφνον

568 3776 894 3857 πέφαται,
959 3763 1215 3863 ἦλφον,
1281 3776 1482 3864 ἔοργα
1539 3775 1772 3865 ἐώργει
1836 3777 2049 3866 ἔρξαι,
2122 3769 2469 3858 ἀλαλκεῖν,
2542 3777 2821 3862 γέγηθα,

568 3876 819 3963 ἔμυκον
861 3881 1151 3965 με’μυκα,
1213 3878 1430 3965 ἔτορε,
1492 3875 1768 3968 ὄρονται
1812 3875 2088 3968 ὄροντο,
2148 3881 2450 3966 βέβρυχα.
2542 3886 2819 3946 Aliorum

569 3988 787 4049 desunt
844 3989 1084 4066 quidem
1146 3977 1471 4068 primitiva,
1531 3991 1639 4051 sed
1699 3995 1903 4051 tantus
1955 3990 2081 4068 jam
2138 3990 2299 4069 apud
2344 3991 2670 4050 Homerum
2729 3991 2823 4048 est

570 4110 854 4152 numerus
898 4094 1358 4170 compositorum
1400 4095 1486 4152 sie
1517 4093 1938 4172 desinentium,
1962 4097 2050 4153 ut
2080 4111 2153 4154 ex
2185 4093 2525 4169 antiquiore
2552 4095 2823 4167 tempore

570 4198 717 4256 haee
748 4195 1076 4274 composita
1105 4196 1330 4256 tradita
1359 4215 1486 4257 esse
1516 4203 1826 4276 appareat,
1870 4202 1931 4257 et
1960 4213 2034 4257 ex
2066 4195 2208 4273 ipsis
2236 4195 2556 4271 primitivis
2584 4192 2821 4271 pridem

571 4299 859 4375 originem
906 4300 1137 4376 cepisse
1181 4301 1308 4360 veri
1359 4299 1547 4359 simile
1594 4300 1686 4359 sit.
1774 4300 1960 4361 Cuius
2020 4297 2259 4375 generis
2305 4301 2448 4357 sunt
2494 4295 2825 4372 oomposita
