3166 4871
517 295 644 357 212
1545 289 1815 349 zacher

515 488 847 548 procurare
895 474 955 531 et
1000 469 1324 546 depellere,
1366 490 1403 529 n
1432 488 1494 529 se
1529 468 1812 547 ablegare
1843 474 1904 530 et
1946 488 2339 548 summovere,
2382 470 2545 547 quod
2591 470 2777 531 fiebat
2818 488 2827 495 ‘

517 572 696 634 certis
740 564 1248 650 precationibus“.
1336 573 1515 632 Hunc
1557 572 1801 632 illarum
1848 572 2301 633 cerimoniarum
2348 573 2531 637 fuisse
2589 571 2772 635 finem

513 680 581 735 ut
603 674 806 735 infesti
831 674 1074 753 quidam
1099 674 1421 735 daemones
1447 678 1904 735 removerentur
1934 680 1995 735 et
2024 675 2423 753 placarentur,
2454 674 2664 737 videas
2693 694 2772 737 ex

515 779 669 839 Plut·
701 777 818 838 def.
849 795 935 838 or.
972 773 1079 837 13:
1124 766 1359 855 ἑορτὰς
1405 770 1478 836 δὲ
1522 770 1637 839 καὶ
1682 770 1925 847 θυσίας
1969 761 2198 857 ὥσπερ
2244 764 2533 857 ἡμέρας
2576 763 2770 837 ἀπο-

516 868 722 960 φράδ
732 897 821 951 ας
866 873 981 940 καὶ
1025 868 1462 959 σκυθρωπάς,
1508 871 1583 937 ἐν
1613 865 1718 949 αἶς
1757 863 2139 957 ὠμοφαγίαι
2183 872 2298 938 καὶ
2343 872 2775 958 διασπασμοὶ,

518 977 821 1062 νηστεῖαί
852 999 919 1040 τε
954 976 1067 1041 καὶ
1097 975 1401 1054 κοπετοί,
1444 977 1797 1059 πολλαχοῦ
1843 975 1915 1040 δὲ
1958 970 2169 1040 πάλιν
2214 975 2775 1061 αἰσχρολογίαι

513 1075 714 1163 πρὸς
750 1076 1034 1163 ἱεροῖς,
1077 1078 1308 1162 μανίαι
1338 1101 1410 1143 τε
1456 1068 1699 1143 ἄλαλαί
1727 1100 1800 1143 τε
1841 1067 2225 1163 ὀρινόμεναι
2256 1073 2609 1163 ῥιψαύχενι
2642 1074 2774 1144 σὺν

516 1175 770 1265 κλόνῳ,
815 1183 1031 1245 θεῶν
1074 1181 1215 1263 μὲν
1257 1169 1560 1259 οὐδενί,
1620 1175 2031 1264 δαιμόνων
2074 1181 2156 1247 δὲ
2201 1176 2532 1262 φαύλων
2577 1172 2773 1247 ἄπο-

512 1285 822 1369 τροπῆς
897 1278 1127 1348 ἕνεκα
1200 1274 1524 1367 φήσαιμ’
1593 1274 1686 1348 ἂν
1750 1285 2163 1349 τελεῖσθαι
2226 1284 2573 1367 μειλίχια
2638 1284 2776 1350 καὶ

514 1380 1032 1471 παραμύθια,·
1098 1396 1164 1451 ut
1208 1392 1385 1453 etiam
1430 1374 2014 1470 ἀνθρωποθυσίας
2058 1391 2199 1452 οΙίιιι
2244 1391 2529 1453 fecissent
2571 1411 2690 1453 non
2736 1412 2775 1452 a

515 1496 634 1555 diis
669 1494 847 1572 jussi,
891 1493 999 1554 sed
1041 1491 1359 1571 χαλεπῶν
1388 1487 1500 1552 καὶ
1531 1481 1941 1573 δυστρόπων
1971 1478 2177 1573 ἀργὰς
2205 1488 2319 1553 καὶ
2348 1489 2774 1575 βαρυθυμίας

516 1582 1002 1675 ἀφοσιούμενοι
1057 1590 1173 1655 καὶ
1231 1579 1796 1675 ἀποπιμπλάντες
1852 1579 2273 1675 ἀλαστόρων.
2377 1598 2515 1667 Non
2576 1598 2774 1659 minus

502 1701 926 1761 ·Averrunci
968 1702 1370 1760 Romanorum
1415 1700 1662 1778 proprie
1691 1703 1835 1760 sunt
1862 1698 2336 1763 averruncandi:
2382 1699 2536 1763 Gen.
2569 1697 2625 1777 5,
2664 1697 2774 1761 12:

513 1804 750 1881 „Quum
797 1804 1011 1864 Jovem
1059 1803 1243 1879 igitur
1305 1806 1366 1861 et
1424 1802 1705 1880 DiJovem
1749 1820 1786 1862 a
1819 1801 2096 1879 juvando
2141 1801 2578 1881 nominassent,
2637 1820 2774 1864 eum

513 1924 764 1983 quoque
810 1908 1025 1965 contra
1068 1903 1268 1981 deum,
1311 1904 1414 1981 qui
1459 1923 1579 1964 non
1609 1904 1867 1981 juvandi
1896 1907 2268 1981 potestatem,
2313 1903 2419 1965 sed
2465 1904 2603 1965 vim
2649 1923 2771 1965 no·

517 2007 728 2068 cendi
790 2006 1038 2068 haberet
1098 2006 1260 2080 (nam
1317 2006 1462 2069 deos
1520 2006 1811 2083 quosdam
1855 2013 1925 2067 nt
1965 2006 2323 2084 prodessent
2366 2006 2773 2087 celebrabant,

516 2109 808 2188 quosdam
854 2113 931 2170 ut
976 2128 1059 2170 ne
1105 2109 1450 2171 obessent
1500 2106 1919 2186 placabant)
1973 2109 2261 2187 Vej0vem
2304 2110 2775 2188 appellaverunt

515 2212 759 2291 dempta
815 2216 1000 2289 atque
1058 2211 1330 2272 detracta
1362 2211 1622 2290 juvandi
1677 2211 1983 2273 facultate.
2026 2255 2041 2272 .
2085 2256 2101 2272 .
2144 2256 2161 2272 .
2202 2256 2219 2272 .
2262 2213 2604 2292 Propterea·
2638 2213 2771 2273 Vir·

513 2315 715 2391 gilium
780 2333 1023 2392 quoque
1084 2315 1276 2392 aiunt,
1338 2314 1558 2375 multae
1619 2314 1993 2391 antiquitatis
2052 2314 2353 2376 hominem
2398 2315 2526 2376 siue
2571 2320 2769 2376 osten·

513 2418 758 2478 tationis
802 2416 940 2478 odio
971 2417 1246 2494 peritum,
1289 2417 1586 2478 numina
1629 2415 1842 2479 laeva
1883 2418 1944 2478 in
1976 2415 2286 2496 Georgicis
2330 2417 2771 2497 deprecare:

512 2518 944 2596 significantem
1005 2520 1359 2596 quandam
1415 2520 1552 2580 vim
1588 2537 1771 2604 ‚esse
1816 2520 2317 2584 huiuscemodi
2361 2520 2654 2583 deorum
2696 2522 2768 2581 in

512 2621 869 2682 laedendo
937 2622 1164 2699 magis
1230 2641 1436 2699 quam
1505 2623 1573 2684 in
1638 2622 1965 2700 juvando
2039 2626 2437 2701 potentem.
2542 2623 2771 2686 Versus

521 2724 752 2802 Virgilii
798 2724 862 2784 hi
903 2730 1073 2784 sunt:

683 2827 752 2888 In
802 2827 967 2888 tenui
1013 2826 1198 2906 labor,
1242 2831 1305 2886 at
1348 2828 1545 2889 tenuis
1592 2845 1713 2887 nou
1759 2828 1970 2907 gloria,
2002 2829 2063 2888 si
2108 2846 2287 2906 quem

679 2930 940 2992 Numina
997 2930 1170 2992 laeva
1229 2931 1459 3008 sinunt,
1518 2930 1807 3007 auditque
1852 2935 2104 2992 vocatus
2148 2931 2381 3008 Apollo.

680 3032 748 3091 Iu
782 3032 911 3096 istis
941 3037 1141 3094 autem
1172 3032 1302 3111 diis,
1344 3051 1499 3111 qnos
1528 3033 1761 3111 placari
1794 3037 2048 3112 oportet,
2093 3034 2177 3096 uti
2211 3034 2366 3096 mala
2393 3052 2431 3095 a
2461 3035 2636 3096 nobis
2668 3036 2765 3096 vel

511 3155 548 3194 a
591 3135 867 3211 frugibus
914 3136 1072 3198 natis
1118 3136 1504 3213 amoliantur,
1567 3136 2042 3196 Averruncus
2105 3154 2348 3214 quoque
2392 3136 2650 3217 habetur
2706 3141 2769 3199 et

511 3231 833 3315 Robigus“.
905 3240 1091 3299 Recte
1121 3239 1306 3315 igitur
1351 3237 1869 3316 Naegelsbachius
1914 3235 2268 3311 (Nachhom.
2298 3239 2478 3300 theol.
2507 3257 2554 3299 s.
2586 3234 2767 3312 386):

509 3340 840 3417 „Zweitens
886 3340 1033 3402 aber
1076 3341 1345 3418 geheren
1390 3357 1466 3400 zu
1514 3339 1630 3401 den
1677 3339 2040 3417 gottheiten,
2085 3340 2317 3414 welche
2373 3360 2483 3403 zur
2526 3341 2768 3403 abwehr

510 3441 828 3520 kunstigen
876 3442 1108 3502 unheils
1147 3442 1410 3521 gesflhnt
1441 3442 1688 3504 werden
1722 3450 1981 3521 mussen,
2015 3443 2162 3521 jene
2191 3444 2607 3522 geflthrlichen
2641 3443 2764 3504 und

509 3543 784 3606 dunklen
831 3562 1056 3622 wesen,
1113 3545 1340 3607 welche
1385 3545 1541 3606 nach
1600 3544 1795 3608 Isokr.
1843 3544 1898 3623 5,
1951 3542 2095 3603 117·
2129 3547 2328 3608 weder
2388 3547 2449 3608 in
2506 3546 2766 3624 gebeten

511 3646 669 3706 noch
717 3646 931 3725 opsern
978 3647 1208 3725 geehrt‚
1252 3647 1513 3708 sondern
1547 3647 1742 3708 durch
1787 3652 2159 3726 sogenannte
2204 3632 2616 3727 ἄποπομπαί
2662 3666 2766 3709 ιιιι-

512 3749 816 3810 schadlich
862 3749 1141 3826 gemacht
1185 3749 1445 3812 werden.
1517 3750 1600 3810 Es
1646 3749 1781 3811 sind
1826 3749 2153 3829 dieselben,
2196 3751 2425 3813 welche
2456 3752 2766 3814 Plutarch.

510 3851 741 3914 Defect.
786 3871 944 3914 orae.
996 3850 1068 3909 14
1118 3852 1283 3913 nicht
1326 3851 1424 3912 fur
1467 3856 1685 3932 gotter,
1729 3853 1991 3916 sondern
2023 3855 2122 3915 fur
2163 3847 2475 3932 δαίμονες
2519 3850 2767 3932 φαῦλοι

510 3955 794 4031 gehalten
839 3955 1055 4018 wissen
1100 3952 1314 4032 will‚*)
1376 3955 1570 4016 denen
1628 3974 1763 4019 man
1777 4000 1793 4034 ,
1853 3955 1964 4017 wie
2019 3975 2085 4017 er
2146 3961 2307 4036 sagt,
2367 3942 2765 4035 ἀποτροπῆς

683 4187 729 4254 ⁶)
765 4185 971 4257 injuria
1005 4182 1435 4255 reprehenditur
1470 4186 1541 4240 ab
1577 4185 1764 4243 Herm.
1800 4186 2061 4242 Gottesd.
2095 4184 2216 4241 Alt.
2238 4190 2324 4253 23,
2366 4191 2459 4252 18,
2502 4186 2764 4256 quoniam

514 4270 806 4328 Plutarchi
842 4273 1110 4340 δαῖμονες
1146 4273 1360 4341 φαῦλοι
1394 4288 1508 4328 non
1544 4279 1736 4330 essent
1766 4271 1883 4328 nisi
1916 4271 2272 4344 „subjective
2303 4269 2640 4342 suffassung
2664 4271 2767 4330 des
