3166 4871
2518 313 2641 373 409

394 485 667 560 exempla
721 482 991 559 (praeter
1034 483 1240 543 titulos
1292 487 1451 543 1—3
1501 484 1699 542 Wilm.
1749 487 1929 545 1249.
1979 486 2021 544 l.
2056 487 2118 543 R.
2149 486 2223 545 N.
2267 482 2493 561 4636),
2539 487 2640 561 qui

394 586 508 645 hac
553 585 934 663 praefectura
992 586 1413 663 praetermissa
1468 587 1666 644 statim
1725 585 1802 644 ad
1856 588 2170 664 superiora
2215 607 2464 648 munera
2512 606 2642 663 per·

397 691 710 762 venerunt,
751 689 978 764 septem
1028 687 1317 746 habemus
1363 688 1657 764 exempla.
1728 688 1992 764 (praeter
2037 689 2244 750 titulos
2289 708 2333 749 s.
2379 708 2427 749 s.
2472 693 2639 749 4-6

397 790 439 847 1.
488 791 552 848 R.
598 789 672 848 N.
733 791 913 849 1992.
968 791 1158 850 4498.
1249 788 1311 849 C.
1342 789 1386 848 1.
1420 790 1485 848 L.
1531 791 1602 848 V.
1649 793 1790 850 533.
1867 792 1909 850 1.
1941 792 2007 849 R.
2041 792 2111 850 N.
2161 789 2369 863 3619.)
2460 791 2636 865 Quod

396 909 467 950 eo
513 890 839 950 mirabilius
885 896 990 961 est,
1036 909 1168 950 cum
1215 891 1274 949 in
1322 892 1692 968 reliquorum
1740 893 2044 952 hominum
2091 896 2456 969 equestrium
2506 913 2639 970 pro-

398 1011 570 1052 cessu
617 997 736 1052 tam
796 998 1142 1054 constanter
1203 1000 1403 1053 certus
1465 993 1758 1054 honorum
1820 994 1968 1054 ordo
2021 996 2244 1071 „praef
2290 997 2451 1074 coln,
2509 997 2637 1056 trib.

399 1095 562 1154 milit.
611 1096 738 1155 coli.
783 1096 897 1155 vel.
946 1095 1119 1174 leg,
1152 1094 1339 1172 praef.
1400 1096 1571 1154 alae“
1643 1099 1994 1156 observatus
2050 1099 2155 1168 sit,
2232 1104 2297 1156 ut
2353 1101 2636 1177 perpauci

395 1197 550 1256 tituli
597 1197 999 1274 inveniantur,
1043 1199 1143 1275 qui
1195 1217 1376 1257 unum
1423 1216 1626 1257 eorum
1674 1200 1972 1258 honorum
2020 1201 2317 1260 omittunt.

568 1299 856 1375 Equidem
926 1300 1040 1358 hac
1106 1318 1180 1358 ex
1250 1317 1314 1358 re
1387 1301 1616 1378 nesci0,
1684 1320 1759 1360 an
1826 1302 2106 1378 primipili
2185 1302 2642 1378 primipilarisve

398 1399 767 1478 dignitatem,
813 1420 991 1478 quam
1038 1401 1302 1469 cohortis
1348 1401 1629 1478 praefecti
1676 1402 1871 1479 pluris
1916 1403 2173 1462 habitam
2222 1423 2353 1463 esse
2400 1406 2641 1465 conclu-

399 1501 562 1573 dam;
618 1509 778 1562 certe
838 1511 1032 1562 tamen
1081 1505 1237 1581 quod
1293 1506 1737 1581 Marquardtius
1785 1506 1853 1565 11.
1902 1525 1954 1582 p.
2002 1509 2130 1567 459
2179 1509 2409 1582 posuit:
2473 1528 2641 1585 prae—

398 1604 616 1664 fectum
679 1607 937 1665 cohortis
995 1613 1252 1666 veterem
1318 1625 1450 1666 esse
1507 1607 1949 1685 primumpilum
2016 1610 2264 1684 legionis
2325 1611 2641 1687 stipendiis

399 1710 816 1767 centurionicis
878 1709 1138 1768 emeritis
1198 1710 1231 1766 i.
1278 1728 1328 1768 e.
1387 1711 1847 1789 primipilarem,
1903 1730 2086 1788 supra
2131 1711 2306 1771 dictis
2352 1714 2640 1773 refellisse

402 1811 540 1868 mihi
602 1811 836 1881 videor;
901 1813 1282 1887 praefectura
1328 1814 1590 1872 cohortis
1638 1815 1987 1872 auxiliariae
2033 1814 2233 1872 infima
2279 1821 2370 1875 est
2415 1816 2641 1874 militia-

400 1931 528 1971 rum
591 1914 954 1988 equestrium
1019 1933 1213 1991 nequc
1273 1914 1348 1972 ad
1405 1915 1824 1992 primipilatum
1874 1918 2060 1992 magis
2106 1919 2397 1994 pertinet,
2461 1936 2639 1994 quam

399 2015 633 2092 reliqua
679 2035 924 2075 munera
970 2016 1288 2092 equestria.

1223 2181 1279 2232 ll.
1334 2180 1542 2233 uilitlac
1581 2181 1826 2234 urbanae.

574 2287 635 2360 1)
689 2288 1035 2366 primipilari
1103 2289 1198 2365 leg
1265 2291 1402 2350 vul
1464 2291 1619 2365 Aug.
1665 2290 1902 2350 tribuno
1948 2291 2076 2349 coli.
2125 2292 2177 2349 Il
2226 2292 2488 2367 Vigilum
2534 2293 2639 2350 tri·

401 2389 559 2450 buno
612 2391 741 2451 coh.
787 2391 927 2451 Xlll
976 2393 1187 2451 urban.
1238 2391 1457 2452 tribun.
1504 2392 1635 2452 coh.
1683 2393 1792 2452 Xll
1841 2398 2103 2471 praetor.
2145 2398 2257 2452 etc.
2303 2394 2639 2470 (Augustae

399 2494 819 2553 Taurinorum.
864 2495 1102 2554 Maffei.·
1128 2496 1274 2554 Mus.
1311 2497 1527 2554 Veron.
1557 2499 1699 2566 218,
1727 2500 1782 2555 2.
1848 2498 1947 2556 Or.
1986 2498 2168 2557 [lenz.
2201 2501 2386 2573 3568,
2449 2498 2640 2556 Wilm.

406 2594 610 2666 1616).

574 2701 806 2769 2—10)
863 2698 1016 2758 idem
1078 2701 1418 2759 militiarum
1484 2700 1632 2759 ordo
1695 2701 2026 2760 iuvenitur:
2086 2701 2148 2762 C.
2189 2703 2234 2761 Ι.
2267 2703 2331 2761 L.
2382 2703 2446 2761 V.
2501 2705 2643 2780 930,

402 2805 586 2875 7003,
631 2804 773 2879 534,
817 2800 959 2862 8671
1046 2803 1141 2861 VI.
1194 2805 1374 2863 1626.
1427 2807 1607 2863 1636.
1668 2804 1862 2862 Wilm.
1909 2808 2046 2864 638.
2110 2804 2299 2862 Orelli
2347 2808 2515 2865 3100
2562 2829 2641 2851 ·=·

405 2904 596 2962 Wilm.
647 2907 824 2964 1629.
914 2902 1013 2964 Or.
1059 2905 1245 2963 Henz.
1292 2908 1477 2964 3568.

576 3010 676 3075 11)
738 3007 905 3082 prim.
962 3006 1061 3082 pil.
1125 3006 1237 3079 leg.
1302 3006 1434 3065 XlV
1493 3007 1660 3067 Gem.
1704 3008 1839 3066 trib.
1887 3008 2049 3065 milit.
2094 3008 2319 3066 cohort.
2366 3010 2466 3068 Xl.
2513 3010 2640 3069 urb.

400 3108 535 3167 trib.
591 3108 753 3166 milit.
812 3109 940 3167 coh.
1000 3108 1081 3166 ΙΙΙ
1148 3116 1337 3184 praet.
1391 3107 1579 3186 praef.
1639 3109 1788 3167 fabr.
1851 3108 1905 3167 11
1963 3110 2071 3168 vir.
2119 3094 2380 3169 Venafri.
2449 3111 2639 3170 deser.

402 3212 747 3270 Mommsen.
792 3211 833 3269 1.
880 3212 943 3269 R.
992 3210 1181 3287 Neap.
1227 3215 1413 3271 4641.

576 3311 679 3386 12)
738 3314 800 3374 C.
843 3314 884 3371 1.
917 3314 984 3372 L.
1042 3313 1135 3372 v1.
1199 3316 1359 3373 1627
1429 3312 1683 3372 eundem
1746 3330 1984 3373 cursum
2050 3312 2339 3374 bonorum
2400 3316 2644 3376 exhibet

403 3422 469 3475 ut
518 3420 612 3476 10.

576 3517 679 3589 13)
725 3537 782 3594 p.
829 3537 882 3593 p.
929 3518 1014 3577 bis
1058 3519 1190 3578 trib.
1237 3517 1368 3577 coh.
1415 3518 1587 3576 VlllI
1650 3522 1835 3595 praet.
1897 3526 2254 3595 procurator
2314 3518 2642 3592 (Novariae

401 3640 524 3697 reg.
570 3622 654 3680 XI
701 3618 1169 3698 transpadanae)
1216 3640 1249 3678 a
1286 3622 1647 3679 Mommseno
1694 3621 1996 3697 conlatus3
2056 3621 2119 3681 C.
2150 3622 2194 3680 Ι.
2225 3622 2291 3680 L.
2331 3623 2394 3680 V.
2435 3619 2642 3697 6513).

579 3723 681 3796 14)
738 3723 809 3781 Τ.
874 3723 1170 3783 Desticius
1226 3722 1483 3781 Severus
1546 3741 1602 3799 p.
1659 3741 1715 3798 p.
1778 3723 1890 3799 leg.
1937 3724 1990 3781 X
2051 3723 2214 3783 Gem.
2273 3724 2399 3784 sub.
2455 3725 2643 3800 praef.

403 3827 561 3903 vigil.
606 3824 695 3899 (C.
730 3828 768 3884 l.
802 3827 869 3884 L.
920 3827 982 3884 V.
1029 3828 1214 3885 8660.
1260 3824 1634 3884 Concordiae
1679 3844 1918 3901 recogn.
1967 3822 2272 3897 Momms.).

571 3962 809 4022 Titulos
855 3980 901 4021 s.
931 3980 973 4021 s.
1022 3961 1473 4037 inspicientibus
1519 3964 1771 4039 primum
1827 3964 2151 4038 apparebit,
2196 3940 2640 4039 provectionem

400 4067 563 4125 illam
610 4064 1162 4139 extraordinariam,
1208 4065 1290 4122 ita
1337 4069 1402 4123 ut
1445 4065 1752 4124 interioria
1798 4083 2044 4124 munera
2088 4066 2535 4141 omitterentur,
2580 4067 2640 4125 in

402 4168 623 4227 militiis
679 4167 925 4225 urbanis
987 4167 1271 4225 rariorem
1319 4166 1506 4226 fuisse
1549 4186 1727 4242 quam
1776 4169 1832 4225 in
1881 4157 2372 4242 provincialibus;
2437 4168 2641 4228 decem

402 4273 554 4330 enim
638 4288 711 4329 ex
787 4270 1267 4347 quattuordecim
1346 4269 1558 4346 titulis,
1659 4289 1814 4345 quos
1878 4269 1954 4329 de
2022 4270 2134 4330 hac
2202 4290 2264 4329 re
2336 4272 2644 4343 habemus,
