3166 4871
2447 290 2565 351 163

334 463 521 523 verba
565 464 765 523 nescio
811 481 933 538 quo
978 460 1405 522 sententiarum
1452 479 1704 520 conexu.
1794 463 1914 520 Iam
1974 460 2135 520 haud
2181 461 2423 522 difficile
2468 468 2577 539 est,

334 564 635 642 quomodo
666 564 932 624 scholion
983 563 1128 624 illud
1175 570 1367 623 ortum
1413 564 1493 623 sit
1523 545 1844 641 explicare.
1932 565 2155 624 Errore
2200 563 2420 625 factum
2470 571 2576 642 est,

334 676 401 727 ut
442 687 556 745 pro
601 661 1017 738 Ξενοκλέους
1058 667 1363 743 legeretur
1408 660 1865 742 Σοφοκλέους,
1912 668 2012 743 qui
2061 686 2229 727 error
2274 673 2470 727 exstat
2514 670 2575 727 in

332 770 515 830 schol.
545 769 674 829 cod.
706 771 884 849 Reg.;
928 755 1155 841 ,,ἄλλοι
1203 761 1277 827 δέ
1319 781 1521 843 φασιν
1566 755 1660 839 ὡς
1703 766 2071 848 Σοφοκλῆς
2128 760 2394 849 ἐποίησε
2452 760 2579 830 τὸν

341 861 764 952 Τληπόλεμον
825 869 1038 931 ταῦτα
1092 865 1432 949 λέγοντα.“
1522 872 1726 932 Altero
1780 890 1982 931 errore
2028 872 2103 932 ab
2148 872 2415 951 homine,
2474 875 2573 950 qui

335 975 601 1035 notitiam
634 993 753 1034 non
801 973 1007 1033 habuit
1055 974 1338 1034 Xenoclis
1368 974 1681 1050 Licymnii,
1724 974 1909 1035 verba
1953 975 2137 1034 schol.
2180 972 2580 1054 ,,Σοφοκλῆς

334 1070 603 1156 ἐποίησε
648 1066 772 1135 τὸν
826 1065 1258 1156 Τληπόλεμον
1301 1071 1516 1134 ταῦτα
1573 1069 1898 1154 λέγοντα“
1944 1077 2028 1136 ita
2086 1078 2394 1137 intellecta
2437 1086 2578 1138 sunt

335 1180 508 1256 quasi
552 1199 590 1239 a
633 1179 984 1256 Tlepolemo
1030 1179 1091 1238 in
1135 1195 1318 1238 scena
1362 1177 1753 1255 pronuntiata
1797 1183 1998 1238 essent
2039 1178 2331 1257 Amyniae
2378 1181 2578 1254 verba,

334 1287 442 1343 aut
483 1286 646 1342 totus
692 1282 862 1341 locus
892 1283 975 1341 ita
1017 1280 1359 1342 intellectus
1403 1287 1511 1357 est,
1558 1285 1624 1341 ut
1656 1282 1969 1358 Amyniam
2018 1286 2261 1359 putaret
2305 1284 2579 1344 versibus

334 1384 453 1444 illis
498 1402 631 1445 eum
674 1384 961 1461 illusisse,
1007 1385 1109 1461 qui
1156 1385 1214 1444 in
1262 1401 1446 1443 scena
1488 1383 1883 1461 pronuntiare
1928 1402 2033 1445 eos
2076 1384 2335 1463 solebat,
2393 1393 2454 1446 et
2495 1388 2579 1447 ita

335 1486 573 1564 quidem
619 1487 896 1558 illusisse,
945 1495 1011 1546 ut
1040 1486 1530 1564 pronuntiatione
1578 1504 1800 1546 morem
1848 1487 1979 1563 ejus
2009 1488 2369 1565 imitaretur3
2416 1489 2578 1565 quod

334 1590 734 1667 Strepsiadem
781 1589 1146 1650 intellexisse
1206 1597 1267 1649 et
1323 1590 1745 1666 interrogasse.
1833 1582 1945 1666 „Ti
2005 1583 2115 1647 δαί
2169 1600 2238 1648 σε
2292 1577 2578 1670 Τληπόλ.

333 1710 393 1750 κ.
426 1709 483 1750 τ.
511 1689 604 1750 λ.“
690 1692 989 1769 Equidem
1021 1691 1226 1752 dubito
1272 1710 1412 1752 num
1459 1693 1576 1751 alia
1606 1694 1840 1751 ratione
1870 1692 2142 1752 scholion
2188 1691 2333 1752 illud
2368 1695 2576 1753 mirum

336 1794 626 1872 explicari
668 1796 876 1872 possit.
963 1794 1140 1867 Quod
1187 1794 1554 1854 Fritzschius
1609 1792 1723 1868 (ed.
1769 1793 2008 1854 Thesm.
2054 1813 2112 1871 p.
2152 1792 2258 1866 57)
2328 1784 2581 1873 Τληπό-

338 1896 543 1975 λεμον
587 1903 775 1958 mutat
819 1899 880 1957 in
926 1889 1289 1968 Ξενοκλέα,
1324 1896 1466 1974 jure
1514 1915 1551 1955 a
1579 1895 1904 1956 Welckero
1952 1896 2009 1964 (l.
2041 1897 2077 1956 1.
2107 1915 2161 1973 p.
2198 1899 2382 1964 1023)
2429 1898 2578 1958 vitu·

337 2004 617 2076 peratur,
685 2001 826 2076 quia
869 2017 1078 2075 parum
1130 1999 1446 2058 verisimile
1507 2016 1703 2074 neque
1750 1997 2031 2057 traditum
2079 2003 2196 2075 est,
2256 2000 2577 2060 Xenoclem

338 2107 576 2177 poetam
621 2102 912 2176 tragicum
972 2107 1330 2178 perpetuum
1377 2099 1563 2159 fuisse
1610 2099 1922 2176 Sophoclis
1982 2100 2346 2161 histrionem.
2434 2103 2577 2163 Cum

336 2202 593 2272 scholio,
657 2222 777 2279 quo
822 2202 1231 2278 Tlepolemum
1281 2201 1626 2262 histrionem
1689 2202 1872 2262 fuisse
1917 2202 2230 2278 traditum⁴
2246 2211 2366 2274 est,
2427 2221 2579 2263 com·

336 2323 553 2381 parare
589 2304 767 2381 juvat
824 2304 1090 2365 scholion
1138 2323 1265 2364 ran.
1309 2323 1364 2364 v.
1394 2308 1517 2365 546
1579 2304 1974 2381 adscriptum,
2035 2305 2133 2365 ubi
2177 2306 2581 2367 Theramenes

337 2409 480 2467 satis
527 2409 675 2468 mire
719 2407 1094 2485 significatur
1147 2396 1553 2486 ,,στρατηγὸς
1598 2398 1668 2466 δὲ
1728 2400 1839 2466 καὶ
1884 2393 2256 2487 ὑποκριτὴς
2312 2392 2581 2486 εὐμετά-

337 2506 636 2590 βλητος.·ι
723 2511 1158 2571 Theramenem
1205 2515 1464 2587 constat,
1527 2510 1693 2587 quod
1749 2510 1924 2570 modo
1982 2511 2060 2570 ad
2105 2512 2213 2570 has
2270 2510 2445 2572 modo
2504 2513 2580 2571 ad

335 2614 472 2673 illas
515 2622 718 2690 partes
760 2631 895 2674 sese
939 2614 1282 2690 applicavit,
1328 2615 1685 2690 cognomine
1729 2602 2156 2692 ,ss6909v09“
2216 2614 2578 2690 appellatum

334 2717 517 2776 fuisse
564 2714 664 2790 (cf.
708 2716 891 2776 schol
937 2712 1029 2792 l.);
1077 2715 1236 2775 haud
1271 2715 1453 2775 dubie
1496 2716 1821 2776 scholiasta
1865 2733 2014 2776 voce
2061 2705 2473 2794 ,,κόθορνος“
2519 2717 2579 2776 in

337 2837 597 2879 errorem
661 2818 942 2879 inductus
999 2818 1434 2879 Theramenem
1512 2819 1861 2879 histrionem
1925 2818 2109 2878 fuisse
2167 2818 2374 2895 finxit,
2442 2821 2583 2896 quia

341 2919 499 2979 unde
543 2937 873 2996 cognomen
920 2938 1091 2980 suum
1139 2921 1239 2980 ille
1286 2920 1528 2979 duxerit
1572 2939 1690 2980 non
1738 2922 1881 2979 satis
1928 2921 2250 2997 perspexit.

507 3021 780 3081 Transeo
833 3021 910 3081 ad
956 3039 1088 3080 eum
1134 3023 1355 3094 virum,
1415 3040 1535 3098 quo
1583 3020 1929 3098 Euripidem
1995 3021 2329 3082 fabularum
2378 3028 2581 3083 actore

340 3141 510 3182 usum
575 3140 705 3182 esse
767 3122 1083 3182 verisimile
1139 3126 1259 3192 est,
1323 3121 1399 3181 ad
1463 3121 1779 3181 Molonem.
1901 3122 1993 3182 De
2053 3140 2174 3200 quo
2234 3123 2581 3200 priusquam

340 3226 695 3303 disputetur,
753 3224 1110 3285 mentionem
1174 3224 1375 3284 facere
1436 3224 1611 3284 velim
1662 3224 2057 3297 Mnesilochi,
2118 3225 2365 3286 secundi
2411 3225 2583 3286 Euri-

338 3310 667 3406 pidis'filii‚
713 3327 817 3405 qui
874 3327 1130 3387 testibus
1176 3328 1333 3386 vitae
1376 3325 1740 3403 Euripidcae
1801 3327 2195 3404 scriptoribus
2241 3328 2579 3388 fabularum

339 3432 555 3490 actoris
601 3448 846 3490 munere
892 3429 1132 3490 functus
1178 3437 1289 3489 est.
1375 3429 1592 3489 Filium
1637 3431 1792 3506 patri
1839 3448 2084 3505 operam
2132 3448 2416 3508 navasse,
2460 3450 2581 3492 non

340 3533 590 3593 relatum
641 3541 762 3602 est,
809 3551 885 3592 ne
929 3533 985 3591 id
1036 3532 1275 3608 quidem
1322 3531 1641 3603 traditum,
1703 3539 1899 3592 utrum
1945 3532 2287 3609 tragoedias
2346 3553 2423 3594 an
2486 3552 2581 3593 co·

339 3635 605 3695 moedias
636 3635 846 3713 egerit,
880 3652 1079 3711 neque
1111 3633 1170 3694 id
1202 3634 1493 3712 audimus,
1540 3634 1703 3711 quod
1736 3634 2098 3695 Welckerus
2143 3633 2238 3712 (,‚l.
2272 3630 2340 3695 l.“
2386 3655 2443 3713 p.
2474 3638 2580 3707 82)

338 3740 579 3814 statuit,
623 3737 1052 3797 Mnesilochum
1098 3738 1284 3813 patris
1331 3736 1566 3797 fabulas
1613 3736 1931 3797 nonnullas
1977 3737 2272 3798 docuisse.

511 3840 671 3900 Molo
730 3838 1171 3915 tragoediarum
1227 3846 1394 3899 actor
1448 3859 1484 3898 a
1544 3840 1943 3900 Demosthene
1989 3847 2350 3900 memoratur
2392 3841 2452 3900 in
2498 3859 2584 3901 or.

338 3943 394 4003 d.
425 3940 460 4001 s.
495 3944 606 4019 leg.
637 3962 694 4020 p.
726 3946 868 4020 418,
913 3943 1012 4001 ubi
1059 3941 1226 4001 dicit:
1271 3937 1521 4019 ,,ταῦτα
1569 3935 1692 4019 μὲν
1724 3925 1850 4020 γὰρ
1880 3927 1965 4000 τὰ
2010 3933 2270 4020 ἰαμβεῖα
2314 3934 2388 4001 ἐκ
2424 3936 2583 4001 Φοί·

335 4034 522 4114 νικός
577 4036 759 4103 ἐστιν
813 4027 1212 4121 Εὐριπίδου·
1272 4041 1480 4103 τοῦτο
1544 4037 1616 4102 δὲ
1675 4034 1756 4102 τὸ
1813 4038 2029 4122 ὀρᾶμα
2087 4028 2244 4103 οὐδὲ
2302 4033 2579 4104 πώποτε

340 4132 494 4204 οὗτε
546 4136 894 4223 Θεόδωρος
951 4134 1107 4205 οὔτε
1157 4130 1618 4225 Ἀριστόδημος
1678 4132 2164 4223 ὑπεκρίναντο,
2219 4134 2321 4217 οἷς
2380 4129 2583 4216 οὗτος

340 4252 444 4320 (sc.
477 4242 808 4328 Αἰσχίνης)
852 4232 936 4306 τὰ
979 4243 1169 4328 τρίτα
1215 4243 1428 4326 λέγων
1462 4242 1847 4319 διετέλεσεν,
1896 4234 2067 4306 ἀλλὰ
2114 4238 2370 4307 Μόλων
2415 4232 2582 4328 ἠγω-
