3166 4871
1039 316 1127 373 De
1160 317 1365 373 nomin.
1400 316 1462 372 ln
1493 279 1661 384 moe.
1719 322 1752 386 ς
1785 293 1890 373 27:
2492 319 2575 383 85

319 513 665 575 arguerem,
732 496 906 557 attuli
967 513 1083 557 scr.
1141 490 1391 556 ruadho·
1495 494 1804 557 Eiusmodi
1859 496 2114 558 testibus
2176 513 2357 573 quum
2422 497 2575 557 haec

320 598 623 659 vocabula
666 597 744 660 de
789 597 1007 676 quibus
1049 616 1214 659 nunc
1259 597 1514 676 agimus,
1558 601 1825 677 careant,
1869 616 1990 659 non
2035 598 2231 659 audeo
2268 599 2441 660 illam
2486 599 2575 660 eis

319 700 782 778 explicationem
812 699 1113 761 adhibere.
1185 701 1409 761 Verum
1437 700 1707 778 tetigisse
1736 699 1878 761 mibi
1909 699 2149 762 videtur
2176 699 2247 761 G.
2271 702 2577 779 Meyerns‚

318 820 509 879 quum
553 803 658 863 ΚΖ
687 802 874 881 XXII,
918 797 1040 862 493
1095 790 1417 882 κραταιός
1460 802 1699 862 derivat
1741 820 1909 881 „von
1952 803 2134 864 altem
2178 819 2429 881 κρατας
2471 802 2580 864 fui·

318 897 624 982 κρατες“.
709 901 937 965 Omnes
980 905 1135 965 enim
1179 905 1421 984 stirpes,
1485 922 1644 981 quae
1696 904 1758 965 in
1803 903 2037 965 Graeca
2079 904 2287 982 lingua
2332 907 2573 983 qualem

320 1023 434 1067 nos
473 1007 754 1068 novimus
798 1005 1084 1068 desinunt
1133 1007 1194 1066 in
1249 1017 1351 1083 εσ,
1411 1005 1578 1084 prius
1634 1007 2113 1067 terminationem
2160 1018 2244 1066 ασ
2288 1006 2574 1068 habuisse

319 1111 574 1168 constat.
659 1107 831 1183 Quae
886 1109 1228 1170 terminatio
1289 1119 1374 1167 ασ
1435 1110 1497 1170 in
1558 1108 1865 1170 nonnullis
1923 1112 2016 1169 est
2075 1113 2342 1187 servata,
2399 1114 2466 1169 ut
2504 1110 2573 1169 in

317 1203 540 1290 κέρας,
578 1204 794 1290 γέρας,
838 1203 1052 1288 σέλας,
1095 1211 1156 1272 in
1203 1210 1510 1272 nonnullis
1537 1211 1783 1272 Homeri
1829 1209 2065 1272 demum
2108 1211 2481 1289 temporibus
2509 1221 2574 1273 et

318 1314 496 1373 etiam
528 1314 966 1374 recentioribus
993 1317 1223 1374 mutata
1247 1312 1312 1373 in
1336 1323 1429 1390 εσ,
1456 1312 1516 1373 id
1542 1313 1706 1390 quod
1730 1312 1950 1374 docent
1973 1313 2368 1391 complurium
2394 1325 2570 1375 voca-

319 1414 599 1476 bulorum
644 1416 920 1477 diversae
966 1416 1211 1486 formae.
1253 1416 1480 1478 alterae
1509 1431 1574 1478 a·
1590 1417 1779 1495 stupe
1822 1417 1884 1476 in
1932 1426 2033 1493 ασ,
2077 1415 2302 1477 alterae
2333 1434 2369 1475 a
2396 1417 2515 1476 st.'
2501 1435 2567 1476 ιιι

320 1528 393 1576 εσ
431 1517 769 1598 derivatae3
816 1516 890 1578 ef.
919 1518 1176 1580 Kahner
1220 1518 1387 1579 Ausf.
1417 1517 1520 1579 Gr.
1558 1536 1618 1595 p.
1639 1514 1781 1579 336.
1837 1517 2022 1580 Velut
2062 1510 2323 1598 βρέτας,
2365 1513 2570 1590 κῶας,

318 1598 546 1693 οὖδας,
573 1613 904 1696 κνέφαςίο
924 1639 1082 1681 nom
1096 1625 1159 1681 et
1173 1638 1301 1682 aec.
1317 1621 1704 1681 retinuerunt
1721 1637 1783 1699 α,
1810 1621 1871 1681 in
1893 1620 2108 1681 ceteris
2127 1620 2361 1680 casibus
2382 1625 2571 1681 muta-

318 1727 544 1783 verunt
584 1724 648 1782 in
693 1736 756 1780 e:
821 1715 1072 1799 κνέφας
1114 1722 1276 1801 apud
1321 1723 1648 1785 Homerum
1695 1723 1875 1784 etiam
1917 1723 1979 1782 iu
2024 1722 2282 1800 obliquis
2327 1722 2572 1782 casibus

316 1825 570 1886 retinuit
599 1841 659 1904 α,
701 1825 866 1903 apud
895 1824 1363 1903 Aristophanem
1393 1826 1723 1904 genitivum
1760 1825 1944 1886 babet
1970 1817 2280 1900 κνέφους.
2349 1825 2569 1900 Itaque

318 1933 386 1988 ut
413 1928 491 1988 ab
522 1906 750 2001 ουδας,
795 1927 968 1988 cuius
1012 1928 1161 1988 recti
1192 1931 1423 1988 tantum
1470 1946 1647 1989 casus
1691 1926 1853 2005 apud
1883 1928 2210 1989 Homerum
2254 1926 2479 1988 babent
2507 1943 2568 2004 α,
2682 1939 2687 1944 ·

318 2029 508 2092 ceteri
552 2047 612 2104 ε,
671 2009 1007 2091 derivatum
1053 2035 1144 2091 est
1186 2013 1488 2103 οὖδαῖος,
1546 2026 1952 2100 κατουδατος
1998 2034 2135 2108 cet„
2195 2028 2401 2106 quidni
2446 2047 2567 2090 vox

320 2134 538 2211 procul
585 2132 768 2194 dubio
809 2133 1214 2194 vetustissima
1255 2121 1573 2211 κραταιός
1617 2133 1881 2210 potuerit
1922 2132 2180 2194 derivari
2223 2150 2261 2191 a
2302 2120 2568 2211 κράτος,
2615 2181 2627 2196 ,

320 2235 485 2313 quod
528 2235 606 2297 ab
650 2214 859 2306 ουδας
899 2235 1065 2296 nulla
1108 2236 1226 2297 alia
1267 2253 1334 2297 re
1378 2234 1605 2314 differt,
1665 2254 1842 2315 quam
1889 2234 2052 2313 quod
2089 2236 2218 2314 jam
2259 2239 2401 2295 ante
2444 2234 2565 2294 Ho-

320 2340 468 2399 meri
511 2344 785 2415 tempora
828 2356 871 2398 α
913 2355 1086 2399 sunm
1131 2338 1494 2417 primitin
1538 2357 1659 2400 non
1703 2338 1898 2400 solnm
1941 2338 2004 2399 in
2040 2337 2300 2416 obliquis
2330 2335 2568 2398 casibus

319 2442 382 2501 in
427 2459 458 2501 ε
504 2441 613 2502 sed
654 2442 834 2503 etiam
877 2441 940 2503 in
984 2442 1167 2503 rectis
1210 2442 1449 2504 casibus
1489 2443 1551 2502 in
1590 2425 1638 2502 ὀ
1683 2440 1986 2503 mutavit?

494 2558 819 2639 λεχατος
879 2560 993 2639 Ap.
1044 2561 1156 2622 Bb.
1203 2563 1256 2641 1,
1314 2556 1477 2620 1182
1539 2555 1812 2641 λεχαίην
1868 2550 2214 2638 φυλλάδα;
2281 2578 2317 2620 a
2375 2508 2566 2620 Laeb-

319 2682 539 2725 manno
585 2662 883 2741 probabili
928 2664 1277 2742 conjectura
1321 2665 1662 2725 restitutum
1705 2669 1797 2724 est
1836 2662 2160 2741 Aeschylo,
2216 2662 2377 2739 Sept.
2420 2657 2568 2741 292,

317 2767 419 2827 ubi
449 2766 509 2826 in
544 2746 701 2826 Medss
723 2770 845 2826 est:
889 2754 1229 2845 δράκοντα
1258 2750 1496 2842 δ’ὥςις
1524 2758 1789 2826 τέκνων
1819 2749 1990 2843 ὅπερ
2023 2757 2283 2824 δέδοικε
2316 2757 2564 2863 λεχέων

650 2876 703 2913 a
761 2876 800 2913 α

313 2928 813 3015 δυοευνητορας
869 2922 913 2997 ἁ
953 2924 1095 2996 πάν
1133 2929 1155 3014 ΙΙ
1199 2878 1450 3016 τροῖος
1493 2925 1786 3011 πελειάς,
1846 2955 2008 2999 nunc
2070 2936 2253 3015 vulgo
2312 2934 2564 3013 legitur:

301 3026 698 3117 δράκοντας
755 3022 849 3109 ὥς
899 3054 999 3110 τις
1053 3031 1318 3099 τέκνων
1377 3026 1856 3118 ὑπερδέδοικεν
1914 3032 2200 3117 λεχαίων
2243 3024 2563 3095 δυσευνά-

314 3157 521 3217 τορας
561 3129 966 3220 πάντροφος
1017 3129 1307 3212 πελειάς.
1395 3141 1597 3219 Atque
1656 3141 1732 3201 ab
1785 3141 1918 3219 ipso
1973 3139 2215 3219 quidem
2260 3137 2562 3214 Aeschylo

315 3243 433 3304 hoc
477 3242 839 3303 vocabulum
884 3243 1194 3303 inventum
1238 3260 1371 3304 esse
1416 3261 1601 3321 quum
1644 3246 1915 3321 ‚propter
1967 3241 2384 3303 formationem
2443 3257 2561 3300 non

318 3345 599 3407 videatur
642 3362 774 3406 esse
818 3345 1147 3424 probabile,
1201 3345 1560 3424 antiquioris
1605 3345 1852 3423 originis
1895 3350 2077 3423 atque
2121 3360 2267 3405 usus
2303 3342 2566 3403 testimo-

318 3448 480 3509 nium
543 3465 682 3508 esse
738 3449 979 3510 videtur
1021 3448 1269 3527 emporii
1326 3448 1615 3510 Corinthii
1676 3466 1891 3510 nomen
1936 3440 2292 3526 Λέχαιον.
2387 3445 2567 3521 Quod

317 3551 647 3611 Pausanias
704 3546 770 3629 2,
814 3547 878 3627 2,
924 3547 960 3607 3
1025 3551 1357 3612 derivatum
1418 3555 1598 3630 putat
1651 3551 1729 3611 ab
1792 3551 1972 3611 heroe
2033 3548 2290 3628 quodam
2351 3541 2566 3627 Λέχης

317 3653 596 3732 Neptuni
641 3657 702 3713 et
744 3653 994 3714 Pirenes
1034 3652 1185 3713 filio:
1245 3652 1387 3715 mihi
1443 3672 1563 3714 non
1622 3653 1869 3715 dubium
1928 3656 2022 3713 est
2080 3653 2225 3730 quin
2268 3649 2567 3729 significet

315 3753 378 3814 id
421 3754 590 3832 quod
635 3773 823 3817 naves
865 3756 1108 3834 recipit,
1162 3754 1420 3816 navibus
1470 3754 1878 3817 subducendis
1930 3756 2124 3816 locum
2170 3754 2449 3831 praebet,
2505 3756 2566 3811 et

315 3857 392 3917 ab
436 3856 648 3917 eadem
680 3857 883 3919 radice
914 3857 1308 3937 descenderit,
1353 3857 1511 3918 unde
1543 3847 1875 3935 ναύλοχος
1905 3849 2273 3934 ναυλοχέω.
2349 3857 2564 3932 Neque

312 3966 514 4021 tamen
561 3952 835 4037 λέχαιον
892 3960 969 4021 ab
1027 3960 1163 4039 ipsa
1218 3960 1420 4022 radice
1473 3959 1590 4020 λεκ
1638 3959 1753 4038 λεχ
1795 3964 1996 4038 potest
2037 3977 2170 4021 esse
2214 3959 2564 4035 derivatum,

315 4079 450 4121 nam
512 4061 656 4122 hinc
712 4080 834 4123 non
891 4066 1131 4142 poterat
1187 4062 1555 4125 descendere
1615 4063 1730 4124 nisi
1786 4060 2096 4142 λοχαῑον,
2158 4068 2224 4122 ut
2276 4056 2563 4139 δοχαῖος,

313 4169 661 4242 πομπαῖος
717 4165 793 4225 al.
839 4194 842 4197 ·
888 4164 1285 4240 Quamobrem
1343 4165 1506 4228 haud
1550 4166 1874 4244 erraverit,
1931 4166 2036 4245 qui
2092 4165 2208 4226 boc
2265 4181 2481 4226 nomen
2527 4180 2564 4222 a

317 4259 507 4346 λέχος
553 4268 840 4345 originem
887 4268 1120 4345 cepisse
1164 4273 1355 4347 putet.
