3166 4871
1079 322 1161 376 De
1195 321 1399 376 nomin.
1434 322 1492 376 in
1526 339 1691 386 -αιος,
1762 325 1792 387 ξ
1834 327 1916 376 76.
2489 326 2612 387 227

357 497 862 581 προς-τίθεσθαι
904 521 1000 580 ap.
1045 501 1206 562 Cass.
1251 502 1428 562 Dion.
1460 502 1496 560 1.
1530 501 1563 559 l.
1681 501 1895 576 Neque
1942 504 2162 560 tamen‘
2185 500 2375 561 omitti
2419 504 2620 578 potest

358 605 750 684 vocabulum,
808 607 857 665 si
901 609 1130 666 rectum
1175 610 1294 680 est,
1349 604 1510 682 quod
1556 605 1828 681 sequitur
1871 592 1960 681 μὴ
2005 592 2130 682 γὰρ
2175 599 2294 681 τῆς
2336 592 2621 674 πόλεως.

361 708 536 769 Haec
567 709 723 768 enim
770 708 956 768 verba
1000 707 1348 768 desiderant
1387 708 1763 768 sententiam‘
1794 707 2172 767 contrariam.
2245 706 2363 767 Sed
2396 711 2458 766 et
2489 706 2621 784 ipsa

360 811 518 871 haec
564 811 751 872 verba
795 811 935 870 mihi
981 810 1264 871 videntur
1305 809 1658 886 suspiciosa.
1745 806 1903 882 Quid
1936 808 2247 869 enim'sibi
2288 809 2426 871 vult
2471 809 2620 869 haec

359 914 733 991 deprecatio,
773 930 960 990 quum
1008 916 1202 973 tamen
1258 912 1419 972 hunc
1464 912 1786 972 scelestum
1832 917 1891 972 et
1934 911 2304 989 piacularem
2349 910 2451 971 diu
2488 911 2619 990 jam

355 1018 430 1076 in
473 1016 622 1076 urbe
650 1033 804 1092 esse,
848 1016 1166 1093 omniaque
1213 1015 1315 1074 illa
1362 1015 1698 1075 ministrare
1744 1032 1949 1074 omnes
1980 1013 2243 1092 videant,
2287 1014 2491 1091 itaque
2521 1033 2610 1075 ur·

357 1120 503 1180 bem
526 1120 651 1197 jam
702 1119 1062 1179 maculatam
1086 1135 1218 1178 esse
1250 1118 1570 1195 oporteat?
1645 1117 1815 1190 Quae
1846 1134 2026 1193 quum
2062 1117 2143 1176 ita
2172 1118 2318 1194 sint,
2345 1120 2405 1176 et
2434 1134 2615 1194 quum

358 1208 586 1280 αὑτοῦ
613 1220 786 1299 illud,
833 1219 994 1298 quod
1027 1221 1317 1297 postulari
1353 1221 1555 1280 verbis
1579 1209 1668 1297 μὴ
1701 1208 1829 1297 γὰρ
1853 1215 1972 1297 τῆς
1998 1236 2073 1278 π.
2104 1218 2225 1279 dixi
2272 1217 2434 1292 (nam
2478 1219 2616 1280 sub-

356 1323 641 1402 intelligi,
684 1323 845 1401 quod
880 1324 1149 1383 Bromius
1180 1327 1371 1401 putat,
1401 1322 1565 1382 nullo
1599 1320 1773 1383 modo
1804 1320 2024 1398 potest)
2055 1321 2208 1383 desit
2238 1322 2399 1399 apud
2430 1322 2616 1399 Harp.
2716 1367 2725 1373 -

361 1432 432 1487 et
471 1427 535 1486 in
578 1425 883 1503 plerisque
932 1425 1255 1504 codicibus,
1301 1424 1386 1498 (in
1420 1427 1469 1486 F
1516 1423 1801 1503 erasum),
1845 1428 2193 1501 corruptum
2240 1442 2371 1485 esse
2416 1425 2613 1485 locum

356 1545 618 1603 censeo3
682 1515 895 1586 αὑτοῦ
939 1529 1171 1588 illatum
1217 1544 1349 1588 esse
1393 1527 1468 1589 ab
1514 1527 1938 1605 interpretibus
1983 1527 2113 1586 eius
2157 1526 2396 1602 generis
2442 1528 2614 1587 cuius
2683 1529 2692 1537 ’

353 1631 556 1691 schol.
598 1634 726 1707 est,
769 1635 831 1691 et
871 1620 959 1709 μὴ
1001 1620 1125 1709 γὰρ
1172 1619 1253 1708 δὴ
1301 1619 1408 1708 (δὴ
1457 1648 1568 1689 om.
1615 1630 1654 1708 f,
1700 1623 1803 1688 δεῖ
1844 1626 1908 1701 d)
1952 1629 2267 1706 irrepsisse
2309 1629 2369 1689 in
2416 1629 2612 1690 locum

355 1734 548 1794 nnius
592 1731 900 1793 cuiusdam
945 1733 1129 1793 vocis.
1217 1732 1334 1792 Sed
1367 1732 1517 1794 haec
1548 1751 1705 1809 quae
1738 1732 1920 1792 fuerit
1948 1730 2199 1792 difficile
2229 1735 2320 1792 est
2346 1733 2615 1793 inventu.

351 1828 647 1897 Putarem
706 1825 980 1913 μιαρόν,
1041 1836 1156 1895 nisi
1212 1835 1399 1896 schol.
1442 1837 1493 1895 Β
1551 1836 1667 1896 hac
1726 1835 1855 1912 ipsa
1907 1853 2083 1914 voce·
2110 1850 2388 1912 προςτρ.
2433 1835 2612 1895 inter-

339 1920 723 2016 pretaretur.
810 1938 1084 2016 Cogitavi
1128 1936 1204 1999 de
1248 1921 1486 2018 ἀναιδῆ
1504 1956 1523 1996 .·
1567 1939 1695 1998 sive
1741 1937 1905 1998 aliud
1949 1936 2309 1997 vocabulum
2342 1937 2455 1997 hac
2485 1935 2612 1997 fere

352 2041 666 2101 sententia
708 2041 1063 2118 requiritur:
1106 2030 1434 2119 μιάστορά
1462 2058 1534 2099 τε
1567 2036 1689 2117 τῆς
1716 2057 1806 2118 π.,
1849 2040 1947 2099 vel
1974 2035 2355 2117 καταγελᾶν
2386 2036 2508 2117 τῆς
2538 2055 2609 2099 π.

353 2143 484 2205 Sed
530 2144 578 2202 si
605 2144 932 2220 -quaeritur
975 2142 1124 2219 quid
1169 2142 1308 2202 mihi
1352 2143 1630 2203 videatur
1675 2160 1807 2203 esse
1854 2143 2100 2217 rectius,
2159 2131 2237 2201 τὸ
2280 2132 2612 2220 προςτρό-
2689 2172 2694 2178 -

353 2262 576 2304 παιον
617 2264 694 2306 an
737 2235 862 2304 τὸν
906 2262 1050 2324 xp„
1110 2264 1223 2322 ego
1287 2246 1603 2307 hominem·
1648 2264 1824 2323 quam
1870 2264 1996 2306 rem
2041 2244 2433 2322 significatam
2479 2263 2610 2306 esse

355 2348 538 2409 malo.
626 2349 782 2409 Nam
829 2348 901 2407 de
955 2348 1194 2408 homine
1238 2348 1401 2426 loqui
1447 2348 1712 2409 ostendit
1763 2348 2011 2408 verbum
2071 2331 2609 2425 ἀναστρέφεσθαι

356 2457 427 2512 et
468 2470 625 2529 quae
668 2456 1023 2537 sequuntur,
1067 2451 1328 2512 ostendit
1357 2470 1568 2512 versus
1600 2450 1884 2513 Hesiodei
1917 2451 2194 2527 analogia
2238 2449 2608 2528 (quanquam

350 2573 487 2615 rem
534 2574 645 2632 pro
688 2573 946 2632 persona
990 2556 1266 2631 usurpari
1311 2573 1489 2632 posse
1534 2554 1907 2617 demonstrat
1949 2553 2228 2631 Aeschyl.
2256 2553 2369 2630 Ag.
2417 2550 2608 2614 1645:

351 2641 535 2715 ἄλλά
576 2673 686 2715 νιν
727 2647 896 2735 γυνὴ
949 2647 1191 2736 Χώρας
1234 2651 1484 2735 μίασμα
1528 2650 1643 2715 καὶ
1687 2654 1875 2715 θεῶν
1930 2648 2275 2735 ἐγχωρίων
2309 2640 2607 2730 Ἔκτειν’,

267 2741 278 2752 ’
348 2760 507 2821 Cho.
557 2755 716 2818 1028
761 2758 1053 2819 Κτανεῑν
1096 2754 1171 2819 τέ
1214 2777 1380 2839 φημι
1423 2743 1650 2839 μητέρ’
1694 2744 1820 2818 οὐκ
1866 2745 2029 2818 ἄνευ
2073 2751 2289 2838 δίκης,
2346 2755 2606 2839 Πατρο-

215 2883 226 2890 ’
346 2851 616 2921 κτόνον
642 2857 892 2940 μίασμα
920 2857 1034 2921 καὶ
1065 2859 1254 2922 θεῶν
1285 2852 1526 2940 στύγος
1541 2882 1563 2933 ;
1617 2863 1722 2923 sed
1752 2862 1901 2923 haec
1931 2866 2026 2923 est
2055 2863 2284 2938 tragica
2315 2862 2608 2939 loquutio,

349 2982 521 3042 quae
577 2981 796 3043 prosae
851 2967 1140 3026 orationis
1195 2966 1508 3026 humilitati
1553 2966 1747 3025 minus
1792 2961 2118 3034 convenit).
2205 2963 2439 3024 Deinde
2482 2953 2607 3023 τὸν

349 3063 545 3145 paulo
585 3066 820 3128 facilius
865 3069 1052 3128 omitti
1100 3069 1368 3146 potuisse
1410 3073 1587 3146 puto,
1645 3070 1705 3127 iu
1767 3053 1981 3126 αὐτὸν
2038 3057 2163 3125 τὸν
2220 3067 2375 3126 enim
2423 3067 2604 3143 plane

345 3188 540 3249 pares
582 3172 724 3230 sunt
765 3171 1051 3250 syllabae,
1093 3172 1153 3231 in
1200 3160 1280 3228 τὸ
1325 3167 1650 3230 τοιοῦτον
1694 3171 1875 3248 paulo
1923 3169 2348 3229 dissimiliores.

530 3271 649 3332 Sed
694 3277 830 3333 utut
871 3274 932 3333 id
979 3279 1085 3350 est,
1130 3274 1256 3334 sive
1298 3264 1424 3332 τὸν
1465 3289 1739 3351 προςτρ.
1790 3273 2088 3349 significat
2132 3271 2371 3333 omnino
2418 3271 2601 3332 homi-

349 3394 494 3436 nem
548 3376 896 3453 scelestum,
953 3377 1278 3454 impurum,
1338 3377 1823 3453 contaminatum,
1879 3377 2006 3437 siue
2048 3364 2128 3434 τὸ
2174 3391 2446 3453 προςτρ.
2493 3393 2603 3452 pro

351 3468 439 3537 τὸ
482 3472 735 3556 μίασμα
779 3478 1002 3540 dictum
1047 3483 1156 3557 est,
1201 3483 1458 3555 utraque
1501 3478 1857 3558 significatio
1901 3479 2077 3539 facile
2121 3496 2195 3539 ex
2226 3478 2393 3538 vocis
2421 3478 2601 3554 signi-

350 3580 636 3643 ficatione
697 3583 942 3658 propria
986 3582 1249 3642 derivari
1293 3588 1509 3660 potest-
1597 3581 1713 3657 Qui
1759 3584 1958 3642 autem
2013 3581 2381 3658 explicemus
2440 3579 2602 3658 quod

349 3682 653 3743 vocabulo
712 3672 1213 3764 προςτρόπαιος
1274 3703 1396 3744 non
1457 3684 1635 3745 modo
1696 3683 2069 3761 significatur
2129 3684 2180 3744 is
2242 3683 2345 3761 qui
2406 3684 2603 3744 scelus
2732 3701 2739 3708 ·

351 3785 586 3863 aliquid
632 3788 911 3865 patravit,
954 3787 1061 3848 sed
1104 3788 1300 3865 etiam,
1344 3787 1507 3865 quod
1551 3787 1699 3848 locis
1742 3806 1928 3866 supra
1971 3787 2169 3848 citatis
2213 3787 2357 3847 satis
2385 3787 2601 3864 proba-

349 3889 572 3965 vimus,
612 3888 768 3966 ipse
807 3890 1129 3967 occisus,
1172 3894 1235 3951 et
1262 3890 1495 3950 malus
1542 3891 1800 3967 genius
1841 3890 1966 3968 qui
1996 3890 2082 3950 ab
2112 3889 2602 3950 interfectore

349 4009 658 4070 poenam
690 3993 1010 4068 repetit?
1082 3993 1354 4053 Fuerunt
1382 3993 1485 4070 qui
1515 3997 1818 4071 putarent,
1847 3995 2198 4082 mortuum
2227 3991 2365 4053 ideo
2396 3992 2599 4070 appel-

351 4095 466 4154 lari
509 4084 1142 4173 προςτρόπαιον,
1202 4096 1366 4174 quod
1411 4114 1449 4155 a
1493 4095 1607 4156 diis
1664 4100 1944 4174 posceret
1995 4095 2279 4156 auxilium
2332 4096 2432 4156 vel
2478 4096 2599 4155 vin-

351 4196 588 4273 dictam,
631 4187 742 4257 διὰ
785 4187 866 4257 τὸ
911 4192 1455 4277 προςτρέπεσθαι
1499 4188 1725 4271 θεούς,
1770 4216 1927 4275 quae
1963 4202 2057 4259 est
2086 4199 2384 4259 sententia
2414 4197 2601 4256 schol.

351 4302 414 4360 in
457 4300 678 4361 Aesch.
724 4299 868 4362 Cho.
915 4297 1034 4358 287
1083 4289 1189 4374 (τὸ
1231 4289 1356 4381 γὰρ
1404 4290 1757 4361 σκοτεινὸν
1799 4297 1944 4360 τῶν
1989 4294 2359 4379 ἐνερτέρων
2403 4292 2600 4372 βέλος
