3166 4871
525 260 644 323 118

1031 421 1397 518 ἠλιβάτοις,
1444 422 1529 497 ἵν’
1575 422 1749 521 ἀλκᾷ
1789 432 2077 509 πίσυνος
2117 432 2359 516 μέμυκε

1032 529 1378 619 φράζουσα
1424 537 1658 621 βοτῆρι
1700 529 2018 620 μόχθους.

521 643 679 720 Sept.
730 646 868 705 604.
1029 630 1120 714 ὡς
1164 632 1286 720 γὰρ
1334 628 1651 719 §vves-3319
1693 641 1939 702 πλοῖον
1984 627 2253 722 εὐσεβής
2299 628 2467 722 ἀνὴρ

1033 729 1341 804 ναύταισι
1387 744 1668 825 θερμοῖς
1713 740 1824 804 καὶ
1866 739 2284 824 πανουργίας
2324 739 2549 825 πλέῳς

1034 835 1292 906 ὄλωλεν
1335 854 1445 908 etc.

523 949 636 1029 Ag.
689 953 832 1011 423.
1041 935 1262 1029 μάταν
1305 939 1453 1030 γὰρ,
1499 929 1637 1009 εὖτ’
1685 937 1768 1008 ἄν
1812 939 2029 1009 ἐσθλά
2072 967 2173 1021 τις
2219 945 2448 1010 δοκῶν
2492 938 2634 1033 ὁρᾷ,

1032 1042 1522 1133 παραλλάξασα
1569 1042 1680 1113 διὰ
1720 1049 1937 1134 χερῶν

1033 1149 1317 1228 βέβακεν
1363 1141 1518 1233 ὄψις
1562 1159 1672 1216 etc.

527 1257 694 1331 Quae
739 1257 1008 1334 perfecta
1053 1259 1336 1335 „propius
1380 1260 1684 1336 praesenti
1733 1278 1856 1320 rem
1904 1263 2010 1318 ant
2068 1262 2403 1319 manentem
2452 1263 2556 1319 aut
2599 1260 2771 1318 itera-

526 1364 645 1420 tam
690 1353 1064 1438 significare“
1109 1359 1395 1421 videntur
1441 1361 1543 1435 (cf.
1591 1360 1803 1422 Brock.
1834 1362 1868 1420 l.
1900 1363 1936 1422 l.
1969 1381 2026 1438 p.
2056 1359 2181 1435 49).

698 1463 822 1521 Iam
867 1481 1013 1523 vero
1060 1464 1107 1522 si
1156 1462 1419 1523 eiusdem
1471 1463 1686 1539 studii,
1731 1463 1890 1524 unde
1937 1465 2041 1524 illa
2086 1465 2287 1524 aoristi
2334 1470 2394 1524 et
2438 1464 2774 1541 praesentis

527 1565 780 1625 variatio
838 1565 1152 1643 profluxit,
1227 1567 1345 1625 alia
1404 1567 1747 1625 testimonia
1808 1568 2180 1643 quaerimus,
2251 1567 2592 1644 praesentia
2651 1584 2771 1626 non

528 1685 726 1745 pauca
785 1668 1144 1742 offeruntur,
1201 1667 1261 1726 in
1319 1667 1536 1745 quibus
1602 1670 1959 1729 contrariam
2026 1668 2288 1729 eiusdem
2351 1667 2774 1728 vicissitudinis

529 1771 645 1829 vim
691 1771 1125 1848 cognoscimus.
1213 1771 1367 1831 Nam
1400 1771 1562 1848 quod
1612 1771 1759 1830 alias
1804 1772 2026 1832 aoristo
2057 1771 2212 1831 idem
2261 1789 2378 1831 non
2428 1789 2562 1831 raro
2608 1751 2780 1848 praeJ

529 1874 681 1932 senti
728 1877 905 1951 poeta
948 1874 1303 1952 assequitur.

1593 2090 1721 2172 ΙΙ.

702 2250 794 2308 Ex
848 2248 1128 2310 liberiore
1188 2252 1341 2310 enim
1403 2250 1661 2327 quadam
1724 2251 2019 2311 sentiendi
2077 2256 2136 2310 et
2180 2249 2483 2327 cogitandi
2545 2250 2776 2310 ratione

531 2350 610 2422 fit,
657 2354 723 2410 ut
765 2352 941 2411 etiam
988 2352 1061 2412 ad
1109 2370 1235 2422 res,
1280 2372 1438 2429 quae
1482 2358 1832 2430 praesentes
1879 2372 1996 2413 non
2044 2358 2201 2430 sunt,
2260 2354 2591 2430 praesentis
2637 2370 2779 2412 usus

532 2453 944 2514 transferatur.
1061 2457 1276 2533 Neque
1337 2463 1633 2533 repugnat
1692 2456 1830 2516 huic
1903 2456 2181 2516 licentiae
2255 2459 2384 2533 ipsa
2445 2456 2780 2533 praesentis

534 2560 777 2626 natura,
841 2574 970 2615 cum
1038 2562 1098 2617 et
1156 2560 1398 2634 stirpem
1449 2560 1784 2635 praesentis
1849 2559 2064 2618 nullam
2131 2558 2416 2635 temporis
2477 2558 2778 2618 notionem

534 2658 847 2735 complecti
873 2655 945 2730 15)
1008 2665 1066 2718 et
1125 2666 1364 2736 praeter
1424 2659 1806 2720 indicativum
1869 2665 2100 2720 ceteros
2162 2662 2497 2737 praesentis
2557 2661 2782 2736 modos,

536 2760 888 2821 infinitivum
934 2763 1285 2836 praesertim
1332 2767 1392 2823 et
1433 2764 1845 2841 participium,
1888 2765 2174 2839 temporis
2222 2763 2463 2824 notione
2509 2763 2782 2840 neglecta

536 2862 683 2923 nihil
715 2863 829 2922 nisi
872 2865 1162 2924 actionem
1210 2864 1617 2942 imperfectam
1664 2865 1999 2943 significare
2045 2871 2277 2926 constet
2299 2862 2388 2937 ¹⁶).

708 2965 799 3025 Ac
827 2966 1083 3026 ncillam
1109 2967 1343 3043 quidem
1378 2968 1664 3044 temporis
1694 2970 2015 3047 notionem,
2046 2986 2200 3045 quae
2230 2967 2553 3028 indicativo
2580 2986 2784 3044 quam·

536 3087 714 3146 quam
745 3069 873 3146 ipsa
916 3070 1045 3129 eius
1075 3068 1266 3130 forma
1295 3088 1413 3130 non
1447 3089 1734 3147 expressa
1764 3072 2035 3149 accessit,
2078 3070 2521 3149 angustioribus
2566 3069 2782 3146 finibus

535 3171 823 3231 inclusam
858 3189 989 3232 esse
1036 3190 1107 3232 ex
1155 3191 1348 3233 rerum
1383 3179 1599 3233 natura
1644 3175 2046 3250 consequitur,
2093 3175 2373 3251 quoniam
2405 3174 2465 3233 in
2499 3174 2781 3233 continua

536 3273 681 3352 fuga
724 3291 924 3333 rerum
970 3292 1257 3350 praesens
1302 3280 1536 3353 tempus
1583 3294 1702 3335 non
1749 3293 1881 3336 esse
1925 3279 2156 3352 posset,
2219 3277 2362 3352 nisi,
2405 3275 2565 3351 quod
2613 3293 2779 3351 prae-

537 3376 874 3435 terfluendo
920 3394 1156 3452 semper
1200 3377 1488 3454 elabitur,
1544 3379 1741 3438 animo
1789 3379 2090 3438 hominum
2137 3379 2219 3437 ita
2263 3376 2679 3455 perciperetur
2723 3382 2783 3438 et

540 3476 940 3538 custodiretur
988 3481 1286 3555 memoria,
1330 3484 1397 3539 ut
1442 3499 1513 3539 ex
1558 3499 1757 3540 rerum
1801 3480 2040 3540 flumine
2086 3485 2432 3541 revocatum
2479 3484 2780 3556 tamquam

541 3581 761 3640 morari
834 3580 1163 3658 paullulum
1225 3588 1286 3641 et
1344 3584 1725 3658 acquiescere
1797 3581 2220 3659 cogereturss).
2332 3582 2466 3655 Quo
2547 3581 2646 3661 fit,
2717 3587 2785 3642 ut

716 3745 779 3810 ¹⁸)
814 3742 1131 3797 Delbriick:
1175 3743 1290 3797 Der
1336 3742 1503 3799 Gebr.
1542 3744 1595 3799 d.
1633 3744 1789 3801 Coui.
1829 3761 1880 3799 u.
1919 3745 2047 3815 Opt.
2082 3745 2152 3799 im
2206 3743 2423 3799 Sanscr.
2465 3761 2515 3799 u.
2562 3743 2782 3799 Griech.

540 3846 594 3898 p.
619 3833 648 3881 7
685 3828 820 3883 haec
855 3828 1167 3883 contendit:
1206 3829 1295 3883 die
1332 3829 1815 3898 Tempusstiimme
1853 3829 1953 3884 des
1983 3830 2259 3884 Praesens
2296 3830 2409 3883 und
2432 3827 2627 3884 Aorist
2664 3834 2782 3885 eut-

540 3914 729 3969 halten
763 3944 829 3953 —-
866 3912 1049 3968 nichts
1086 3929 1192 3968 von
1233 3914 1571 3981 Gegenwart
1607 3915 1722 3969 und
1759 3914 2218 3984 Vergangenheit
2252 3915 2309 3969 in
2346 3913 2484 3969 sich.

717 4001 777 4065 10)
815 3997 901 4055 Cf.
933 3997 1151 4052 Kohlm.
1188 3999 1283 4053 1..1
1321 4003 1430 4066 §1-
1457 4014 1502 4054 e.
1543 4016 1634 4069 pg.
1661 4005 1721 4068 e·
1758 4003 1873 4067 §3‚
1899 4017 1947 4055 a.
1983 4015 2076 4070 pg.
2117 4005 2194 4055 13.
2222 4001 2272 4068 b,
2310 4016 2364 4068 p.
2404 3989 2481 4055 14'.
2537 3998 2781 4054 Kahner.

541 4086 635 4142 Gr.
660 4086 730 4155 11,
759 4090 803 4139 1.
839 4087 1010 4154 5389,
1034 4088 1082 4137 3.
1153 4085 1384 4140 Curtius
1421 4084 1513 4139 Gr.
1539 4085 1713 4157 §wa
1784 4083 2135 4140 Schmalfeld.
2163 4085 2198 4139 l.
2223 4086 2259 4139 l.
2285 4101 2338 4156 p.
2365 4088 2447 4139 88.

716 4173 781 4240 ¹⁷)
813 4169 898 4225 De
934 4169 1037 4225 hac
1071 4184 1129 4226 re
1152 4169 1270 4240 jam
1306 4169 1589 4226 Hatrisius
1626 4167 1695 4225 cf.
1727 4169 1959 4225 Hermes
1996 4187 2050 4241 p
2077 4173 2142 4226 86
2179 4169 2463 4225 subtiliter
2498 4168 2782 4273 disseruit.

541 4255 626 4313 Cf.
663 4257 826 4313 etiam
864 4256 1136 4327 Krueger.
1160 4253 1254 4312 Gr.
1278 4254 1399 4326 Spr.
1419 4256 1461 4325 1,
1497 4260 1633 4324 §53-
