3166 4871
573 297 693 359 194

568 467 819 548 phonte)
878 471 1267 547 Aeschinem,
1327 473 1430 548 qui
1484 471 1788 531 Theodori
1849 470 1962 531 fuit
2018 470 2398 546 tritagonista
2439 466 2635 543 (Dem.
2681 468 2737 527 d.
2768 467 2807 527 f.

567 572 602 631 1.
635 576 755 633 246
804 571 977 645 (418)
1033 603 1114 612 -
1174 562 1566 649 ,Θεόδωρος
1612 567 1724 630 καὶ
1776 556 2247 652 Ἀριστόδημος,
2304 559 2404 641 οἷς
2463 552 2667 642 οὗτος
2724 559 2808 628 τὰ

566 668 757 752 τρίτα
791 669 1008 753 λέγων
1041 667 1434 734 διετέλεσεν“
1473 674 1602 751 -),
1646 681 1849 753 partes
1882 676 2109 752 egisse:
2159 677 2324 734 Dem.
2356 676 2431 733 ib.
2463 677 2584 734 337
2633 672 2806 746 (449)

570 808 656 854 -χ
684 762 835 850 „fite
864 770 984 855 μὲν
1013 767 1099 836 τὰ
1133 772 1433 837 Θυέστου
1477 773 1589 836 καὶ
1622 774 1762 836 τῶν
1807 770 1917 836 ἐπὶ
1957 772 2156 859 Τροίᾳ
2184 766 2362 836 κακὰ
2387 760 2806 857 ἧγωνίζετο“,

568 882 643 940 de
700 899 818 940 cor.
871 884 991 942 180
1058 878 1266 954 (288);
1325 911 1405 920 -
1473 870 1952 961 ,Κρεσφόντην
2016 867 2056 959 ἢ
2116 874 2425 958 Κρέοντα
2478 866 2518 958 ἢ
2572 866 2661 936 ὃν
2731 871 2805 935 ἐν

571 980 903 1061 Κολλυτῷ
945 999 1111 1042 ποτε
1148 969 1486 1061 Οἰνόμαον
1517 980 1743 1054 κακῶς
1774 975 2191 1062 ἐπέτριψας.“
2245 983 2319 1042 cf.
2351 982 2428 1042 ib.
2460 977 2579 1042 267
2616 977 2807 1053 (315).

739 1087 1001 1146 Fabulae
1033 1087 1402 1164 Sophocleae
1448 1107 1485 1146 a
1527 1087 1849 1147 Theodoro
1896 1090 2064 1146 actae
2096 1085 2513 1162 significantur
2558 1104 2594 1143 a
2644 1087 2807 1143 Dem.

568 1187 626 1249 d.
673 1189 712 1248 f.
755 1188 792 1248 1.
824 1193 944 1251 246
991 1187 1190 1262 (418):
1249 1220 1334 1230 —
1385 1173 1802 1268 ,Ἀντιγόνην
1858 1182 1927 1247 δὲ
1976 1181 2415 1263 Σοφοκλέους
2471 1171 2806 1255 πολλάκις

564 1285 686 1368 μὲν
735 1281 1087 1370 θεόδωρος
1127 1280 1454 1362 πολλάκις
1500 1285 1571 1350 δὲ
1624 1276 2081 1373 ,Ἀριστόδημος
2126 1278 2600 1368 ὑποκέκριται“
2666 1295 2727 1348 et
2771 1308 2806 1347 a

566 1395 916 1454 Plutarcho:
957 1400 1208 1472 quaesti„
1244 1414 1414 1456 conv.
1447 1396 1547 1466 IX,
1581 1401 1638 1473 6,
1671 1396 1769 1455 ubi
1803 1397 1951 1455 haec
1985 1398 2181 1454 exstat
2210 1393 2455 1454 fabella:
2500 1392 2805 1452 Theodori

567 1515 814 1557 uxorem
848 1498 1167 1557 certamine
1201 1498 1460 1558 instante
1492 1499 1873 1559 concubitum
1907 1515 2249 1568 recusasse;
2295 1499 2577 1557 victorem
2609 1501 2803 1555 antem

567 1619 599 1658 e
646 1602 969 1659 certamine
1014 1619 1350 1676 regressum
1401 1602 1492 1660 bis
1536 1601 1774 1661 affatam
1820 1620 1951 1661 esse
1996 1601 2222 1660 verbis:

659 1686 1123 1780 „s'dyaue'vorog
1167 1709 1320 1775 παῖ,
1367 1698 1497 1762 νῦν
1540 1685 1736 1760 ἐκεῖν’
1782 1694 1993 1778 ἔξεστί
2038 1703 2180 1762 σοι“
2275 1702 2574 1779 (Sophocl.
2620 1702 2807 1760 Elect.

2538 1822 2595 1863 v.
2640 1801 2722 1875 2).

736 1907 1021 1967 Eximiam
1069 1907 1305 1968 laudem
1336 1908 1657 1968 Theodoro
1704 1910 1967 1985 impertit
1997 1908 2349 1968 Aristoteles
2379 1905 2613 1967 duobus
2643 1906 2806 1965 locis.

567 2011 774 2070 Priore
835 2012 1011 2084 (rhet.
1060 2012 1163 2089 111,
1201 2016 1255 2083 2,
1301 2014 1364 2082 4)
1421 2017 1689 2071 oratores
1741 2011 1915 2088 jubet
1972 2012 2223 2088 simplici
2285 2029 2357 2069 ac
2411 2009 2666 2069 candido
2722 2009 2806 2067 uti

567 2115 994 2191 pronuntiandi
1036 2132 1273 2190 genere,
1320 2134 1435 2174 non
1484 2116 1757 2191 quaesito
1803 2119 1863 2173 et
1908 2113 2215 2191 simulat03
2261 2113 2408 2172 illud
2443 2113 2595 2172 enim
2628 2111 2802 2170 fidem

565 2215 766 2276 facere
841 2217 953 2276 hoc
1020 2218 1168 2277 nulli
1242 2217 1633 2294 persuadere:
1709 2248 1817 2287 „--
1873 2204 2024 2275 οἷον
2087 2203 2128 2295 ἡ
2191 2203 2553 2292 Θεοδώρου
2613 2197 2807 2290 φωνὴ

564 2313 874 2377 πέπονθε
925 2304 1096 2398 πρὸς
1136 2309 1265 2397 τὴν
1310 2315 1448 2377 τῶν
1495 2305 1728 2378 ἄλλων
1774 2306 2187 2397 ὑποκριτῶν.
2256 2304 2297 2395 ἡ
2341 2311 2467 2395 μὲν
2509 2301 2637 2393 γὰρ
2680 2309 2805 2373 τοῦ

568 2415 885 2499 λέγοντος
931 2411 1149 2481 ἔοικεν
1190 2411 1380 2495 εἶναι,
1429 2413 1494 2481 αἱ
1541 2405 1601 2481 d'
1648 2408 2048 2502 άλλότριαι.“

738 2524 845 2585 Cui
909 2526 1040 2585 loco
1086 2526 1429 2586 Aristotelio
1491 2525 1799 2601 Grysarus
1862 2533 1923 2585 et
1982 2525 2409 2602 Bernhardyus
2466 2523 2807 2601 adjungunt

566 2626 721 2686 Plnt.
766 2628 969 2687 moral.
1014 2629 1234 2699 locum,
1296 2627 1372 2688 de
1431 2627 1567 2688 and.
1613 2635 1770 2705 poet.
1817 2631 1882 2706 3,
1945 2628 2042 2687 ubi
2098 2628 2482 2688 Theodorum
2542 2631 2801 2687 actorem

567 2729 891 2805 significari
925 2733 1271 2809 opinantur3
1317 2731 1420 2791 sed
1456 2750 1586 2790 mea
1617 2730 1856 2808 quidem
1889 2731 2189 2791 sententia
2215 2731 2277 2790 in
2310 2731 2491 2791 dubio
2523 2734 2805 2805 remanet,

569 2851 710 2891 unm
778 2834 1096 2895 histriones
1170 2833 1535 2910 intelligendi
1606 2835 1726 2893 sint
1784 2835 1842 2894 in
1908 2834 2108 2894 verbis
2173 2818 2434 2910 „656er
2499 2822 2627 2910 γὰρ
2685 2818 2805 2900 ὑὸς

565 2925 733 3016 βοὴν
755 2931 867 2995 καὶ
889 2925 1121 3015 ψόφον
1145 2930 1480 3014 τροχιλίας
1499 2930 1612 2994 καὶ
1634 2925 2042 3013 πνευμάτων
2065 2927 2296 3014 ῥοῖζον
2321 2929 2433 2995 καὶ
2457 2923 2805 3012 θαλάττης

564 3028 830 3099 κτύπον
876 3023 1241 3111 ἀκούοντες
1302 3028 1759 3117 ἐνοχλούμεθα
1824 3033 1937 3098 καὶ
1998 3033 2545 3117 δυσχεραίνομεν·
2601 3022 2686 3095 ἂν
2733 3029 2807 3093 δέ

563 3160 665 3213 τις
723 3140 1032 3213 πιθανῶς
1090 3137 1305 3217 ταῦτα
1361 3137 1667 3221 μιμῆται,
1732 3131 2044 3220 καθάπερ
2102 3135 2476 3219 Παρμένων
2529 3129 2656 3219 τὴν
2718 3121 2806 3197 ὗν

565 3240 674 3304 καὶ
726 3234 1075 3323 Θεόδωρος
1120 3234 1239 3315 τὰς
1281 3238 1639 3323 τροχιλίας,
1683 3231 2041 3324 ἡδόμεθα“,
2087 3245 2185 3304 ubi
2226 3244 2586 3304 Plutarchus
2632 3241 2806 3301 nudis

565 3349 753 3407 utitur
806 3340 1182 3424 nominibus‚'
1232 3366 1597 3425 quamquam
1659 3367 1776 3408 non
1847 3348 2036 3407 solum
2096 3347 2400 3408 Theodori
2461 3346 2567 3407 sed
2626 3346 2804 3406 etiam

564 3450 999 3529 Parmenontis‚
1043 3450 1253 3510 comici
1295 3450 1619 3528 histrionis,
1666 3469 1880 3510 nomen
1929 3454 2126 3510 exstat
2170 3449 2290 3523 (Ps.
2333 3450 2579 3510 Aristot.
2616 3446 2806 3525 probl.

567 3556 667 3629 27,
698 3558 762 3629 33
809 3553 1087 3613 Aeschin.
1117 3552 1269 3612 Tim.
1304 3557 1456 3631 1573
1518 3553 1700 3612 inser.
1745 3571 1840 3629 ap.
1884 3553 2217 3613 Kohlerum
2261 3553 2298 3611 l.
2330 3553 2365 3612 1.
2399 3553 2507 3628 111,
2551 3570 2606 3628 p.
2639 3546 2806 3622 246).

736 3655 1004 3715 Alterum
1053 3655 1246 3716 locum
1292 3654 1740 3733 Aristotelium‚
1795 3656 1966 3733 cujus
2010 3656 2308 3716 sententia
2351 3674 2387 3714 a
2431 3655 2573 3715 viris
2618 3654 2807 3714 doctis

564 3759 728 3819 varie
774 3758 1078 3818 intellecta
1122 3761 1243 3836 est,
1309 3757 1458 3835 legis
1511 3759 1571 3816 in
1618 3758 1791 3819 Polit.
1836 3758 1966 3835 VH,
1999 3762 2095 3832 15,
2130 3763 2233 3821 10:
2294 3789 2419 3829 „—-
2452 3743 2637 3827 Ἴσως
2679 3745 2806 3834 γὰρ

565 3846 650 3920 οὐ
707 3857 934 3931 κακῶς
996 3850 1174 3939 ἔλεγε
1232 3846 1312 3919 τὸ
1365 3855 1688 3918 τοιοῦτον
1751 3848 2102 3940 Θεόδωρος
2168 3848 2206 3918 ὁ
2268 3857 2385 3940 τῆς
2435 3852 2806 3938 τραγῳδίας

561 3951 928 4045 ὑποκριτὴς
961 3977 972 3988 ·
1007 3948 1231 4023 οὐδενὶ
1278 3951 1401 4041 γὰρ
1442 3952 1721 4021 πώποτε
1753 3960 2058 4042 παρῆκεν
2090 3953 2337 4022 ἑαυτοῦ
2366 3951 2803 4042 προεισάγειν,

566 4051 724 4127 οὐδὲ
769 4062 911 4126 τῶν
949 4050 1246 4125 εὐτελῶν
1273 4052 1688 4144 ὑποκριτῶν,
1733 4052 1824 4135 ὡς
1854 4056 2334 4143 οἰκειουμένων
2361 4061 2507 4123 τῶν
2535 4060 2806 4123 θεατῶν

562 4178 708 4241 ταῖς
750 4160 1046 4251 πρώταις
1093 4155 1379 4239 άκοαῑς.“

734 4273 1086 4352 Philosophi
1131 4271 1329 4332 verbis
1373 4274 1637 4332 statuere
1685 4272 1953 4349 cogimur
1997 4270 2379 4330 Theodorum
2426 4271 2484 4329 in
2532 4269 2806 4331 omnibus
