3166 4871
2483 274 2603 334 157

367 447 443 508 Et
489 448 835 508 Dindorfius
879 450 1117 525 quidem
1164 446 1416 520 (adnott.
1460 449 1534 508 ad
1582 449 1762 509 Arist.
1810 447 1967 507 sabb.
2010 447 2082 506 ad
2134 466 2183 504 v.
2232 450 2380 507 579)
2440 446 2603 523 quod

367 550 484 610 huc
529 552 826 629 pertineat
867 552 1134 612 scholion
1181 557 1403 612 temere
1448 552 1524 611 ad
1572 571 1626 612 v.
1671 555 1793 613 566
1850 550 2201 610 translatum
2248 550 2448 627 ibique
2493 567 2604 626 pro

365 645 758 732 „Alamos
811 684 895 694 -
947 645 1314 733 »Οἴαγροᾷ
1363 654 1678 731 legendum
1727 671 1857 714 esse
1902 652 2127 713 statuit„
2228 649 2600 711 Dindorfium

363 756 680 816 Richterus
738 755 853 829 (ed.
913 757 1016 817 Ar.
1073 775 1235 834 vesp.
1285 758 1402 817 Brl.
1454 759 1645 833 1858,
1706 776 1761 834 p.
1808 752 1957 829 261)
2027 760 2249 814 temere
2293 753 2604 832 judicasse

364 858 674 919 contendit
725 863 786 919 et
841 858 1135 919 refutasse
1193 859 1302 920 sibi
1363 860 1634 937 videtur,
1691 877 1871 937 quum
1920 857 2095 918 dicit:
2168 857 2281 928 „ibi
2326 856 2603 934 Aesopus

362 960 581 1021 dicitur
635 966 803 1022 actor
870 950 1333 1042 ηγελοιώδης“,
1391 964 1486 1022 hic
1546 962 1622 1023 de
1678 961 1834 1022 bono
1892 961 2092 1038 agitur
2135 957 2390 1021 actore.“
2485 957 2601 1020 Sed

362 1082 482 1123 non
531 1062 669 1124 inde
715 1063 877 1141 quod
926 1068 1201 1141 Aesopus
1244 1065 1322 1124 ibi
1368 1065 1589 1125 dieitur
1638 1052 2069 1143 ηγελοιώδηᾷ
2121 1061 2413 1122 Dindorfii
2465 1078 2602 1121 con·

353 1165 595 1243 jectura
638 1167 712 1226 ad
759 1168 990 1228 irritum
1039 1167 1226 1228 cadit:
1272 1167 1549 1245 equidem
1599 1185 1719 1226 non
1764 1164 1959 1236 video,
2006 1182 2115 1224 cur
2159 1162 2599 1240 tragoediarum

360 1273 529 1328 actor
601 1270 1149 1346 praestantissimus
1221 1270 1372 1330 idem
1449 1273 1623 1330 extra
1686 1286 1925 1330 scenam
1997 1268 2170 1328 homo
2249 1267 2480 1326 facetus
2543 1270 2605 1326 et

350 1372 600 1449 jocosus
675 1390 809 1433 esse
887 1391 1006 1433 non
1073 1374 1367 1450 potuerit:
1439 1372 1761 1432 Richterus
1836 1389 2017 1449 quum
2095 1368 2259 1448 quod
2325 1368 2603 1445 Aesopus

357 1459 718 1552 γελοιώδης
805 1474 1023 1535 dicitur
1111 1475 1453 1535 offendatur
1539 1476 1713 1535 etiam
1806 1474 2027 1535 offendi
2117 1471 2347 1550 debuit,
2434 1470 2597 1549 quod

361 1577 696 1653 Aeschylus
726 1577 901 1637 talem
943 1578 1288 1638 histrionem
1338 1562 1673 1659 γελοιώδη
1721 1577 1830 1638 sibi
1877 1577 2272 1654 assumpsisse
2318 1574 2599 1642 traditum

359 1679 499 1740 ferri
560 1684 758 1740 autem
817 1682 1024 1758 nequit
1081 1680 1369 1741 Dindorfii
1435 1681 1786 1759 conjectura
1846 1698 2027 1758 quum
2092 1678 2252 1756 quod
2303 1696 2418 1738 vox
2471 1693 2597 1754 „ye-

360 1767 682 1862 λοιώδης“
749 1783 956 1844 scholii
1022 1788 1082 1844 et
1141 1803 1258 1844 vox
1310 1777 1654 1862 „ydiotoff‘
1714 1803 1773 1842 v.
1817 1786 1940 1845 566
1988 1782 2250 1860 separari
2300 1798 2417 1840 non
2464 1796 2598 1856 pos·

357 1890 498 1944 sunt
529 1903 723 1962 neque
759 1887 816 1946 in
860 1906 912 1945 v.
945 1889 1068 1948 579
1116 1885 1441 1964 quidquam
1475 1888 1796 1963 invenitur,
1841 1903 1959 1963 quo
1992 1903 2110 1945 vox
2160 1872 2592 1962 ηγελοιώδης“

357 1988 685 2062 pertineat,
751 1991 874 2048 tum
950 1988 1114 2065 quod
1183 1988 1385 2049 verbis
1459 1988 1675 2066 prioris
1739 1987 1947 2047 scholii
2018 1974 2389 2064 „Aloxuiov
2455 1969 2599 2064 δ’ἦν

359 2074 762 2167 {mozon-vj&
814 2090 914 2148 vix
962 2092 1328 2150 conveniunt
1373 2091 1617 2150 alterius
1665 2090 1846 2150 verba
1898 2083 2046 2162 „xaz
2090 2074 2212 2167 γὰρ
2257 2075 2595 2167 ὑπεκρίθη

356 2174 481 2269 τὴν
529 2176 787 2271 Νιόβην
835 2178 873 2270 ἢ
918 2185 1358 2267 Σοφοκλέους
1413 2180 1453 2273 ἢ
1508 2181 1911 2272 Αἰσχύλου“.
1974 2222 2055 2232 —-
2107 2192 2428 2252 Richterus
2473 2190 2600 2267 ipse

359 2296 580 2353 rectam
613 2294 968 2354 emendandi
999 2296 1154 2354 viam
1187 2294 1386 2355 iniisse
1419 2296 1555 2355 mihi
1589 2296 1826 2357 videtur
1858 2313 2042 2372 quum
2074 2293 2258 2355 verba
2302 2286 2596 2373 ῃεῖρηται

354 2384 728 2489 πρότερον“
780 2398 861 2458 ita
905 2398 1194 2478 explieat,
1257 2403 1324 2460 ιιι
1377 2399 1434 2459 ἰιι
1500 2400 1699 2476 priore
1747 2398 1971 2460 scholio
2033 2403 2167 2476 post
2223 2384 2597 2475 ,Αἰσχύλου

356 2484 499 2580 δ’ἠυ
570 2486 974 2580 ὑποκριτής“
1041 2502 1334 2562 excidisse
1399 2503 1736 2579 suspicetur
1797 2504 1945 2562 haec
2002 2501 2129 2562 fere
2184 2500 2397 2562 verba:
2470 2485 2598 2571 ηὼς

355 2597 468 2662 καὶ
518 2595 874 2682 Οἵαγρος“;
921 2600 1297 2683 quamquam,
1344 2622 1526 2682 quum
1571 2605 1951 2665 restitutione
1983 2604 2284 2681 Oeagrum
2317 2601 2596 2679 Aeschyli

350 2710 610 2767 actorem
678 2706 886 2784 faciat,
947 2726 1125 2767 versu
1173 2711 1295 2769 579
1342 2692 1540 2768 autem
1590 2707 1905 2786 Sophoclis
1952 2708 2292 2768 histrionem
2342 2704 2596 2781 intelligi

343 2809 587 2888 jubeat,
635 2809 954 2869 infeliciter
1007 2810 1282 2870 restituit.
1341 2811 1659 2871 Richterus
1690 2812 1870 2887 igitur
1901 2811 2030 2871 loco
2060 2810 2259 2888 priore
2290 2808 2594 2884 Aesopum

357 2912 641 2988 Aeschyli
706 2915 970 2972 actorem
1035 2911 1354 2988 significari
1422 2914 1733 2990 opinatur,
1805 2911 1865 2971 id
1933 2911 2096 2989 quod
2164 2912 2328 2971 hisce
2393 2909 2597 2969 verbis

355 3012 656 3075 defendit:
703 3015 1033 3091 „Aesopum
1084 3033 1201 3076 non
1247 3018 1481 3092 poetam
1524 3014 1631 3075 sed
1663 3019 1921 3075 actorem
1955 3012 2298 3091 tragoediae
2329 3013 2597 3089 ineptum

353 3117 548 3194 tangi,
606 3115 753 3176 illud
803 3115 1008 3185 docet,
1072 3116 1235 3193 quod
1283 3106 1575 3194 μύθους,
1623 3118 1744 3177 scil.
1777 3117 2016 3194 Aesopi,
2051 3117 2175 3193 jam
2227 3113 2594 3175 memoravit.

354 3219 476 3279 Iam
539 3237 722 3296 quum
783 3219 1002 3296 Aesopi
1074 3212 1301 3296 γέλοια
1367 3220 1425 3280 in
1483 3238 1701 3297 magno
1757 3219 1983 3280 honoro
2043 3220 2186 3289 sint,
2259 3237 2331 3279 eo
2392 3216 2593 3278 acrius

354 3321 663 3382 deridetur
707 3323 1145 3399 tragoediarum
1193 3326 1360 3383 actor
1406 3311 1829 3402 γελοιώδης“.
1936 3320 2051 3382 Sed
2099 3321 2372 3399 equidem
2422 3320 2594 3381 Rich·

353 3423 464 3484 teri
509 3425 879 3502 argumentis
927 3443 1045 3485 non
1093 3444 1496 3502 commoveor,
1558 3429 1625 3485 ut
1681 3426 2038 3487 scholiastae
2096 3423 2269 3486 fidem
2318 3424 2591 3485 tribuam.

353 3527 614 3585 Primum
661 3544 845 3604 nego,
890 3528 948 3588 in
996 3527 1172 3589 nudis
1215 3528 1416 3589 verbis
1466 3519 1566 3601 „oi
1613 3521 1685 3587 δὲ
1735 3522 2044 3606 λέγουσιν
2086 3517 2347 3605 μύθους
2390 3508 2585 3606 ἦμῐν“

354 3629 575 3705 Aesopi
634 3613 898 3706 μύθους
956 3630 1258 3691 subaudiri
1325 3648 1571 3691 necesse
1634 3649 1777 3691 esse.
1874 3632 2026 3691 Tum
2075 3630 2200 3690 fieri
2248 3648 2364 3690 non
2416 3647 2590 3708 posse

354 3731 491 3791 mihi
548 3730 808 3809 videtur,
861 3737 927 3792 ut
988 3735 1361 3793 enuntiatum
1423 3718 1784 3805 „Alocuxov
1829 3728 2135 3812 γέλοιον“
2181 3734 2277 3795 vel
2340 3727 2592 3805 „Alum-

348 3819 558 3893 πικὸν
600 3828 901 3913 γέλοιον“
969 3835 1132 3914 quod
1186 3837 1244 3896 iu
1294 3836 1675 3914 proverbium
1721 3836 1864 3897 abiit
1907 3843 1967 3897 et
2011 3837 2350 3914 ubicunque
2395 3839 2594 3896 exstat

349 3937 422 3997 ad
482 3937 781 4014 Aesopum
845 3937 1180 3997 fabularum
1239 3943 1473 4015 poetam
1531 3940 1793 4017 pertinet
1848 3939 1976 4013 (Ar.
2039 3956 2208 4016 vesp.
2268 3958 2324 3999 v.
2390 3941 2588 4001 1257:

350 4028 744 4099 Αἰσωπικὸν
775 4033 1044 4118 γέλοιον
1073 4026 1615 4122 ἢΣυβαριτικόν.
1668 4042 1836 4102 Prov.
1868 4061 2005 4120 app.
2038 4044 2081 4118 Ι,
2116 4046 2223 4103 11:
2264 4025 2589 4102 Αἰσώπου

350 4139 620 4218 ydola:
664 4126 886 4213 οὕτως
929 4134 1167 4220 ἔλεγον
1210 4124 1376 4215 τούς
1417 4134 1743 4204 Αῖσώπου
1785 4129 2054 4222 μύθους
2097 4137 2170 4204 ἐν
2215 4149 2360 4215 τοῖς
2405 4138 2587 4203 δικα-

351 4238 658 4323 στηρίοις.
721 4245 793 4304 cf.
828 4247 1085 4325 Hesych.
1115 4264 1161 4307 s.
1194 4265 1248 4309 v.
1299 4235 1664 4320 „Alooinov
1694 4245 2022 4325 γελοῖον.
2092 4249 2205 4308 Dio
2238 4248 2589 4326 Chrysosth.
