3166 4871
1404 1059 1871 1198 Gap.1L
1984 1137 1992 1142 -

542 1233 642 1311 De
696 1234 989 1329 singuiis
1043 1234 1339 1312 coloniis
1393 1233 1549 1332 quid
1609 1233 1950 1333 proditum
1995 1235 2130 1327 sit,
2185 1234 2578 1332 disquisitio
2632 1233 2720 1312 ad

961 1351 1335 1431 Plinianum
1393 1353 1684 1432 indicem
1741 1353 2300 1432 accommodata.

684 1513 762 1572 Ut
806 1513 918 1570 iam
967 1531 1151 1589 supra
1210 1513 1623 1588 promisimus,
1681 1512 1757 1573 ad
1807 1513 2064 1573 Pliniani
2126 1512 2340 1573 indicis
2395 1512 2644 1571 formam
2690 1531 2760 1570 ac

510 1619 784 1674 naturam
830 1633 1080 1692 prorsus
1142 1613 1627 1691 cognoscendum
1675 1616 1928 1691 primum
1977 1634 2182 1676 omnes
2226 1616 2434 1676 Italiae
2479 1615 2759 1684 colonias,

510 1734 661 1794 quas
705 1716 899 1788 habet,
946 1715 1184 1793 deinde,
1242 1701 1394 1793 quas
1453 1718 1726 1777 omittere
1785 1719 1948 1777 visus
2007 1723 2115 1788 est,
2177 1718 2489 1795 regionum
2548 1716 2759 1776 ordine

509 1821 986 1878 enumerabimus
1031 1837 1224 1895 eaque
1270 1820 1624 1890 afferemus,
1688 1838 1841 1896 quae
1899 1820 1973 1880 de
2034 1820 2269 1879 illarum
2325 1820 2454 1879 iure
2500 1837 2571 1877 ac
2616 1837 2760 1877 con-

508 1920 740 1979 dicione
786 1919 1026 1979 aliunde
1073 1922 1409 1998 comparari
1457 1926 1796 1998 potuerunt.
1887 1921 2020 1994 Quo
2066 1923 2123 1982 in
2172 1941 2356 2000 opere
2402 1920 2756 1980 ordiendum

507 2024 746 2082 videtur
784 2040 916 2081 esse
963 2041 998 2080 a
1043 2024 1289 2098 regione
1334 2024 1544 2099 prima,
1590 2043 1711 2100 qua
1756 2025 1931 2085 etiam
1965 2026 2301 2100 Augustum
2347 2025 2406 2081 iu
2452 2023 2600 2082 libro
2645 2041 2758 2082 suo

506 2125 802 2202 incepisse
847 2124 1197 2202 exposuisse
1243 2125 1549 2184 videamur
1613 2124 1713 2198 (cf.
1761 2145 1815 2201 p.
1863 2129 2026 2195 357).

1558 2269 1702 2356 §a

1290 2388 1524 2456 Index
1567 2389 1972 2457 Plinianus.

676 2516 792 2575 Sed
839 2517 1187 2594 priusquam
1235 2518 1382 2577 haec
1428 2518 1778 2594 aggrediar,
1841 2518 2095 2594 primum
2144 2519 2322 2577 Plinii
2369 2523 2531 2578 totus
2575 2519 2756 2578 index

506 2619 604 2678 hic
648 2618 1019 2678 exhibendus
1064 2624 1169 2677 est.

504 2720 688 2797 Regio
734 2720 778 2778 1.
853 2718 889 2790 ἓ
921 2723 1020 2780 56.
1065 2720 1257 2775 Ostia
1301 2721 1536 2780 colonia
1582 2740 1618 2779 a
1662 2723 1929 2781 Romano
1975 2740 2118 2798 rege
2164 2721 2442 2782 deducta.

852 2820 888 2892 ἓ
920 2826 1018 2882 57.
1061 2823 1345 2877 Antium
1391 2824 1640 2883 colonia.

850 2925 886 2991 ὃ
918 2927 1015 2985 59.
1060 2929 1150 2984 est
1194 2925 1422 2985 colonia
1446 2925 1836 2980 Minturnae
1873 2925 1997 2985 Liri
2048 2927 2205 2985 amni
2253 2927 2461 2996 divisa,
2507 2927 2755 2986 Glanica

1204 3029 1525 3105 appellata.

848 3127 884 3199 ξ
919 3132 1015 3189 61.
1061 3128 1198 3189 dein
1244 3131 1523 3185 Puteoli
1569 3132 1815 3190 colonia
1860 3131 2256 3190 Dicaearchia
2300 3131 2478 3190 dicta.

852 3230 887 3300 ἓ
921 3236 1018 3292 63.
1061 3231 1228 3289 Intus
1317 3233 1583 3291 coloniae
1673 3232 1910 3300 Capua
2000 3253 2036 3292 a
2109 3234 2214 3291 XL
2299 3251 2505 3309 campo
2580 3232 2755 3309 dicta,

1198 3333 1551 3398 Aquinum
1613 3335 1864 3390 Suessa
1919 3335 2301 3389 Venafrum
2360 3336 2528 3389 Sora
2589 3335 2754 3389 'I'ea-

1197 3450 1379 3489 num·
1409 3435 1790 3490 Sidicinum
1837 3438 2206 3512 cognomine,
2251 3438 2451 3492 Nola.

503 3538 774 3613 RegioII.
848 3537 883 3607 ἓ
915 3539 1013 3597 99.
1061 3538 1399 3598 contributa
1454 3558 1525 3597 eo
1574 3539 1866 3597 maritima
1929 3540 2180 3616 colonia,
2226 3558 2380 3617 quae
2430 3539 2507 3598 ibi
2554 3539 2754 3598 fuerat

1200 3639 1645 3713 (Tarentum).
2385 3639 2396 3650 ⁰

807 3742 842 3812 ἓ
878 3747 1014 3803 104.
1061 3743 1429 3802 Dauniorum
1478 3749 1718 3820 praeter
1750 3763 1933 3822 supra
1965 3745 2126 3804 dicta
2158 3745 2426 3804 coloniae
2455 3744 2752 3800 Luceria

1196 3846 1523 3901 Venusia.

807 3948 841 4017 ἓ
878 3952 1014 4036 105.
1061 3949 1274 4009 Cetera
1349 3950 1511 4007 intus
1580 3950 1640 4007 in
1718 3949 1982 4008 secunda
2053 3949 2300 4026 regione
2365 3950 2750 4025 Hirpinorum

1199 4051 1433 4110 colonia
1480 4070 1600 4109 una
1641 4052 2133 4106 Beneventum.

500 4132 689 4227 Regio
707 4152 1004 4221 1V.§107.
1052 4155 1285 4212 colonia
1326 4152 1707 4247 Bovianum
1767 4161 1939 4214 vetus
1985 4162 2044 4214 et
2089 4154 2342 4213 alterum
2392 4157 2752 4229 cognomine

1208 4256 1783 4315 Undecumanorum.
