3166 4871
518 278 639 340 368

517 453 849 530 cletianae,
925 453 1023 512 ubi
1100 455 1323 531 legitur
1398 454 1767 526 „Concordia
1825 456 1973 514 Iulia
2018 456 2254 515 Valeria
2305 456 2470 516 Felix
2519 455 2760 533 Capua“

518 574 650 615 cum
714 556 1083 634 scriptorum
1142 559 1497 617 testimoniis
1558 557 1778 635 optime
1838 560 2231 619 consentiunt.
2337 561 2491 620 Nam
2553 578 2766 620 nomen

524 657 756 728 „Iulia“
810 664 870 718 et
923 658 1170 730 „Felix“
1221 680 1253 718 a
1286 658 1576 720 dictatore
1609 661 1862 722 Caesare
1893 661 2151 721 fortasse
2181 663 2234 720 ei
2269 662 2604 738 impositum
2650 666 2774 739 est3

528 761 917 838 „Augustae“
971 781 1187 822 nomen
1238 764 1547 840 probabile
1594 770 1684 822 est
1715 763 2006 839 proficisci
2041 766 2113 824 ab
2145 765 2280 841 imp.
2311 767 2599 841 August0,
2642 764 2771 824 sive

521 864 664 940 quia
709 863 1020 940 Augustus
1081 864 1325 924 colonos
1385 866 1597 924 iterum
1660 865 1941 942 deduxit,
2000 867 2126 926 sive
2187 868 2327 943 quia
2383 867 2495 927 hoc
2556 884 2769 926 nomen

522 965 797 1027 coloniae
844 966 1196 1043 impetranti
1242 966 1466 1026 tribuit.
1527 997 1614 1007 —
1678 967 1949 1028 Valeriae
2010 986 2222 1028 nomen
2280 972 2514 1045 spectat
2557 967 2633 1027 ad
2679 986 2772 1028 ae-

522 1071 702 1128 tatem
772 1069 1224 1129 Diocletianam.
1313 1099 1400 1111 —
1488 1069 1855 1130 Concordiae
1915 1089 2155 1148 nomen,
2222 1072 2364 1148 quid
2431 1072 2542 1131 sibi
2609 1071 2777 1148 velit,

522 1172 851 1248 ignoratur.
953 1173 1237 1232 Fortasse
1297 1178 1529 1249 spectat
1591 1172 1664 1232 ad
1728 1173 2016 1234 tresviros
2073 1193 2120 1234 r.
2164 1193 2222 1251 p.
2268 1192 2343 1247 c.,
2417 1173 2777 1250 conditores,

523 1276 627 1352 qui
672 1293 736 1336 se
781 1276 1005 1353 optime
1052 1277 1393 1336 censentire
1439 1295 1679 1354 semper
1725 1295 1872 1353 prae
1917 1295 1981 1337 se
2026 1279 2311 1338 tulerunt.
2467 1259 2472 1264 ’

1465 1456 1828 1538 Aquinum

527 1580 599 1640 of.
646 1580 709 1641 C.
742 1581 795 1639 X
837 1600 895 1657 p.
945 1586 1089 1642 530.
1179 1582 1486 1643 Ciceronis
1531 1589 1727 1642 aetate
1774 1583 1947 1655 (Phil.
1981 1588 2037 1658 2,
2068 1586 2166 1644 41.
2203 1581 2347 1652 106)
2395 1584 2776 1660 municipium

526 1683 654 1743 fuit.
741 1683 853 1743 Sed
920 1703 1051 1743 cum
1117 1690 1177 1744 et
1234 1689 1517 1762 tempore,
1578 1704 1700 1762 quo
1756 1687 1989 1746 Plinius
2049 1691 2108 1746 et
2150 1687 2397 1745 Tacitus
2443 1685 2542 1760 (11.
2589 1688 2630 1745 1.
2675 1689 2775 1754 88,

527 1787 600 1845 11.
648 1790 753 1848 63)
818 1788 1222 1863 scripserunt,
1282 1789 1519 1847 colonia
1580 1789 1760 1847 fuerit
1822 1793 1882 1847 et
1942 1782 2099 1847 tituli
2163 1788 2428 1847 ciusdem
2491 1787 2775 1865 temporis

527 1888 681 1947 idem
732 1889 1136 1967 probaverint,
1184 1909 1381 1966 neque
1429 1893 1583 1950 inter
1629 1891 2076 1950 colonias-ante
2108 1891 2445 1964 Augustum
2486 1889 2777 1949 deductos

529 1990 741 2050 referri
802 1992 1026 2070 possit,
1088 1994 1243 2052 inter
1297 1992 1557 2070 Augusti
1605 1993 1870 2053 colonias
1916 1992 2361 2068 duodetriginta
2409 1991 2777 2051 numeranda

496 2098 636 2153 est.

1336 2274 1599 2343 Suessa
1642 2277 1978 2343 Aurunca

529 2399 600 2460 cf.
648 2399 708 2461 C.
757 2400 829 2459 X.
873 2418 930 2477 p.
962 2404 1105 2476 465,
1151 2401 1381 2462 colonia
1428 2403 1686 2480 Augusti
1733 2402 2008 2463 habenda
2052 2407 2161 2462 est.
2205 2433 2290 2443 —-
2357 2403 2507 2462 Natu
2555 2422 2605 2462 a.
2653 2406 2771 2463 711

530 2502 629 2575 (cf.
679 2504 798 2563 Cic.
844 2505 997 2564 Phil.
1053 2510 1149 2579 13,
1196 2508 1253 2565 8.
1303 2503 1405 2578 18)
1466 2507 1850 2583 municipium
1914 2507 2040 2566 suit.
2158 2504 2274 2565 Sed
2337 2507 2570 2565 colonia
2628 2525 2777 2565 nun-

533 2609 790 2681 cupatur
849 2610 907 2664 et
960 2625 997 2665 a
1058 2606 1252 2666 Plinio
1314 2610 1373 2665 et
1433 2608 1491 2666 in
1548 2608 1736 2667 titulis
1783 2609 1823 2667 Ι.
1868 2609 1945 2668 Ν.
1991 2628 2045 2666 ιι.
2095 2613 2278 2677 4033,
2325 2612 2523 2683 4040,
2596 2613 2779 2684 atque

529 2708 768 2784 plenum
817 2726 1034 2768 nomen
1084 2710 1127 2769 I.
1171 2710 1243 2768 N.
1291 2728 1347 2768 n.
1393 2712 1559 2770 4324
1608 2734 1690 2755 =
1736 2710 1837 2770 Or.
1886 2730 1941 2769 n.
1986 2714 2151 2770 5152
2198 2711 2284 2769 sic
2328 2714 2556 2792 exstat}
2633 2709 2782 2781 „coL

530 2809 633 2868 Iul.
683 2811 807 2870 Fel.
854 2809 1429 2872 classica.Suessa.“

1459 2990 1856 3059 Venafrum

531 3115 605 3175 cf.
666 3115 740 3175 de
800 3117 948 3176 Vcn.
1040 3117 1388 3177 Mommseni
1448 3116 1590 3177 diss.
1660 3119 1718 3177 in
1781 3119 2030 3195 Ephem.
2091 3119 2429 3196 Jurisprud.
2485 3119 2618 3179 hist.
2683 3124 2781 3197 15,

530 3237 586 3294 p.
632 3221 773 3295 288,
817 3219 1061 3278 Henzen
1112 3219 1218 3277 Rh.
1265 3219 1417 3278 Mus.
1463 3220 1545 3278 IX
1592 3239 1648 3297 p.
1696 3223 1844 3291 543,
1914 3220 1975 3280 C.
2021 3222 2072 3279 X
2128 3240 2184 3296 p.
2228 3225 2369 3282 477.

705 3320 1023 3379 Venafrum
1078 3321 1233 3379 inter
1263 3321 1521 3398 Augusti
1556 3322 1823 3381 colonias
1861 3322 2241 3382 referendum
2287 3331 2392 3383 est.
2448 3323 2515 3382 Id
2550 3325 2661 3382 iam
2692 3322 2780 3387 Si-

529 3421 742 3497 gonius
780 3421 814 3479 l.
841 3423 879 3479 1.
911 3423 1249 3481 acutissimo
1291 3442 1367 3482 ex
1407 3423 1538 3482 libri
1581 3424 1946 3484 coloniarum
1983 3425 2111 3484 loco
2143 3444 2197 3501 p.
2233 3429 2356 3487 239
2388 3426 2599 3485 effecit.
2657 3424 2777 3485 Sed

532 3525 672 3600 quia
697 3541 806 3583 nos
831 3523 970 3583 huic
1000 3524 1199 3585 libello
1226 3525 1449 3585 nullam
1476 3527 1891 3586 auctoritatem
1919 3527 2274 3604 concedunt,
2304 3528 2422 3587 alia
2446 3528 2780 3587 testimonia

532 3627 1059 3704 circumspicimus.
1166 3628 1365 3704 Atque
1425 3629 1678 3706 primum
1739 3631 1796 3688 in
1857 3629 2051 3688 edicto
2111 3628 2232 3687 divi
2295 3629 2552 3705 Augusti
2607 3628 2676 3688 X.
2719 3647 2779 3689 n.

532 3732 698 3789 4875
724 3752 806 3774 =
834 3729 943 3787 wi.
974 3748 1029 3787 n.
1068 3732 1190 3789 784
1224 3731 1336 3789 iam
1385 3731 1621 3789 colonia
1664 3730 2022 3808 appellatur,
2068 3729 2280 3789 deinde
2329 3729 2448 3789 duo
2494 3729 2648 3789 tituli
2693 3729 2777 3788 af-

533 3831 673 3891 ferri
722 3836 975 3907 possunt
1020 3833 1061 3890 1.
1107 3832 1183 3892 N.
1229 3852 1284 3891 n.
1329 3837 1518 3909 4603,
1562 3836 1751 3909 4622,
1805 3834 1860 3892 in
1910 3834 2128 3909 quibus
2182 3831 2498 3891 Venafrum
2546 3833 2780 3892 colonia

532 3935 640 3994 Iul.
686 3943 745 3995 et
791 3934 1023 3994 colonia
1069 3934 1223 4011 Iulia
1269 3935 1543 4012 Augusta
1589 3937 1949 3997 nominatur.
1995 3965 2078 3975 —-

704 4038 903 4098 Solum
964 4037 1079 4096 hoo
1139 4056 1212 4097 ex
1274 4038 1407 4097 libri
1471 4039 1581 4097 col.
1644 4038 1775 4098 loco
1838 4038 2125 4097 efficimus
2180 4036 2349 4096 deam
2398 4039 2653 4114 aliquam
2702 4037 2778 4097 ab

534 4141 809 4216 Augusto
855 4142 1030 4199 terris
1076 4139 1354 4200 donatam
1403 4158 1568 4217 esse3
1615 4140 1830 4200 deinde
1873 4138 2189 4217 Augustus
2236 4140 2528 4199 coloniam
2575 4141 2777 4200 ornari

533 4241 705 4300 iussit
749 4250 807 4299 et
853 4241 1138 4300 aedificiis
1184 4243 1470 4318 publicis,
1517 4243 1687 4300 cuius
1734 4244 1818 4301 rei
1869 4243 2182 4317 vestigium
2232 4247 2321 4299 est
2366 4241 2573 4300 titulus
2618 4242 2659 4298 1.
2700 4242 2780 4300 N.
