3166 4871
589 314 712 376 182
1575 306 1841 362 Zaeher

583 506 714 549 esse
758 492 918 547 reete
967 506 1058 547 me
1094 488 1303 565 Judiee
1347 492 1713 546 censuerunt
1756 486 1988 563 Benfey
2030 487 2133 546 KZ
2182 479 2493 575 V¹H²f9⁰²
2536 481 2836 555 Froehde‚

582 591 764 651 Beitr.
796 609 906 650 zur
935 590 1033 650 lat.
1063 590 1301 666 etymol.
1346 610 1403 668 p.
1433 590 1592 665 XIII,
1637 590 1795 649 Pott.
1836 590 1937 648 EF
1983 591 2030 667 Ι,
2073 584 2214 663 227,
2260 586 2503 647 Curtius
2532 581 2656 645 Etss
2684 579 2836 641 429.
2866 604 2871 608 ·

583 693 805 752 Eadem
868 711 1170 752 consonae
1232 692 1590 770 ambiguitas
1644 692 1704 751 in
1753 684 2023 770 δίκροος
2067 685 2351 759 &tazone
2393 693 2506 765 est,
2567 692 2635 747 ut
2677 686 2835 745 haee

584 795 661 856 ab
710 814 832 855 una
876 794 1080 855 radice
1125 795 1425 873 pullulare
1469 796 1831 874 existimem,
1893 800 1952 855 et
2004 794 2166 854 haud
2210 793 2333 853 seio
2377 810 2453 851 an
2497 791 2574 850 ab
2619 788 2831 849 eadem

581 897 787 958 radice
841 897 959 957 kar
1012 897 1172 958 unde
1215 898 1320 957 illa
1364 899 1673 974 fluxerint,
1733 903 1800 957 ut
1852 918 1886 957 a
1941 897 2161 974 pedum
2218 900 2381 955 motu
2447 894 2716 954 discessu
2771 895 2837 951 et

583 1001 750 1077 quasi
799 1001 964 1060 hiatu
1010 1000 1282 1061 derivata
1327 1002 1404 1060 sit
1435 1002 1597 1061 notio
1637 1000 1913 1077 duplicis.
1988 1000 2076 1060 Cf.
2107 998 2307 1059 theod.
2336 1003 2458 1057 vet.
2487 994 2837 1056 cmmode!

584 1103 831 1178 simplex
877 1101 1062 1162 Notk.
1108 1103 1316 1163 Boeth.
1361 1099 1504 1179 214,
1562 1121 1600 1161 a
1640 1099 1781 1161 εἰᾶη
1824 1101 2186 1177 derivatum,
2247 1100 2534 1173 ee'ntras'ti
2573 1098 2830 1175 simplex

581 1205 746 1264 Kero
794 1201 896 1280 48,
941 1205 1103 1282 quod
1150 1206 1370 1265 Grimm
1419 1204 1522 1265 Gr.
1566 1206 1644 1283 11,
1689 1200 1814 1261 952
1859 1205 1932 1263 ad
1981 1202 2198 1263 traben
2244 1209 2502 1263 revocat.
2588 1200 2683 1260 Ab
2730 1199 2835 1258 illa.

579 1306 763 1382 igitur
823 1307 1023 1367 radice
1083 1308 1239 1368 duae
1300 1307 1522 1367 formae
1586 1308 1918 1385 fluxerunt,
1980 1302 2235 1365 ὄι-πλο
2281 1310 2342 1366 et
2386 1298 2649 1381 ‹ft-xpo,
2738 1303 2833 1361 Ex

582 1404 780 1468 διπλο
814 1409 1085 1470 derivata
1116 1414 1256 1470 sunt
1287 1404 1670 1488 (διπλα-Ῐος,
1699 1408 1865 1484 hine)
1912 1397 2257 1479 διπλάδιος
2302 1407 2493 1481 (Gurt.
2527 1404 2649 1466 Et³
2680 1401 2831 1475 578)

581 1515 642 1571 et
669 1507 1045 1590 (nmio-jos,
1082 1510 1245 1584 hine)
1278 1496 1556 1582 ὃὶπλοος
1575 1531 1595 1570 .·
1640 1531 1715 1572 ex
1748 1505 1937 1589 δικρο
1972 1505 2295 1589 dama-loc
2324 1515 2385 1570 et
2416 1503 2659 1587 dixpw(
2674 1506 2829 1579 ι’)ος.

581 1612 887 1685 (Fortasse
949 1614 1022 1673 ab
1084 1613 1291 1675 eadem
1355 1615 1556 1675 radice
1618 1617 1795 1676 etiam
1856 1609 2187 1675 δίκελλα
2240 1612 2565 1689 deseendit,
2608 1634 2692 1657 ==
2740 1604 2833 1669 δι-

581 1714 826 1794 κελ-]“α,
872 1700 952 1775 ef)
992 1705 1217 1787 δισσός
1263 1736 1336 1778 ex
1383 1710 1655 1796 dcx-jog,
1700 1718 1919 1800 dubius
1964 1742 2047 1763 =
2093 1714 2449 1786 dvi-b-ius;
2490 1714 2597 1774 sed
2644 1711 2722 1773 ef.
2753 1712 2833 1773 de

582 1818 696 1878 hoe
741 1818 1034 1879 vocabulo
1079 1818 1342 1879 Grassm.
1370 1820 1474 1880 KZ
1519 1821 1624 1899 XI,
1660 1814 1763 1897 28,
1806 1820 1873 1879 L.
1906 1821 2114 1896 Meyer
2159 1820 2262 1878 KZ
2292 1818 2452 1895 vlu,
2504 1813 2639 1877 14⁰.
2690 1812 2832 1875 141.

580 1919 819 1980 Abrens
864 1921 1003 1982 ibid.
1051 1919 1172 1978 353
1206 1940 1312 1999 sq„
1357 1922 1675 1998 Legerlotz
1719 1922 1856 1982 ibid.
1904 1916 2027 1979 395
2058 1920 2190 1999 sq.).

751 2030 1220 2103 κρουναῑος,
1265 2008 1467 2103 ὕδωρ.
1516 2025 1697 2085 Arist.

754 2125 791 2184 λ
806 2131 1152 2199 ακκαϊος,
1185 2112 1368 2206 ὕδωρ
1386 2127 1622 2187 Anaxil.
1640 2147 1733 2203 ap.
1749 2128 1889 2188 Ath.
1907 2124 1964 2206 3,
1986 2124 2101 2185 124
2118 2129 2253 2195 ΕΑΒ
2272 2113 2520 2195 λάκκος
2534 2124 2837 2189 cisterna).

755 2225 1184 2306 λαριναῑον
1227 2219 1521 2308 κύρτον·
1567 2220 1633 2288 οἱ
1664 2217 1871 2300 ἁλιεῖς
1901 2220 2025 2289 τὸν
2056 2223 2131 2289 ἐκ
2176 2222 2466 2301 λευκέας,
2510 2214 2552 2305 ἢ
2596 2221 2828 2304 μέγαν.

583 2330 981 2407 Amplifieatio
1041 2330 1471 2415 videturesse
1515 2333 1797 2393 vocabuli
1858 2321 2153 2410 λαρινός,
2216 2330 2376 2408 quod
2438 2330 2515 2390 de
2573 2330 2830 2390 bovibus

582 2433 938 2510 plerumque
983 2433 1304 2511 pinguibus
1348 2434 1692 2513 dicebatur3
1739 2437 1841 2495 Ar.
1872 2437 1982 2496 Av.
2014 2432 2136 2493 465
2180 2428 2347 2515 μέγα
2390 2428 2502 2493 καὶ
2548 2421 2831 2510 λαρινὸν

581 2525 743 2605 ἔπος
801 2553 881 2594 τι.
990 2536 1079 2597 cf.
1125 2536 1298 2596 Koek
1358 2537 1435 2596 ad
1481 2538 1517 2597 1.
1586 2539 1754 2613 Quae
1823 2540 2070 2616 propria
2131 2537 2411 2598 vocabuli
2475 2535 2828 2612 significatio

580 2637 781 2716 suerit,
825 2639 1113 2698 incertum
1161 2642 1268 2717 est,
1313 2640 1569 2701 fortasse
1615 2658 1871 2719 crassus,
1916 2641 2155 2701 densus.

754 2725 988 2820 λήυαῖ
995 2758 1078 2812 ος
1123 2743 1344 2803 Baeehi
1376 2762 1707 2820 cognomen
1743 2763 1837 2822 ap.
1868 2744 2042 2805 Diod.
2071 2743 2258 2821 Orph.
2285 2773 2372 2784 -—
2407 2732 2498 2802 Τὰ
2542 2730 2633 2821 λη’
2645 2757 2827 2800 ναια

580 2844 870 2904 solemnia
913 2844 1136 2922 Attica,
1178 2845 1306 2922 Ar„
1349 2833 1683 2922 λήναιου
1737 2846 1906 2907 loeus
1953 2848 2044 2906 bis
2090 2845 2451 2906 solemnibus
2496 2845 2829 2906 destinatus

582 2947 683 3006 Ar.
729 2948 895 3006 Dem.
940 2946 1094 3007 Plat.
1139 2937 1511 3026 Ληναιών
1577 2950 1799 3009 mensis
1842 2968 2057 3009 nomen
2118 2948 2278 3026 apud
2324 2950 2500 3009 lones
2543 2952 2603 3008 et
2648 2948 2828 3009 Athe·

579 3050 838 3125 nienses,
872 3050 999 3128 jam
1044 3049 1207 3126 apud
1252 3050 1582 3111 Hesiodum
1629 3071 1722 3127 op.
1768 3049 1892 3108 504
1937 3052 2240 3112 invenitur
2292 3051 2479 3127 (quod
2526 3051 2825 3127 quomodo

579 3150 997 3228 explicandum
1063 3151 1139 3212 sit
1200 3152 1363 3228 apud
1429 3156 1665 3229 poetam
1729 3153 2073 3233 Boeotium,
2139 3171 2323 3231 quum
2388 3154 2599 3213 Boeoti
2664 3153 2825 3214 hune

579 3272 836 3314 mensem
900 3255 1168 3315 vocarint
1210 3243 1621 3333 Βουκάτιον,
1684 3254 2040 3316 dissentiunt
2094 3257 2205 3315 viri
2264 3256 2456 3317 docti:
2520 3255 2597 3315 ef.
2644 3254 2824 3316 Gottl.

578 3356 653 3415 ad
702 3374 836 3416 eum
882 3356 918 3415 l.
964 3360 1024 3415 et
1066 3357 1336 3417 Sehoem.
1395 3359 1452 3418 in
1515 3359 1706 3436 praef.
1750 3358 2030 3419 editionis
2075 3377 2221 3420 suae
2265 3377 2326 3435 p.
2355 3355 2479 3431 50).
2524 3388 2609 3398 —
2653 3351 2821 3417 ἐπι-

579 3447 913 3536 λήυαιος
957 3458 1121 3534 quod
1167 3459 1240 3518 ad
1288 3461 1530 3520 Lenaea
1574 3462 1836 3537 pertinet
1880 3463 2036 3521 Max.
2081 3463 2226 3539 Tyr.

750 3550 995 3640 [λιιάϊ
1005 3576 1087 3630 ος
1133 3562 1342 3621 lexieis
1388 3563 1765 3622 eximendum
1811 3581 1944 3623 esse
1989 3564 2243 3625 vidimus
2285 3581 2470 3641 supra
2513 3582 2569 3640 p.
2606 3561 2737 3635 44].

746 3657 1252 3740 μεδιμναῑον·
1297 3658 1545 3743 μέτρου
1589 3659 1832 3742 μοδίου
1878 3666 2138 3743 Hesyeh.

750 3761 1284 3843 [μεθυμναϊος.
1334 3768 1427 3827 De
1475 3768 1588 3827 boe
1632 3768 1927 3828 voeabulo
1975 3787 2028 3828 V.
2071 3768 2228 3828 infra
2269 3767 2306 3839 ἃ
2340 3764 2469 3841 78].

745 3883 829 3944 με
845 3872 976 3925 aaz
986 3884 1083 3939 ος.
1131 3868 1352 3929 Athen.
1375 3870 1482 3946 111,
1511 3867 1593 3926 95
1614 3869 1698 3930 A:
1746 3854 2131 3950 Άντιφάνης
2171 3862 2246 3929 ἐν
2272 3858 2553 3949 Γάμοις·
2583 3854 2823 3948 „Exte-

574 3958 724 4045 μῶυ
764 3962 1011 4048 χορδῆς
1048 3965 1379 4049 μεσαῑοιμ.
1455 3973 1490 4031 i.
1522 3990 1573 4032 e.
1619 3991 1652 4032 e
1688 3972 1996 4032 farcimine
2026 3971 2218 4033 medio
2250 3977 2481 4051 partem
2512 3990 2824 4033 exsec-,ans-

577 4071 910 4148 Sehweigh.
955 4073 1031 4132 ad
1062 4074 1130 4132 l.:
1176 4073 1384 4151 „Licet
1427 4075 1484 4134 in
1534 4076 1740 4135 lexieis
1783 4075 2141 4136 vocabulum
2185 4081 2455 4153 μεσαῑος
2498 4077 2602 4135 vix
2646 4094 2822 4153 repe·

575 4175 722 4253 rias,
787 4178 981 4235 tamen
1052 4177 1493 4253 comparativus,
1556 4172 1943 4257 μεσαίτερος
2007 4183 2068 4238 et
2132 4178 2356 4254 superl.
2420 4171 2823 4255 μεσαίτατος

576 4276 732 4336 haud
780 4277 1036 4339 obscure
1080 4279 1401 4356 positivum
1445 4285 1716 4357 μεσαῐος
1760 4281 2086 4341 declarant.
2179 4281 2268 4340 Ad
2324 4285 2604 4358 μεσαῖον
2646 4281 2822 4364 intel-
