3166 4871
615 303 729 364 168

603 471 754 542 EA.-
798 505 921 547 „-
967 464 1204 554 θάρῤει
1238 488 1249 499 ·
1281 458 1482 533 πάντ’
1501 459 1729 553 ἀγαθὰ
1771 456 2209 551 πεπράγαμεν

806 567 1058 652 ,,ἔξεστί
1103 563 1195 650 θ’,
1227 561 1451 654 ὥσπερ
1485 559 1862 655 ςΗγέλοχος,
1906 562 2065 653 ἡμῖν
2111 568 2324 654 λέγειν
2360 588 2372 601 ·

805 671 926 754 ,,ἐκ
969 668 1293 757 κυμάτων
1335 669 1460 759 γὰρ
1505 658 1705 748 αὖθις
1749 657 1834 735 αὖ
1876 673 2093 755 γαλῆν
2137 664 2296 756 ὁρῶ.

806 769 1160 863 »ἥμπουσα
1204 767 1536 864 φροῦὄη.“

606 886 860 949 Omnino
917 888 1134 964 exiguo
1195 885 1274 946 ad
1333 885 1569 946 fabulas
1640 884 1907 960 agendas
1980 884 2217 960 ingenio
2289 883 2599 961 praeditus
2664 885 2846 944 fuisse

606 989 876 1059 videtur,
934 1006 1118 1065 quum
1174 989 1349 1049 etiam
1394 1007 1431 1047 a
1475 987 1880 1065 Sanum-ione,
1932 986 2212 1064 Platone,
2271 986 2555 1048 Strattide
2598 987 2849 1048 Comicis

606 1092 819 1152 illusus
864 1091 955 1150 sit.
1043 1092 1095 1150 A
1128 1089 1506 1166 Sannyrione
1535 1091 1746 1150 irrisus
1776 1088 1889 1150 fuit
1934 1089 1991 1148 iu
2036 1090 2242 1148 Danae
2288 1088 2492 1149 fabula
2536 1087 2637 1162 (cf.
2667 1089 2849 1149 schol.

609 1195 752 1254 Eur.
797 1193 895 1255 Or.
944 1195 1065 1254 279
1112 1198 1173 1253 et
1215 1194 1392 1254 Mein.
1437 1192 1507 1254 fr.
1552 1193 1631 1270 11,
1663 1196 1717 1264 2,
1751 1189 1916 1264 874).
1995 1191 2167 1251 Plato
2224 1192 2464 1251 omuino
2510 1192 2672 1251 vocis
2716 1208 2848 1251 sua·

608 1297 850 1357 vitatem
914 1297 974 1355 in
1033 1314 1102 1356 eo
1149 1295 1513 1356 desideravit
1556 1295 1764 1366 (schol.
1807 1296 1910 1356 Ar.
1955 1295 1990 1354 1.
2038 1294 2099 1353 1.:
2160 1291 2443 1366 „tosrcov
2489 1287 2560 1353 δὲ
2601 1287 2714 1351 καὶ
2758 1280 2850 1362 ὡς

607 1384 859 1476 ἀτερπῆ
906 1388 1030 1478 τὴν
1074 1388 1317 1477 φωνὴν
1363 1387 1657 1457 Πλάτων
1707 1386 2038 1456 σκωπτει“
2084 1397 2162 1456 cf.
2205 1397 2390 1457 schol.
2431 1398 2578 1456 Bav.
2621 1396 2697 1455 ad
2740 1395 2849 1456 fiu:

606 1488 733 1580 ,,ὡς
779 1484 982 1579 ἀηδὴς
1028 1493 1097 1559 δὲ
1142 1487 1268 1582 τὴν
1311 1486 1552 1580 φωνὴν
1592 1495 2017 1579 κωμῳδεῖται
2057 1485 2095 1556 ὁ
2118 1480 2522 1577 ζΙΙγείἰοχοςἽ
2567 1501 2637 1559 Α.
2668 1496 2848 1558 Strat-

608 1603 730 1664 tide
790 1603 1176 1680 Hegelochus
1243 1604 1478 1664 duobus
1537 1605 1686 1663 locis
1740 1603 2096 1679 perstrictus
2154 1619 2288 1663 esse
2343 1601 2602 1662 traditur
2646 1600 2851 1672 (schol.

614 1708 757 1767 Eur.
801 1710 861 1765 et
904 1707 1007 1765 Ar.
1053 1706 1090 1765 l.
1127 1707 1164 1766 l.
1211 1705 1487 1767 Meineke
1530 1708 1631 1766 Fr.
1673 1706 1735 1766 C.
1781 1707 1824 1778 1,
1870 1723 1926 1781 p.
1959 1708 2101 1765 224.
2147 1706 2222 1782 11,
2265 1724 2323 1781 p.
2369 1702 2553 1782 763.),
2596 1705 2787 1764 altero
2818 1722 2852 1764 e

609 1808 812 1869 fabula
853 1792 1597 1888 ,,Ῐ4νθρωποῤῥαὶστης“
1643 1808 1960 1885 desumpto
2006 1807 2098 1867 his
2145 1807 2374 1867 verbis:

812 1904 983 1983 „Kal
1026 1907 1167 1970 τῶν
1207 1905 1331 1989 μὲν
1379 1897 1605 1970 ἄλλων
1652 1896 1783 1969 οὐκ
1829 1902 2105 1989 ἐμέλησέ
2143 1926 2257 1987 μοι
2301 1906 2524 1987 μελῶν

814 1997 1229 2093 »Εὐριπίδου
1276 2006 1346 2073 δὲ
1392 2008 1610 2094 δρᾶμα
1655 2001 2060 2090 δεξιώτατον

819 2100 1170 2190 ,,διε’κναισ’
1199 2102 1516 2196 Ὀρέστην,
1548 2103 1906 2194 Ἡγέλοχον
1949 2099 2074 2174 τὸν
2116 2100 2462 2195 Κιννάρου

812 2208 1368 2299 »μισθωσάμενος
1408 2209 1497 2278 τὰ
1538 2214 1782 2297 πρῶτα
1825 2216 1968 2277 τῶν
2013 2210 2201 2277 ἐπῶν
2245 2211 2521 2296 λέγεινῖ(

612 2322 711 2397 (cf.
743 2323 920 2383 Mein.
951 2322 1024 2382 fr.
1054 2322 1132 2399 11,
1161 2309 1219 2401 2,
1250 2325 1373 2384 763
1420 2327 1481 2382 et
1523 2322 1860 2382 Fritzsche:
1907 2321 1998 2381 ed.
2044 2339 2170 2382 ran.
2215 2322 2319 2380 Ar.
2351 2338 2556 2380 comm.
2599 2338 2657 2396 p.
2692 2315 2854 2390 171).

611 2423 1020 2504 Reprehendit
1063 2423 1339 2488 Comicus
1398 2423 1665 2503 eiusdem
1730 2424 1900 2496 anni,
1961 2444 2081 2502 quo
2129 2421 2372 2484 Orestes
2430 2420 2635 2483 fabula
2677 2419 2857 2482 docta

611 2534 733 2605 est,
794 2527 1139 2588 archontem
1203 2527 1498 2597 Dioclem,
1554 2527 1719 2603 quod
1766 2526 2115 2601 Hegelocho
2177 2527 2465 2586 histrione
2510 2524 2587 2585 ad
2632 2524 2855 2602 primas

610 2630 850 2691 fabulae
922 2636 1127 2707 partes
1217 2629 1481 2705 agendas
1566 2627 1867 2688 conducto
1953 2614 2098 2705 (ητα
2157 2623 2399 2708 πρῶτα
2463 2624 2603 2685 τῶν
2669 2619 2857 2687 ἐπῶν

612 2725 886 2810 λέγεινῆ
946 2732 1226 2809 optimam
1289 2731 1594 2808 Euripidis
1647 2730 1908 2790 fabulam
1968 2730 2129 2791 felici
2187 2710 2470 2795 successu
2513 2731 2857 2807 privaverit.

611 2837 660 2895 E
705 2834 1005 2897 Strattidis
1050 2834 1435 2910 Platonisque
1492 2834 1778 2894 conviciis
1824 2833 2089 2894 dilucide
2132 2840 2401 2910 apparet,
2446 2832 2854 2910 Hegelochum

613 2956 730 2998 uon
778 2937 877 2998 illo
922 2938 1050 2998 solo
1097 2937 1397 3013 monologi
1444 2934 1676 2997 Orestis
1717 2955 1899 2996 versu
1928 2954 2217 3014 peccasse
2246 2936 2354 2996 sed
2386 2936 2624 2996 omniuo
2656 2941 2857 3012 partes

609 3057 750 3101 suas
827 3041 976 3100 male
1049 3042 1244 3116 egisse
1318 3045 1381 3100 et
1453 3040 1553 3099 va
1628 3039 1870 3116 dignum
1937 3037 2120 3100 fuisse
2187 3039 2282 3098 cui
2349 3038 2578 3115 primae
2654 3044 2854 3115 partes

612 3141 1009 3204 deferrentur.

785 3246 910 3305 Iam
952 3245 1012 3304 in
1057 3263 1127 3304 eo
1159 3248 1268 3321 est,
1314 3249 1379 3304 ut
1407 3243 1481 3303 ad
1515 3243 1891 3305 comicorum
1923 3248 2233 3321 poetarum
2264 3248 2499 3304 actores
2528 3248 2853 3304 transeam:

614 3348 702 3406 Ac
750 3348 1004 3424 primum
1050 3346 1287 3422 quidem
1333 3345 1892 3406 commemorandus
1937 3351 2029 3407 est
2079 3346 2315 3418 Grata,
2361 3347 2465 3423 qui
2506 3347 2854 3424 priusquam

610 3449 738 3526 ipse
785 3448 1121 3508 comoedias
1167 3448 1421 3526 scripsit,
1467 3448 1690 3508 Cratini
1735 3448 1795 3507 in
1842 3447 2062 3508 sabulis
2104 3453 2309 3524 partes
2338 3448 2490 3526 egit:
2535 3448 2722 3509 schol.
2750 3448 2855 3508 Ar.

610 3568 744 3626 equ.
791 3555 949 3612 537:
996 3544 1352 3629 κωμῳδίας
1397 3530 1484 3629 ἦν
1527 3540 1824 3629 ποιητὴς,
1870 3536 1945 3620 ὃς
1986 3548 2269 3630 πρῶτον
2309 3536 2853 3630 ὑπεκρίνατο(τὰ)

610 3647 977 3730 Κρατίνου,
1046 3647 1154 3711 καὶ
1219 3636 1420 3724 αὐτὸς
1476 3642 1758 3732 ποιητὴς
1816 3637 2097 3731 ὕστερον
2151 3644 2434 3732 ἐγένετο.
2538 3655 2733 3715 Auon.
2778 3653 2853 3712 de

612 3756 774 3816 Com.
796 3775 841 3815 s.
860 3744 1164 3842 Κράτης.·
1197 3750 1448 3815 τοῦτον
1472 3742 1850 3834 ὑποκριτήν
1873 3768 2038 3829 φασι
2067 3750 2415 3834 γεγονέναι
2444 3745 2522 3815 τὸ
2553 3752 2852 3835 πρῶτον,

612 3842 685 3928 ὃς
730 3851 1123 3938 ἐπιβέβληκε
1172 3853 1486 3937 Κρατίνῳ
1530 3875 1591 3915 κ.
1627 3874 1683 3916 τ.
1718 3855 1773 3916 λ.
1844 3857 1920 3917 ef.
1965 3859 2138 3918 Mein.
2187 3859 2318 3919 hist.
2366 3878 2512 3919 com.
2559 3861 2659 3937 59,
2704 3860 2854 3935 5363

611 3960 853 4038 Bergk:
901 3979 1048 4021 com.
1077 3965 1196 4021 ant.
1240 3980 1298 4036 p.
1331 3959 1499 4034 266).
2692 3957 2698 3963 ’

781 4064 1003 4123 Errore
1066 4063 1285 4123 ductus
1340 4062 1767 4140 Bernhardyus
1827 4061 1956 4136 (Gr.
1990 4064 2129 4123 Litt.
2160 4062 2375 4123 Gesch.
2407 4063 2482 4141 11,
2514 4068 2570 4140 2,
2614 4082 2672 4142 p.
2703 4059 2852 4134 585)

610 4185 869 4244 operam,
916 4184 1094 4243 quam
1128 4166 1335 4226 Crates
1368 4166 1611 4225 Cratino
1644 4167 1904 4241 navavit,
1949 4183 2081 4224 cum
2128 4165 2461 4225 Philonidis
2506 4166 2853 4226 callistrati·

610 4286 728 4345 que
789 4269 1143 4328 comicorum
1217 4272 1531 4344 poetarum
1600 4271 1656 4327 iu
1723 4268 2181 4343 Aristophanem
2241 4268 2471 4327 ratione
2528 4274 2853 4344 comparat.
