3166 4871
556 255 681 318 284

556 448 715 508 quae
758 448 898 490 vere
944 429 1369 508 artificIosum,
1427 448 1544 489 non
1606 431 1727 491 vile
1785 432 2138 492 insanientis
2197 432 2452 492 hominis
2481 451 2661 517 ‚opus
2715 433 2802 492 di-

554 537 750 611 catur,
790 563 876 573 -
920 550 1077 609 quae
1119 533 1250 591 aliis
1294 532 1442 591 locis
1487 533 1630 592 satis
1677 533 2014 593 luculenter
2058 533 2519 611 demonstravit,
2564 564 2647 574 —·
2691 535 2800 595 sed

550 635 613 695 id
673 654 857 696 unum
916 653 1127 712 agere,
1190 640 1256 694 ut
1319 634 1563 713 doceat,
1625 636 1924 711 quomodo
1984 635 2191 697 fabula
2249 636 2352 698 fiat
2409 638 2641 714 tragica
2699 637 2802 697 vel

553 736 811 801 maxime
880 739 1127 813 tragica.
1243 737 1564 813 Tragicam
1635 742 1833 797 autem
1909 738 2055 798 dicit
2128 739 2513 800 imitationem
2591 757 2800 799 earum

551 857 770 917 rerum,
813 857 967 916 quae
1012 838 1477 899 misericordiam
1523 843 1583 899 et
1624 845 1840 900 metum
1886 845 2180 919 moveant,
2223 842 2476 901 maxime
2508 843 2797 918 tragicam

552 959 681 1002 eam
727 941 1011 1019 fabulam,
1055 960 1211 1018 quae
1257 960 1333 1001 ex
1378 959 1670 1020 prospera
1712 943 1774 1001 in
1817 941 2132 1004 adversam
2177 943 2482 1004 fortunam
2517 948 2801 1004 mutetur.

552 1044 911 1120 Quicunque
966 1044 1152 1121 igitur
1209 1049 1520 1122 poetarum
1583 1074 1671 1085 -—
1730 1045 1806 1105 de
1866 1046 2092 1106 barone
2150 1064 2295 1107 sane
2356 1048 2622 1123 cogitare
2674 1064 2798 1105 non

550 1148 693 1207 lIcet
739 1178 816 1188 —
861 1148 1041 1208 talem
1088 1148 1425 1225 composuit
1468 1146 1766 1225 fabulam,
1822 1149 2077 1208 maxime
2122 1150 2412 1225 tragicam
2458 1149 2635 1225 fecit;
2693 1150 2798 1225 qui

550 1250 839 1326 plurimus
884 1254 975 1311 est
1015 1251 1075 1309 in
1122 1268 1193 1311 eo
1238 1269 1477 1329 genere,
1520 1256 1831 1328 poetarum
1880 1251 2128 1311 maxime
2174 1253 2440 1329 tragicus
2461 1250 2529 1325 ⁵).

721 1353 999 1413 Ceterum
1047 1353 1356 1413 Aristoteli
1402 1354 1640 1413 minime
1683 1353 2008 1413 timendum
2057 1358 2216 1431 erat,
2271 1372 2346 1413 ne
2389 1373 2535 1415 suae
2580 1354 2796 1414 aetatis

550 1455 646 1514 vel
688 1446 1001 1533 poetarum
1047 1455 1143 1515 vel
1187 1456 1677 1533 philosophorum
1725 1457 2040 1532 quisquam
2086 1475 2242 1532 quae
2287 1457 2440 1516 dixit
2478 1456 2629 1516 adeo
2660 1474 2794 1533 per·

547 1575 753 1634 peram
795 1558 1198 1636 intellegeret,
1243 1578 1423 1635 quam
1467 1559 1727 1635 Lessing
1770 1559 2128 1635 interpretes
2173 1559 2324 1618 male
2368 1560 2795 1637 intellegentes

549 1677 622 1719 ea
663 1660 825 1721 facit.
912 1662 1219 1737 Aequales
1258 1661 1411 1720 enim
1445 1661 1784 1720 Aristotelis
1829 1680 1948 1720 non
1995 1679 2082 1737 eo,
2127 1680 2248 1739 quo
2279 1666 2580 1721 nostrates
2609 1661 2793 1721 inter·

549 1762 721 1840 dum,
768 1764 909 1824 vitio
954 1764 1338 1841 laborabant,
1397 1769 1464 1823 ut
1506 1764 1851 1840 spectacula
1896 1782 2072 1840 qnam
2119 1765 2373 1825 maxime
2417 1765 2693 1825 luctuosa
2735 1766 2796 1823 et

549 1865 796 1926 horrida
855 1866 1055 1927 facere
1118 1872 1195 1927 et·
1238 1865 1447 1926 videre
1510 1870 1830 1942 cuperent3
1900 1867 2082 1925 immo
2143 1852 2320 1944 vero,
2392 1885 2467 1928 ne
2530 1867 2793 1927 naturali

547 1968 801 2044 quodam
848 1970 1090 2046 generis
1134 1970 1379 2028 humani
1425 1969 1687 2028 lenitatis
1733 1968 1929 2028 studio
1961 1969 2134 2028 nimis
2165 1968 2545 2046 indulgentes
2574 1970 2789 2029 iustam

546 2089 618 2130 ac
677 2072 1000 2147 genuinam
1060 2071 1408 2148 tragoediae
1469 2072 1844 2131 sev'eritatcm
1908 2072 2129 2130 sensim
2195 2071 2549 2149 perderent,
2612 2073 2790 2132 valde

462 2170 469 2177 ’
545 2174 1057 2251 periclitabantur.
1144 2173 1281 2248 Qua
1336 2173 1412 2233 de
1475 2192 1542 2233 re
1601 2173 1758 2233 infra
1816 2174 2118 2250 copiosius
2176 2192 2438 2251 agemus.
2483 2204 2566 2214 —
2612 2174 2820 2249 Quod·

543 2295 687 2338 vero
733 2277 945 2337 attinet
987 2276 1063 2335 ad
1110 2278 1425 2354 prologos,
1486 2276 1667 2337 hodie
1727 2295 1847 2336 non
1902 2276 2080 2336 facile
2135 2278 2453 2354 quisquam
2497 2277 2610 2337 sibi
2656 2295 2790 2354 per·

714 2528 758 2592 δ)
793 2523 930 2579 Item
976 2524 1095 2578 fere
1143 2525 1212 2579 de
1260 2524 1363 2578 hac
1414 2539 1471 2578 re
1509 2523 1825 2592 disputant:
1894 2523 2139 2598 Vahlen,
2174 2523 2434 2593 Beitriige
2471 2524 2544 2592 11,
2581 2525 2635 2579 S.
2678 2530 2788 2580 102.

542 2610 821 2680 Doering,
878 2610 1216 2664 Kunstlehre
1266 2610 1368 2664 des
1416 2607 1791 2674 Aristoteles,
1843 2608 1897 2663 S.
1936 2612 2050 2663 2⁶23.
2099 2608 2495 2676 Teichmiiller‚
2545 2607 2788 2664 Aristot.

541 2694 939 2764 Forschungen
965 2696 1249 2765 1,73—76.
1322 2693 1602 2749 Susemihl
1638 2701 1834 2749 contra
1867 2693 2005 2749 haec
2029 2694 2182 2762 dicit,
2217 2694 2251 2748 l.
2277 2694 2310 2748 l.
2337 2693 2392 2749 S.
2419 2698 2542 2749 247:
2584 2691 2788 2759 „Auch

540 2774 672 2836 'darf
711 2796 864 2850 man,
912 2782 1017 2835 wie
1063 2780 1236 2835 sehon
1283 2780 1527 2848 Lessing
1574 2779 1776 2848 richtig
1824 2780 2069 2834 erinnert
2113 2779 2231 2845 hat,
2287 2780 2394 2834 den
2446 2781 2787 2835 Aristoteles

540 2867 686 2922 wohl
721 2866 877 2922 nicht
909 2867 1080 2921 dahin
1116 2864 1445 2934 verstehen,
1490 2865 1572 2920 als
1610 2865 1685 2920 ob
1734 2866 1834 2920 der
1872 2865 2267 2933 ungliickliche
2301 2862 2586 2935 Ausgang
2617 2867 2782 2921 allein

541 2968 601 3007 es
626 2953 789 3019 ware,
825 2950 999 3006 durch
1029 2951 1277 3006 welchen
1305 2950 1391 3005 bei
1416 2957 1585 3019 guter
1609 2949 1979 3019 Ausfflhrung
2004 2951 2093 3005 die
2118 2950 2327 3005 Stiicke
2358 2951 2460 3005 des
2485 2951 2787 3020 Euripides

541 3036 634 3091 die
669 3036 988 3092 Zuschauer
1021 3052 1107 3090 am
1147 3035 1431 3092 starksten
1465 3035 1523 3088 in
1562 3034 1776 3089 Furcht
1810 3035 1926 3089 und
1961 3036 2172 3090 Mitleid
2205 3043 2530 3103 ver-senen,
2567 3036 2785 3091 obwohl

541 3122 682 3190 dies,
719 3137 915 3191 streng
948 3137 1293 3190 genommen,
1328 3121 1386 3176 in
1421 3121 1530 3175 den
1568 3121 1802 3174 Worten
1826 3120 1978 3188 liegt.
2053 3121 2234 3174 Wenn
2257 3121 2389 3176 aber
2412 3119 2623 3176 hierfflr
2645 3121 2786 3176 noch

542 3206 775 3262 manche
810 3207 1018 3263 andere
1057 3207 1360 3262 Umstiinde
1398 3205 1855 3273 hinzukommen‚
1905 3222 1969 3261 so
2018 3205 2208 3261 steckt
2252 3207 2392 3262 eben
2429 3195 2695 3262 vielmehr
2728 3207 2784 3261 in

540 3293 734 3347 diesen
771 3293 865 3347 die
899 3292 1219 3361 Erkliirung
1254 3291 1435 3358 dafflr,
1472 3291 1754 3347 weszhalb
1793 3293 1875 3347 sie
1911 3308 1989 3360 es,
2025 3308 2188 3346 wenn
2226 3292 2432 3348 anders
2468 3292 2589 3347 dies
2626 3294 2785 3347 iiber-

540 3376 718 3445 haupt
753 3377 844 3432 die
879 3378 1147 3446 Meinung
1183 3378 1285 3432 des
1322 3376 1664 3440 Aristoteles
1703 3378 1805 3444 ist,
1852 3376 1995 3431 auch
2030 3377 2090 3431 in
2128 3378 2384 3433 hoherem
2421 3379 2608 3433 Grade
2643 3378 2784 3431 thun

538 3463 620 3517 als
664 3462 756 3516 die
792 3462 1139 3530 Tragoedien
1189 3463 1290 3516 des
1340 3461 1661 3531 Aeschylos
1708 3462 1825 3516 und
1861 3462 2190 3531 Sophocles,
2239 3463 2330 3516 die
2380 3464 2524 3518 eben
2571 3463 2783 3518 sowohl

537 3546 896 3616 unglflcklich
941 3548 1139 3602 enden.
1222 3548 1441 3602 Dar-auf
1480 3541 1653 3602 niiher
1701 3546 2052 3616 einzugehen
2099 3549 2190 3616 lag
2225 3549 2360 3603 aber
2394 3548 2513 3603 hier
2546 3546 2637 3602 fiir
2672 3549 2781 3624 den

537 3632 883 3688 Aristoteles
920 3633 1048 3688 kein
1085 3631 1299 3688 Aulasz
1336 3641 1486 3687 vor“.
1558 3633 1828 3688 Libenter
1862 3634 1916 3686 in
1953 3633 2039 3686 his
2075 3634 2310 3701 legimus
2357 3634 2528 3689 verba
2563 3635 2781 3688 Aristo—

534 3715 664 3773 telis
699 3725 957 3774 accurate
996 3720 1307 3773 examinata
1340 3725 1586 3774 nostram
1611 3719 1972 3787 comprobare
1995 3718 2528 3788 interpretationem.
2575 3720 2660 3772 De
2685 3735 2780 3788 po·

535 3811 741 3858 strema
775 3809 957 3858 autem
998 3805 1348 3872 quaestione,
1396 3821 1530 3858 num
1567 3803 1908 3858 Aristoteles
1955 3803 2247 3872 Euripidis
2293 3801 2513 3859 fabulas
2551 3805 2781 3872 tragice.

533 3894 598 3944 ut
639 3889 719 3943 ita
764 3890 967 3954 dicam,
1020 3897 1287 3944 exeuntes
1333 3890 1507 3958 magis
1556 3891 1800 3958 tragicas
1848 3904 1975 3943 esse
2023 3889 2236 3959 putarit
2288 3905 2454 3958 quam
2509 3888 2780 3959 Aeschyli

535 3974 625 4029 vel
652 3974 945 4043 Sophoclis
982 3973 1203 4030 fabulas
1239 3976 1489 4042 eiusdem
1525 3976 1768 4044 generis,
1805 3974 1943 4029 satis
1968 3975 2076 4028 erit
2095 3976 2154 4028 in
2181 3971 2492 4029 memoriam
2520 3991 2780 4029 revocare

535 4060 710 4114 verba
760 4057 1093 4115 Aristotelis
1142 4057 1203 4114 αὶ
1247 4065 1508 4114 τοιαῦται
1546 4078 1600 4113 κ.
1637 4077 1686 4113 τ.
1723 4063 1771 4113 λ.
1817 4069 1875 4114 et
1921 4076 2064 4130 quae
2113 4075 2285 4128 supra
2331 4061 2405 4114 de
2441 4059 2541 4115 hac
2576 4077 2635 4115 re
2671 4060 2783 4114 dis-

531 4146 817 4201 sernimus.
901 4148 1055 4211 Quae
1101 4146 1211 4200 alio
1261 4147 1382 4200 loco
1425 4149 1505 4214 (p.
1546 4149 1626 4200 28.
1664 4149 1775 4212 29.)
1811 4144 2086 4201 Susemihl
2134 4147 2204 4200 de
2248 4143 2556 4215 Agathone
2602 4151 2662 4199 et
2707 4146 2779 4200 de

533 4232 868 4301 purgatione
904 4231 1056 4300 apud
1092 4230 1413 4299 Euripidem
1449 4231 1687 4299 protulit
1718 4231 1866 4285 intra
1899 4230 1953 4284 in
1993 4245 2224 4286 examen
2261 4232 2599 4286 vocabimus.
