3166 4871
568 264 691 324 326

734 438 1050 497 Rarissime
1081 444 1261 510 atque
1302 437 1495 496 locum
1530 437 1722 507 habet,
1772 438 1870 496 ubi
1904 437 1978 496 ad
2026 437 2178 496 duas
2225 439 2555 496 sententiae
2587 443 2809 514 partes,

563 558 719 616 quae
764 540 929 598 nulla
975 539 1267 616 particula
1312 540 1666 599 coniunctae
1700 545 1855 609 sunt,
1903 541 2076 599 tertia
2106 538 2349 599 additur
2393 538 2491 614 (cf.
2526 542 2811 615 Draeger.

563 641 598 711 ξ»
631 645 771 716 315,
808 645 900 701 10.
987 641 1292 701 Kuehner.
1324 643 1380 701 11
1427 642 1460 710 ἓ
1500 645 1636 716 156,
1670 639 1749 712 2).
1842 644 1900 700 in
1949 643 2209 701 Petronii
2254 643 2408 702 libro
2456 661 2638 701 unum
2683 652 2812 701 tan·

563 751 686 803 tum
734 744 929 803 locum
976 745 1175 802 notavi
1224 762 1479 820 cumque
1526 745 1842 819 poeticum.
1903 744 1976 803 cf.
2009 764 2057 803 c.
2094 749 2213 805 124
2246 741 2416 816 (170,
2452 750 2521 804 7:
2566 743 2811 802 stabant

564 847 710 904 irati
763 844 987 904 scabra
1037 844 1320 920 rubigine
1378 846 1583 904 dentes
1601 892 1617 916 ,
1673 844 1811 904 tabo
1870 847 2084 919 linqua
2123 848 2334 921 fluens,
2382 847 2622 905 obsessa
2668 847 2812 905 dra-

563 946 813 1006 conibus
857 964 996 1021 ora,
1056 954 1235 1020 atque
1291 951 1447 1006 inter
1511 954 1667 1006 torto
1730 949 2061 1007 laceratam
2101 956 2364 1021 pectore
2407 956 2624 1007 vestem
2667 966 2811 1007 san-

560 1052 841 1125 guineam
903 1050 1158 1109 tremula
1215 1049 1522 1123 quatiebat
1583 1052 1870 1125 lampada
1933 1048 2214 1123 dextra.)
2259 1081 2344 1089 —
2403 1069 2513 1110 nec
2568 1054 2809 1129 saepius

559 1153 863 1212 invenitur
928 1158 1111 1225 atque
1182 1155 1562 1212 coniunctum
1636 1172 1767 1212 cum
1842 1154 2276 1229 negationibus,
2348 1153 2448 1221 (cf.
2519 1155 2809 1229 Draeger.

564 1254 601 1325 ἓ
632 1259 786 1325 311,
828 1252 967 1326 4b.)
1031 1255 1207 1313 liuius
1268 1273 1410 1313 usus
1455 1257 1793 1332 exemplum
1843 1256 2045 1314 notavi
2092 1274 2140 1314 c.
2189 1261 2305 1316 111
2356 1256 2531 1331 (138,
2585 1259 2680 1315 12:
2730 1274 2806 1314 ac

562 1355 760 1429 nihil.)
808 1388 888 1395 ——
936 1363 1144 1416 contra
1191 1358 1510 1416 Petronius
1557 1357 1794 1417 videtur
1849 1376 2080 1417 amasse
2127 1358 2440 1417 formulam
2487 1374 2560 1416 ac
2603 1374 2678 1416 ue
2721 1389 2802 1396 —-

563 1460 818 1533 quidem,
867 1477 1021 1534 quac
1068 1460 1369 1517 iuvenitur
1414 1478 1463 1517 c.
1496 1463 1532 1519 2
1579 1457 1669 1531 (5,
1705 1455 1794 1536 5),
1845 1465 1919 1520 12
1968 1464 2099 1531 (14,
2133 1458 2223 1537 9),
2274 1465 2347 1521 17
2399 1458 2679 1537 (18,10),
2724 1465 2806 1520 20

561 1559 841 1640 (22,14),
886 1565 966 1621 26
1012 1559 1291 1638 (27,12),
1337 1566 1412 1621 31
1465 1560 1592 1634 (33,
1623 1558 1705 1637 5),
1753 1565 1829 1622 73
1878 1557 1999 1636 (86,
2047 1559 2166 1637 15),
2212 1566 2292 1623 88
2341 1560 2507 1637 (104,
2556 1566 2636 1639 9),
2686 1566 2807 1623 108

563 1663 730 1737 (131,
781 1661 901 1736 12).

733 1765 983 1842 Saepius
1028 1785 1137 1844 per
1181 1771 1366 1839 atque
1409 1764 1749 1825 adnectitur
1794 1768 2124 1843 sententia,
2178 1786 2300 1843 qua
2358 1768 2522 1844 prior
2566 1786 2807 1826 accura-

560 1871 679 1929 tius
726 1868 1077 1945 explicatur,
1125 1887 1197 1927 ac
1243 1867 1596 1945 plerumque
1642 1869 1880 1944 quidem
1928 1869 2062 1928 talis
2109 1871 2257 1928 ratio
2303 1871 2457 1928 inter
2495 1887 2597 1928 eas
2626 1869 2808 1928 inter-

560 1971 754 2048 cedit,
815 1977 879 2030 ut
934 1972 1100 2048 prior
1161 1973 1347 2046 tnagis
1404 1971 1465 2029 in
1533 1972 1877 2031 universum
1940 1972 2101 2030 dicta
2159 1973 2267 2048 sit,
2320 1973 2620 2048 posterior
2678 1991 2807 2031 eam

559 2076 896 2135 accuratius
942 2073 1255 2132 describat.
1343 2074 1417 2131 ef.
1464 2092 1512 2131 c.
1550 2076 1625 2132 12
1658 2071 1783 2150 (14,
1814 2070 1898 2149 4),
1944 2076 2024 2133 22
2068 2073 2194 2150 (24,
2223 2073 2308 2150 4),
2361 2079 2479 2135 112
2526 2072 2694 2147 (140,
2728 2073 2810 2149 7),

564 2182 679 2237 116
728 2175 896 2252 (147,
928 2173 1052 2247 20),
1105 2181 1220 2236 136
1269 2173 1437 2251 (195,
1469 2173 1547 2245 9).

730 2281 896 2339 Sicut
940 2287 997 2337 el
1041 2284 1101 2337 et
1143 2294 1292 2355 que,
1349 2279 1432 2337 ita
1492 2280 1669 2337 ctiam
1731 2285 1914 2351 atque
1978 2280 2170 2338 locum
2230 2281 2410 2339 habet
2453 2281 2611 2339 inter
2656 2279 2808 2338 dnos

557 2383 960 2461 imperativoS.
1049 2380 1121 2441 cf.
1169 2399 1217 2440 c.
1264 2385 1384 2441 120
1429 2378 1599 2457 (159,
1641 2383 1762 2458 12),
1812 2385 1928 2443 121
1979 2379 2149 2460 (161,
2184 2384 2265 2460 2),
2315 2386 2433 2443 137
2481 2379 2809 2459 (198,15),

557 2487 659 2563 qui
703 2491 902 2543 tamen
950 2486 1063 2542 loci
1114 2485 1311 2543 cuncti
1361 2486 1418 2541 iu
1465 2486 1717 2560 poeticis
1763 2484 1894 2543 libri
1945 2487 2214 2561 partibus
2260 2485 2667 2545 inveniuntur.

725 2588 941 2646 Paucis
987 2587 1206 2646 deinde
1254 2587 1399 2646 locis
1445 2593 1625 2658 atque
1670 2588 1911 2664 ponitur
1974 2594 2112 2663 post
2175 2604 2362 2661 aeque
2421 2589 2518 2646 vel
2561 2590 2809 2662 pariter

553 2691 652 2749 vel
696 2690 902 2748 aliter.
992 2688 1065 2748 cf.
1111 2704 1305 2762 aeque
1349 2704 1425 2746 ac
1470 2707 1520 2747 c.
1550 2693 1632 2749 42
1680 2687 1807 2764 (47,
1859 2693 1915 2766 3,
1960 2707 2080 2764 quo
2127 2690 2279 2766 locu,
2324 2691 2600 2766 quoniam
2649 2709 2807 2748 com-

549 2794 779 2868 paratio
837 2791 1157 2851 intercedit
1219 2810 1336 2850 non
1397 2793 1552 2849 inter
1599 2809 1695 2850 res
1741 2809 1953 2850 revera
1999 2791 2220 2869 saetas,
2265 2790 2369 2850 scd
2416 2792 2621 2870 fictae,
2665 2811 2802 2852 con-

549 2897 849 2956 iunctivus
893 2896 1183 2971 sequitur.
1274 2894 1348 2952 de
1395 2913 1516 2970 quo
1567 2913 1674 2954 usu
1724 2893 1798 2953 cf.
1845 2895 2148 2954 Kuehncr.
2193 2895 2245 2953 II
2292 2895 2327 2965 ἓ
2373 2899 2514 2964 224,
2547 2893 2645 2967 5.),
2685 2914 2802 2970 ρα-

548 2999 703 3057 riter
745 3014 820 3056 ac
867 3017 915 3056 c.
952 3002 1068 3057 135
1115 2994 1283 3073 (192,
1318 2994 1396 3068 7),
1442 2997 1636 3055 aliter
1680 3013 1755 3055 ac
1800 3016 1850 3056 c.
1889 3001 2008 3057 140
2057 2997 2223 3070 (202,
2262 2996 2387 3069 18).
2410 2994 2485 3068 ⁸2⁴)

723 3099 968 3159 Duobus
1028 3099 1286 3174 denique
1334 3098 1481 3157 locis
1524 3099 1835 3157 invenitur
1876 3100 2059 3157 εἰηηιῖ
2111 3104 2320 3172 atque,
2375 3099 2482 3170 sed
2546 3106 2799 3176 utroque

548 3202 679 3261 loeo
741 3200 1037 3276 significat
1095 3216 1170 3259 ac
1215 3200 1394 3258 simul
1441 3199 1558 3286 und
1607 3202 1901 3276 zuglcich.
1970 3200 2039 3259 cf.
2088 3219 2136 3259 c.
2189 3206 2307 3262 117
2359 3199 2540 3273 (150,
2596 3200 2696 3274 16)
2740 3207 2802 3260 et

552 3308 671 3365 136
719 3302 888 3381 (196,
937 3302 1064 3375 10).

719 3405 888 3478 Quae
934 3403 1007 3463 de
1052 3423 1162 3463 usu
1203 3406 1531 3481 particulae
1560 3420 1672 3464 nec
1704 3408 2209 3482 conscripseram,
2255 3406 2470 3464 retinui
2503 3412 2564 3464 et
2591 3410 2802 3482 postea

547 3509 688 3569 data
732 3508 1047 3568 occasione
1092 3506 1307 3584 publici
1357 3508 1503 3567 iuris
1549 3508 1786 3566 faciam.

728 3673 795 3734 ²⁴)
835 3670 1041 3724 Eadem
1081 3671 1235 3724 notio
1272 3677 1421 3724 certe
1456 3671 1608 3724 inest
1642 3671 1698 3722 in
1738 3686 1822 3736 ac,
1859 3669 2010 3737 quod
2049 3669 2255 3735 legitur
2290 3686 2337 3724 c.
2382 3674 2474 3722 112
2528 3675 2669 3736 (141,
2712 3673 2800 3724 10:

546 3755 961 3812 commendaret
996 3771 1130 3826 erqo
1168 3754 1264 3809 illa
1299 3756 1554 3824 perituro
1592 3755 1772 3810 locum
1811 3761 1865 3808 et
1882 3754 2075 3824 fatale
2119 3752 2494 3808 conditorium
2515 3751 2806 3825 familiari

546 3859 615 3897 ac
650 3843 770 3895 viro
803 3841 1048 3911 faceret.
1145 3839 1520 3894 Buechelcrns
1574 3842 1722 3894 inter
1777 3840 2148 3894 conditorium
2203 3847 2260 3892 et
2300 3839 2585 3909 santiliari
2636 3848 2802 3908 putat

547 3943 835 3982 commune
873 3925 1243 3989 intercidisse,
1280 3932 1339 3977 et
1372 3927 1430 3978 in
1466 3927 1601 3979 edit.
1637 3941 1685 3978 a.
1729 3931 1848 3979 1671
1895 3942 1945 3993 p.
1989 3931 2047 3977 Π
2086 3925 2339 3977 adnotat:
2378 3925 2800 3980 contubernium

542 4012 847 4083 slaqitatur,
885 4011 997 4064 nisi
1023 4010 1197 4080 periit
1231 4009 1580 4064 vocabulum.
1654 4010 1755 4064 sed
1801 4012 1870 4063 de
1920 4010 2242 4077 corruptela
2289 4025 2399 4061 non
2438 4010 2798 4076 cogitandum

546 4096 786 4150 videtur.
858 4102 1046 4161 potest
1080 4095 1225 4147 enim
1263 4095 1426 4149 etiam
1474 4112 1543 4150 ac
1588 4096 1767 4148 solum
1824 4111 1962 4149 cum-
1994 4096 2048 4147 vi
2096 4093 2478 4163 comparativa
2524 4095 2653 4162 poni
2692 4112 2799 4163 pro

546 4198 725 4250 aeque
759 4197 846 4242 ac,
882 4181 1041 4233 euius
1078 4196 1211 4233 usus
1248 4182 1499 4248 exempla
1532 4180 1841 4232 attuleruut
1875 4179 2053 4232 Hand.
2079 4179 2106 4231 1
2142 4183 2260 4242 472,
2307 4183 2380 4239 16,
2431 4177 2715 4233 Kuehner.
2738 4181 2797 4235 11

546 4270 580 4333 s
624 4271 732 4333 153,
768 4271 798 4319 c
834 4281 888 4318 n.
915 4271 964 4318 3.
