3166 4871
568 289 692 351 294

567 483 808 541 quoque
853 483 974 524 rem
1022 464 1204 541 paulo
1252 464 1591 523 accuratius
1637 465 1973 543 inquirere,
2030 465 2381 543 praesertim
2428 483 2562 525 cum
2608 464 2807 525 adhue

566 585 678 625 nee
725 568 1181 627 commentarius
1225 585 1337 627 neo
1382 566 1561 626 index
1610 570 1834 640 exstet,
1895 567 1995 642 qui
2056 568 2129 626 ad
2192 567 2300 627 has
2358 584 2455 627 res
2514 567 2657 627 satis
2714 586 2806 626 re-

565 669 790 745 spiciat.
878 674 1085 729 vastus
1126 670 1280 728 enim
1315 668 1590 728 editionis
1622 670 2103 729 Burmannianae
2135 670 2595 729 commentarius
2625 689 2802 746 quam

563 789 757 847 pauca
801 775 981 848 atque
1028 790 1205 849 quam
1252 770 1409 830 falsa
1454 769 1529 830 de
1573 771 1665 830 his
1711 771 1893 830 rebus
1931 771 2145 830 doceat
2189 789 2361 830 nemo
2394 772 2598 831 nescit.
2686 789 2806 849 qua

566 871 641 931 de
701 891 884 932 causa
937 873 1250 933 eonsilium
1310 871 1440 949 cepi
1498 891 1693 950 panos
1740 873 2116 933 conscribere
2170 873 2243 931 de
2305 873 2610 933 nonnullis
2669 892 2804 949 syn·

564 977 718 1035 taxis
787 976 1185 1035 Petronianae
1253 975 1525 1053 partibus
1590 976 1962 1051 maximeque
2035 975 2108 1035 de
2183 977 2455 1053 vulgaris
2517 977 2805 1036 sermonis

565 1096 677 1136 usu
737 1077 1034 1155 loquendi.
1127 1078 1357 1137 initium
1421 1078 1661 1154 quidem
1727 1077 1859 1154 cepi
1921 1077 2252 1137 studiorum
2307 1079 2383 1137 ab
2430 1078 2805 1138 observando

565 1198 677 1239 usu
723 1179 1092 1257 quarundam
1141 1179 1589 1255 particularum.
1680 1179 1784 1238 sed
1832 1179 2005 1238 simul
2050 1179 2372 1239 nonnullae
2421 1180 2559 1238 mihi
2599 1199 2805 1239 occur-

564 1286 774 1341 rerunt
833 1281 1279 1341 observationes
1344 1281 1418 1340 de
1478 1281 1712 1359 plebeio
1773 1297 2049 1340 sermone
2107 1282 2165 1340 in
2222 1282 2594 1357 universum,
2655 1300 2806 1358 quas

563 1384 824 1443 breviter
868 1384 1258 1459 praemittam.
1346 1382 1421 1441 de
1480 1382 1609 1441 aliis
1670 1388 1868 1442 antem
1929 1383 2221 1442 sermonis
2266 1383 2608 1443 Petroniani
2665 1403 2805 1460 pro·

562 1484 947 1562 primatibus,
994 1504 1147 1561 quas
1193 1504 1304 1560 ego
1351 1486 1551 1561 omisi,
1605 1484 1679 1543 ef.
1723 1485 2013 1561 imprimis
2059 1484 2519 1562 disputationem
2566 1485 2805 1546 Stutlori

564 1590 624 1647 in
671 1589 881 1647 Rhein.
929 1589 1076 1646 Mus.
1117 1588 1200 1663 11,
1249 1590 1411 1648 1843
1458 1607 1515 1663 p.
1544 1591 1628 1647 50
1653 1605 1821 1664 seqq.
1867 1591 1927 1646 et
1970 1605 2030 1664 p.
2062 1591 2184 1648 202
2209 1606 2376 1665 seqq.
2425 1594 2484 1647 et
2529 1587 2807 1647 disserta-

562 1692 757 1750 tiones
803 1688 1100 1765 Ludwigii
1147 1694 1205 1748 et
1247 1690 1319 1748 A.
1365 1708 1400 1747 a
1446 1688 1766 1749 Guerieke.
