3166 4871
548 1053 692 1131 Res
765 1070 1129 1130 Graecorum
1203 1071 1475 1131 scenicas
1549 1072 1832 1131 tractanti
1909 1072 1966 1131 in
2045 1072 2387 1131 universum
2472 1070 2622 1130 duas

379 1174 746 1250 potissimum
822 1177 1056 1232 constat
1131 1181 1363 1232 aetates
1433 1191 1566 1232 esse
1628 1172 2085 1246 discernendas,
2146 1192 2397 1250 quarum
2458 1173 2624 1252 prior

380 1276 640 1353 pertinet
696 1273 769 1333 ad
813 1274 1144 1334 Alexandri
1193 1276 1391 1350 Magni
1453 1276 1578 1334 fere
1624 1280 1914 1352 aetatem,
1958 1275 2148 1335 altera
2193 1276 2329 1337 inde
2374 1275 2625 1336 orditur.

380 1377 551 1451 Quae
610 1376 765 1436 duae
818 1383 1169 1436 statuuntur
1225 1382 1477 1446 aetates,
1554 1379 1696 1455 quia
1749 1376 1861 1437 sub
1915 1379 2112 1454 quarti
2172 1384 2312 1438 ante
2373 1376 2510 1438 Chr.
2568 1399 2623 1438 u.

377 1480 601 1539 saeculi
667 1477 845 1538 finem
907 1497 1104 1538 rerum
1152 1477 1517 1539 Graecorum
1582 1481 1993 1539 scaeniearum
2055 1498 2284 1540 summa
2326 1479 2490 1541 facta
2534 1484 2626 1540 est

299 1616 304 1623 ·
379 1583 774 1657 commutatio,
818 1599 890 1641 ex
937 1599 1058 1659 quo
1104 1583 1451 1659 quicunque
1499 1582 1656 1641 ludis
1699 1583 1988 1643 scaenicis
2034 1581 2457 1653 inserviebant,
2503 1601 2623 1642 non

376 1683 707 1744 fabularum
758 1691 991 1743 actores
1037 1683 1210 1744 modo
1257 1684 1365 1743 sed
1412 1686 1588 1744 etiam
1635 1675 1842 1745 musici
1889 1693 1949 1745 et
1979 1692 2211 1763 poetae,
2258 1687 2315 1744 in
2350 1686 2622 1760 proprias

378 1785 665 1863 quasdam
712 1787 1028 1845 societates
1072 1803 1136 1845 se
1181 1793 1742 1862 congregaverunt,
1786 1805 1937 1865 quas
1983 1787 2193 1846 Graeci
2239 1786 2626 1863 appellabant

382 1877 692 1959 ,σύνοδοι
724 1881 866 1945 τῶν
891 1881 1047 1965 περὶ
1074 1873 1200 1946 τὸν
1230 1878 1563 1947 Διόνυσον
1602 1886 1991 1966 τεχνιτῶν“,
2036 1890 2284 1949 Romani
2336 1888 2622 1965 „collegia

377 1991 747 2051 scenicorum
793 1989 1119 2049 artificum“
1175 1992 1487 2051 vocabant.

547 2094 638 2152 De
667 2111 919 2171 quorum
953 2093 1336 2169 collegiorum
1369 2101 1602 2169 natura,
1643 2094 1926 2168 moribus,
1956 2093 2242 2153 institutis
2273 2092 2621 2169 diligentius

379 2213 572 2272 nuper
602 2194 1035 2272 quaesiverunt
1072 2195 1186 2254 viri
1228 2194 1383 2254 docti
1431 2193 1502 2255 Ο.
1532 2193 1804 2254 Lueders
1848 2200 1906 2255 et
1950 2195 2016 2253 P.
2050 2196 2310 2255 Foucart
2354 2196 2620 2255 uberius·

377 2314 495 2374 que
540 2296 614 2357 de
657 2297 730 2357 iis
776 2297 1187 2357 disseruerunt
1228 2297 1285 2356 in
1321 2296 1486 2356 libris
1517 2295 1730 2357 eodem
1761 2296 1892 2357 fere
1922 2304 2193 2372 tempore
2224 2298 2281 2356 in
2314 2298 2618 2372 publicum

377 2399 622 2477 emissis,
665 2399 766 2477 qui
800 2400 1210 2460 inscribuntur
1254 2396 1353 2471 ν,0.
1384 2398 1450 2458 L.
1487 2429 1574 2439 —
1610 2399 1717 2459 Die
1747 2398 2168 2476 dionysischen
2202 2400 2510 2461 Kunstler.
2539 2430 2625 2440 —

378 2503 580 2561 Berlin
629 2502 826 2563 1873‘*
908 2510 968 2560 et
1039 2503 1134 2571 „P.
1177 2503 1242 2561 F.
1289 2533 1370 2540 ——-
1418 2503 1509 2561 De
1568 2501 1838 2579 collegiis
1897 2503 2269 2562 scenicorum
2333 2502 2621 2564 artificum

375 2603 533 2679 apud
581 2603 864 2664 Graecos.
908 2633 996 2643 —
1038 2604 1239 2663 Lutet.
1284 2605 1454 2664 Paris
1504 2603 1725 2666 1873.“

549 2705 831 2767 Nondum
896 2724 1087 2784 aeque
1143 2711 1424 2765 accurate
1470 2710 1757 2782 congesta
1801 2712 1941 2766 sunt
1993 2712 2053 2765 et
2105 2708 2378 2783 exposita
2444 2726 2625 2785 quae·

380 2827 618 2885 cunque
650 2810 955 2884 pertinent
998 2809 1072 2867 ad
1121 2810 1336 2886 prioris
1378 2809 1593 2868 aetatis
1637 2809 1970 2868 fabularum
2017 2814 2273 2886 actores,
2314 2808 2390 2868 ad
2436 2816 2624 2869 artem

379 2930 602 2988 eorum,
664 2930 877 2987 mores,
938 2913 1096 2971 vitae
1142 2910 1569 2986 condicionem,
1626 2929 1823 2987 neque
1882 2909 2046 2985 quod
2092 2912 2272 2969 seiam
2319 2911 2522 2970 omnia
2564 2911 2623 2970 in

380 3032 560 3073 unum
622 3012 839 3074 collata
899 3019 1040 3073 suut
1100 3022 1206 3073 aut
1259 3013 1401 3072 satis
1452 3018 1731 3072 accurate
1787 3017 2072 3089 tractata,
2136 3030 2291 3088 quae
2350 3011 2426 3071 de
2479 3012 2626 3089 ipsis

379 3116 607 3175 illorum
654 3120 988 3192 temporum
1036 3116 1358 3190 actoribus,
1402 3132 1659 3192 quorum
1709 3113 1947 3173 nomina
1994 3118 2259 3183 exstant,
2306 3114 2625 3173 memoriae

380 3224 520 3279 sunt
564 3217 821 3295 prodIta.
909 3219 1078 3292 Quae
1124 3236 1254 3277 cum
1303 3218 1386 3277 ita
1430 3218 1561 3287 sint,
1609 3217 1882 3294 quamvis
1927 3215 2179 3276 arduum
2213 3222 2408 3275 tamen
2443 3234 2627 3293 opera

380 3320 538 3381 haud
588 3319 893 3397 indignum
942 3320 1081 3379 mihi
1129 3320 1318 3379 visum
1366 3324 1460 3378 est
1504 3321 1862 3395 conquirere
1913 3316 2177 3394 undique
2220 3322 2625 3395 accurateque

379 3441 708 3501 exponere,
782 3440 1179 3499 quaecunque
1239 3420 1458 3482 tradita
1521 3426 1664 3481 sunt
1720 3420 1795 3479 de
1850 3421 1997 3497 ipsis
2057 3421 2250 3497 quinti
2308 3425 2366 3479 et
2426 3421 2625 3498 quarti

379 3526 601 3584 saeculi
647 3523 984 3584 fabularum
1033 3524 1352 3584 actoribus

552 3625 661 3687 Cui
718 3626 1055 3704 quaestioni
1117 3644 1357 3703 operam
1420 3632 1804 3686 navaverunt
1864 3644 2054 3702 usque
2110 3624 2184 3684 ad
2233 3624 2346 3685 hoc
2390 3630 2626 3702 tempus

384 3729 618 3789 minime
664 3734 863 3789 autem
908 3727 1329 3788 satisfecerunt
1374 3727 1482 3787 viri
1529 3727 1689 3787 docti

383 3830 673 3908 Grysar.
717 3861 798 3869 —
851 3830 959 3903 „de
992 3832 1356 3890 Graecorum
1403 3829 1713 3905 tragoedia
1758 3829 1952 3905 qualis
1995 3828 2177 3888 fuerit
2221 3831 2441 3888 circum
2483 3836 2624 3889 tem·

467 3952 615 4009 pora
659 3932 1137 3993 Demosthenis“.
1207 3950 1409 4009 progr.
1455 3930 1601 3992 Ooln
1654 3934 1831 4001 1830,
1878 3951 1936 4007 p.
1968 3936 2046 3993 23
2081 3950 2165 4008 sq.

382 4037 448 4096 F.
478 4035 548 4096 G.
581 4035 931 4097 Welcker.
976 4064 1058 4073 —
1106 4033 1259 4102 „Die
1302 4033 1718 4109 griechischen
1767 4032 2143 4110 Tragodieu“
2201 4035 2381 4102 1839,
2423 4051 2522 4092 vv.
2564 4032 2620 4091 ll.

383 4138 449 4197 Ε.
480 4156 617 4197 von
651 4137 993 4197 Leutsch.
1051 4166 1136 4176 -
1201 4134 1605 4207 „Grandi-isse
1678 4135 1784 4195 der
1856 4136 2268 4210 griechischen
2346 4134 2622 4194 Metrik··.

468 4239 627 4299 Gott.
661 4243 845 4317 1841,
889 4259 946 4317 p.
976 4243 1099 4300 406
1148 4256 1234 4314 sq.

2156 4352 2216 4401 lo
