3166 4871
2524 373 2601 445 81·

1423 543 1559 612 155.

522 671 756 750 ‘Hlea
799 688 1068 749 Νισαῖοι
1107 679 1581 769 χρυσάμπυκες
1627 673 1896 768 α’ργέται
1941 680 2139 750 ἵπποι

534 787 743 866 βῶσιν
786 784 897 850 ἐπὶ
937 781 1163 869 χθόνα
1209 787 1379 864 δῖαν,
1426 782 1545 871 ἑὴν
1589 782 2041 869 προλιπόντες
2086 785 2392 874 ἐφέδρηνζ

534 880 651 965 οὓς
692 878 847 952 ποτ’
892 886 965 953 ἐν
1007 881 1190 954 ἄστει
1233 890 1420 970 τεῦξε
1463 890 1911 974 Συρηκοσίων
1952 885 2366 970 πολυόλβων

537 991 860 1067 Δαίδαλος
904 981 1189 1070 Ἠετίων,
1235 992 1464 1072 φιλίαν
1505 986 1949 1076 πολυήρατον
1995 984 2242 1072 αὔξων,

409 1097 446 1156 5
537 1084 706 1158 δαῖτ’
752 1092 861 1158 ἐπὶ
903 1094 1192 1175 χαλκείῃ,
1240 1096 1504 1177 δεσμοῖς
1549 1086 1610 1157 δ’
1655 1093 1763 1158 ἐπὶ
1813 1090 2055 1178 δεσμὸν
2101 1092 2348 1172 ἴαλλεν,

532 1191 817 1280 χρύσεον
860 1195 934 1260 ἐν
981 1188 1041 1259 δ’
1084 1187 1299 1261 αύτὸν
1339 1198 1550 1264 πᾶσιν
1583 1190 1970 1279 Ὑπερίονος
2014 1193 2165 1262 υἱὸν

537 1291 828 1385 ἥρμοσεν
874 1289 1210 1362 ἀκτίνεσσι
1255 1299 1364 1362 καὶ
1412 1290 1653 1382 ὄμμασι
1696 1299 2185 1382 μαρμαίροντα·

538 1401 647 1464 καὶ
697 1395 852 1464 τότε
898 1400 1025 1478 σοὶ,
1060 1394 1294 1485 (Ροῖμη,
1334 1390 1569 1484 χαλεπ’
1617 1394 1816 1484 ἄλγεα
1862 1395 2085 1465 πάντα
2126 1404 2431 1465 τελεῖται.

537 1492 675 1588 ἥξει
718 1497 846 1586 γάρ
893 1493 1176 1585 στρατὸς
1221 1492 1412 1586 εὐρύς
1458 1496 1496 1565 ὃ
1545 1505 1669 1565 σοῦ
1711 1497 1934 1585 χθόνα
1978 1506 2204 1567 πᾶσαν
2250 1493 2521 1582 ὀλέσσει,

374 1609 450 1668 10
532 1600 817 1690 χηριόσει
864 1594 922 1667 δ’
970 1595 1232 1689 ἀγοράς,
1280 1598 1448 1689 ἄστη
1494 1603 1569 1668 δέ
1611 1627 1683 1668 τε
1727 1600 2046 1688 πυρπόλα
2092 1601 2303 1691 θήσει,

539 1703 762 1789 αἵματι
810 1707 880 1772 δὲ
926 1698 1173 1792 πλήσει
1215 1704 1582 1791 ποταμούς,
1628 1702 1865 1793 πλήσει
1912 1706 1983 1771 δὲ
2028 1708 2143 1771 καὶ
2190 1701 2379 1795 ᾅδην,

540 1804 961 1928 δουλοσύνην
1001 1798 1062 1873 τ’
1107 1801 1386 1895 οἰκτρὴν
1433 1801 1757 1895 στυγερὴν
1802 1799 2223 1893 ἀτέκμαρτον
2265 1806 2508 1896 ἐφήσει.

540 1901 694 1975 οὐδὲ
738 1907 907 1996 γυνὴ
949 1906 1151 1975 πόσιν
1196 1904 1280 1974 ὃν
1324 1901 1384 1995 γ’
1429 1899 1822 1991 υποδέξεται
1868 1909 1942 1975 ἐκ
1985 1911 2310 1994 πολέμοιο

544 2003 959 2098 νοστήσαντ’,
1007 2004 1196 2098 άίδης
1241 2013 1330 2090 δέ,
1346 2008 1851 2130 καταχθόνιος,
1896 2012 2334 2098 μελανείμων,

377 2117 454 2176 15
545 2109 670 2195 ἕξει
716 2112 818 2179 ἐνὶ
862 2115 1291 2197 φθιμένοισιν
1335 2104 1507 2198 ὁμοῦ
1553 2114 1756 2178 τέκνα
1801 2111 2053 2201 μητρὸς
2100 2106 2422 2206 ἀπούρας,

547 2209 729 2301 Ἄρης
773 2206 832 2282 δ’
879 2206 1293 2292 ἀλλοδαποῖς
1334 2212 1683 2301 περιθήσει
1729 2211 2006 2281 δούλιον
2048 2209 2245 2300 ἦμαρ.

1432 2511 1454 2571 1
1469 2509 1568 2574 56.

541 2635 654 2730 Μὴ
697 2633 858 2727 ψαῦ’
901 2632 1216 2729 ἡμετέρης
1261 2644 1582 2730 κεφαλῆς·
1632 2633 1716 2708 ού
1759 2638 1889 2727 γὰρ
1934 2642 2126 2726 θέμις
2169 2640 2368 2721 ἐστίν,

544 2740 717 2811 οἶσιν
778 2736 1073 2832 Ἀθηναίη
1114 2742 1328 2829 χόλον
1370 2740 1610 2829 α”γριον
1652 2742 1727 2809 ἐν
1770 2745 1964 2828 φρεσὶ
2007 2748 2243 2828 θῆκεν,

545 2838 879 2912 ἅπτεσθαι
923 2848 1143 2912 θείοιο
1191 2843 1556 2933 καρήατος·
1608 2837 1780 2911 ἀλλὰ
1822 2847 2152 2926 πέπαυσο,

542 2941 977 3035 μαντοσύνην
1021 2940 1080 3014 τ’
1126 2944 1527 3025 ἐπάκουσον,
1573 2939 1830 3033 ἀληθέα
1873 2939 2132 3032 τήνπερ
2179 2945 2311 3030 ἐρῶ
2356 2965 2479 3013 σοι.

420 3057 459 3114 5
548 3042 688 3135 ἥξει
728 3043 853 3135 γὰρ
897 3045 1121 3133 χθόνα
1162 3045 1354 3136 τήνδε
1402 3041 1619 3125 πολύς
1661 3049 1769 3111 καὶ
1818 3040 2138 3134 καρτερός
2188 3043 2388 3134 Ἄρης,

549 3146 623 3228 ὃς
669 3148 838 3216 λαὸν
881 3146 1025 3236 μὲν
1051 3147 1346 3215 ἔνοπλον
1389 3142 1521 3214 ὑπὸ
1570 3145 1820 3214 σκότον
1867 3140 2001 3215 άΐδι
2045 3148 2314 3232 πέμψει,

548 3250 730 3340 ῥήξει
776 3245 835 3319 δ’
878 3247 965 3319 αὖ
1008 3253 1315 3328 λιθίνους
1358 3248 1656 3337 πύργους
1700 3252 1812 3316 καὶ
1856 3252 2072 3335 τείχεα
2113 3247 2353 3338 μακρά,

549 3351 756 3436 ὄλβον
802 3348 862 3421 δ’
904 3345 1227 3443 ἡμέτερον
1270 3355 1378 3419 καὶ
1427 3350 1633 3441 νήπια
1676 3343 1857 3418 τέκν’
1903 3343 2191 3437 ἀλόχους
2234 3377 2307 3418 τε

546 3455 813 3543 μάρψας
856 3457 948 3534 εἰς
985 3448 1200 3543 Ἀσίην
1247 3452 1387 3539 ἄξει
1434 3450 1541 3521 διὰ
1585 3458 1767 3541 κῦμα
1810 3450 2118 3540 περήσας.

388 3563 461 3621 10
548 3556 760 3624 ταῦτά
804 3579 910 3624 σοι
955 3559 1218 3646 εἴρηκεν
1261 3559 1587 3645 νημερτέα
1634 3561 1884 3638 Φοῖβος
1929 3548 2283 3624 Ἀπόλλων

552 3653 831 3747 Πύθιος,
875 3654 949 3739 ὅς
991 3684 1105 3747 μοι
1150 3653 1264 3726 ἑὸν
1307 3651 1642 3746 κρατερὸν
1685 3650 2060 3745 θεράποντ’
2106 3659 2483 3745 ἐπιπέμψας

548 3757 801 3850 ἤγαγεν
843 3764 935 3842 εἰς
975 3760 1298 3849 μακάρων
1340 3787 1410 3828 τε
1461 3760 1709 3848 δόμους
1751 3764 1866 3828 καὶ
1912 3763 2413 3849 Περσεφονείης.

559 4007 702 4083 155)
747 4028 805 4069 v.
836 4007 909 4068 4:
955 4003 1191 4089 φιλίην
1219 4009 1520 4069 Kellerus.
1554 4002 1575 4085 ΙΙ
1639 4014 1704 4070 9:
1752 3996 1790 4066 ὃ
1836 4004 1958 4067 σοῦ
1987 4008 2146 4068 Kell.
2192 3994 2266 4078 ὃς
2309 3992 2393 4066 ού
2436 4007 2619 4069 ceteri

381 4112 545 4172 editt.
578 4108 600 4190 ΙΙ
685 4108 785 4171 12:
831 4096 1056 4192 ἐφήσει
1103 4111 1445 4171 Nauckius:
1491 4103 1706 4186 ἐφέσει
1754 4110 1884 4171 eod.
1930 4102 2183 4185 ἐφέσσει
2229 4104 2449 4187 edittu

556 4229 704 4304 156)
745 4233 805 4292 in
850 4251 905 4291 v.
937 4230 1007 4291 4:
1050 4216 1220 4312 ἢπερ
1265 4223 1403 4309 ἐρεῖ
1443 4245 1550 4290 σοι
1595 4231 1729 4291 cod.
1786 4249 1939 4291 corr.
1998 4228 2355 4290 Meinekius.
2396 4220 2419 4304 ΙΙ
2516 4223 2623 4286 12:

386 4324 634 4411 ἐνέρων
677 4335 730 4393 N
738 4332 1006 4394 anchus,
1039 4328 1061 4410 ΙΙ

2184 4444 2217 4493 6
