3166 4871
580 246 705 307 226
801 290 810 299 .
1159 320 1166 325 .
1561 239 1821 294 Zacher

576 414 667 490 εἰς
713 409 956 478 ἑαυτόν
976 438 994 476 .·
1040 420 1183 495 quid
1230 419 1470 479 taudem
1517 418 1636 477 hnc
1684 419 1907 477 faceret
1950 419 2088 495 „qui
2133 418 2286 477 mala
2329 418 2390 476 in
2437 435 2502 478 se
2546 410 2831 478 trahit“?

574 522 881 597 Quaenam
928 522 1081 581 enim
1131 522 1284 581 mala
1330 524 1390 580 in
1446 540 1512 581 se
1563 519 1746 580 trahit
1791 521 2274 580 Demosthenes?
2335 538 2455 580 non
2501 520 2562 579 id
2607 521 2832 597 agitur,

571 624 678 686 sed
725 626 839 685 hoc
877 625 1077 685 dicere
1109 625 1238 685 vult
1266 624 1615 700 Aeschines,
1658 623 2215 683 Demosthenem
2264 641 2419 683 esse
2466 622 2827 683 hominem

571 729 955 805 nefarium,
999 729 1119 805 qui
1166 732 1385 787 totam
1419 728 1802 786 civitatem
1850 726 2161 786 maculet
2206 731 2274 785 et
2312 710 2393 785 ἰιῖ
2426 726 2827 802 perniciem

569 832 832 890 trahat.
891 830 959 889 ld
992 829 1153 908 quod
1188 848 1367 889 versu
1400 829 1647 888 Hesiodi
1680 829 2005 889 clarissime
2036 828 2495 889 demonstratur.
2553 828 2830 903 Comitia,

569 933 802 1011 inquit,
843 934 1162 1010 purgatis,
1238 940 1300 992 at
1371 934 1429 992 iu
1490 932 1869 1009 populiscitis
1943 931 2056 991 hoc
2128 935 2381 1007 rogante
2448 931 2597 991 deos
2650 931 2825 991 iuvo-

569 1037 748 1096 catis!
850 1035 947 1095 Au
1009 1035 1279 1112 nescitis,
1338 1035 1483 1094 deos
1543 1034 1828 1113 precibus
1888 1034 2051 1094 illius
2106 1034 2463 1111 contagione
2536 1036 2826 1094 contami-

572 1137 726 1198 natis
773 1156 892 1198 non
939 1137 1164 1214 placari
1211 1137 1314 1197 sed
1358 1128 1585 1196 Irasci?
1673 1136 1839 1196 Haec
1885 1137 2067 1212 igitur
2109 1137 2467 1197 scholiastae
2497 1135 2828 1214 explicatio

567 1246 727 1300 stare
773 1240 1011 1318 nequit.
1126 1239 1446 1299 Videamus
1521 1239 1801 1298 alteram:
1876 1228 2221 1317 μιαρόν,
2294 1228 2827 1318 κατάρατον,

568 1343 928 1403 scholiastae
975 1343 1051 1419 B,
1110 1342 1280 1402 cuius
1341 1341 1776 1419 explicationes
1830 1359 2187 1418 quamquam
2242 1341 2525 1402 Schnlzio
2570 1346 2828 1401 auctore

568 1444 652 1524 (p.
681 1443 832 1516 250)
877 1449 1020 1504 sunt
1063 1443 1187 1503 fere
1233 1445 1432 1503 omnia
1474 1444 1757 1503 levissimi
1805 1446 2102 1522 momenti,
2146 1448 2344 1503 tamen
2376 1462 2496 1503 non
2527 1444 2823 1503 absonum

567 1554 686 1625 est,
733 1566 914 1611 unam
971 1549 1293 1607 alteramve
1341 1547 1604 1606 melioris
1649 1552 1827 1606 notae
1873 1547 1932 1606 in
1979 1547 2049 1605 iis
2092 1546 2460 1607 delitescere.
2506 1528 2619 1615 'Et
2657 1551 2828 1607 certe

568 1652 716 1711 haec
778 1651 1100 1728 explicatio
1152 1649 1328 1710 bene·
1361 1648 1642 1726 congruit
1700 1654 1760 1709 et
1819 1667 1952 1708 cum
2013 1668 2086 1709 ea
2142 1650 2306 1709 vocis
2361 1649 2827 1728 significatione,

568 1772 747 1831 quam
793 1753 955 1831 apud
1001 1753 1262 1829 tragicos
1309 1753 1587 1814 usitatam
1634 1769 1764 1811 esse
1810 1752 2099 1830 vidimus,
2148 1756 2215 1812 ut
2259 1751 2554 1830 significet
2597 1753 2825 1813 homi-

566 1874 716 1914 nem
781 1855 1256 1933 piacularem,
1318 1854 1746 1933 scelestum,
1808 1859 1868 1914 et
1926 1873 2056 1914 cum
2102 1855 2288 1915 totius
2341 1855 2456 1915 loci
2503 1858 2828 1933 sententia,

564 1976 748 2034 quum
793 1958 1009 2018 Aesch.
1065 1962 1248 2019 totam
1310 1958 1612 2017 civitatem
1672 1957 1990 2034 omniaque
2046 1958 2122 2017 ab
2181 1976 2251 2017 ea
2309 1963 2479 2034 gesta
2524 1959 2825 2019 maculari

566 2042 726 2120 dicat
769 2060 1192 2121 Demosthenis
1237 2060 1594 2137 praesentia.
1680 2058 1811 2133 Qui
1874 2060 2064 2119 enim
2119 2061 2276 2137 ipse
2321 2062 2615 2138 piaculo
2660 2062 2824 2138 pol-

564 2163 764 2223 lutus
809 2168 947 2242 est,
1005 2165 1064 2223 is
1117 2165 1274 2240 ipsa
1328 2163 1763 2241 praesentia
1812 2180 1942 2222 sna
1987 2167 2287 2223 ceteros
2333 2182 2629 2241 quoque
2674 2182 2821 2223 ma·

564 2266 782 2326 culat.
869 2266 964 2327 Sic
1025 2266 1318 2326 Hercules
1379 2284 1471 2342 ap.
1517 2267 1662 2325 Eur.
1714 2266 1892 2325 Herc.
1953 2263 1991 2324 f.
2053 2262 2205 2323 1161
2270 2284 2453 2342 quum
2512 2266 2821 2327 Theseum

563 2368 1189 2446 approquinquantem
1251 2368 1473 2428 infelici
1538 2368 1865 2428 liberorum
1940 2369 2125 2445 stragi
2187 2367 2362 2447 vidit,
2428 2369 2571 2429 dicit
2632 2369 2821 2429 haec:

563 2460 976 2548 Αἰσχύνομαι
1007 2460 1132 2549 γὰρ
1164 2477 1305 2540 τοῖς
1337 2465 1766 2549 δεδραμένοις
1799 2477 2059 2542 κακοῖς,
2105 2466 2229 2531 Καὶ
2277 2467 2529 2531 τῶνδε
2577 2489 2818 2551 προς-

561 2562 972 2651 τρόπαιον
1017 2560 1201 2650 αἷμα
1248 2563 1616 2648 ,προβαλών
1666 2557 1882 2632 Οὐδὲν
1924 2571 2227 2633 κακῶσαι
2275 2565 2436 2645 τούς
2467 2558 2819 2645 ἀναιτίους

560 2669 762 2733 θέλω.
840 2676 883 2734 Ι.
916 2694 966 2736 e.
1011 2694 1195 2753 quum
1240 2674 1370 2753 ipse
1417 2675 1628 2735 horum
1675 2678 1966 2752 sanguine
2011 2678 2263 2737 sceleste
2308 2677 2448 2737 fuso
2479 2678 2819 2739 maculatus

559 2778 687 2854 sim,
730 2777 790 2837 in
837 2796 930 2837 me
975 2778 1165 2839 solum
1212 2777 1327 2838 hoc
1372 2778 1674 2856 piaculum
1721 2780 1903 2857 verti,
1948 2798 2067 2840 non
2114 2780 2297 2856 pollui
2343 2781 2606 2842 insontes
2653 2782 2816 2842 volo.

562 2879 706 2940 lude
752 2881 929 2940 etiam
977 2886 1193 2941 neutro
1239 2899 1459 2957 genere
1492 2881 1849 2942 vocabulum
1887 2883 2167 2960 usurpari
2196 2884 2410 2960 potuit,
2458 2886 2523 2942 ut
2551 2882 2815 2943 vidimus

558 2972 638 3041 τὸ
681 2999 956 3063 προςτρ.
1004 2984 1162 3062 apud
1209 2984 1643 3061 Antiphontem
1687 2985 2027 3062 significare
2073 2983 2134 3044 id
2182 2985 2344 3062 quod
2404 2990 2661 3063 pungat;
2721 2988 2814 3046 sic

557 3085 672 3146 hoc
733 3086 868 3146 loco
929 3071 1264 3163 significare
1323 3089 1525 3164 potest
1583 3085 1641 3146 id
1704 3087 1863 3163 quod
1926 3087 2248 3164 pollutum,
2321 3088 2640 3147 scelestum
2702 3095 2815 3166 est,

559 3187 817 3266 ideoque
874 3190 1025 3249 alios
1087 3190 1346 3268 polluat,
1411 3193 1479 3249 ut
1532 3187 1664 3249 fere
1721 3194 1884 3249 recte
1940 3196 2216 3251 vertatur
2272 3191 2347 3250 ab
2406 3191 2591 3268 Harp.
2649 3177 2814 3269 ἄγος

560 3285 830 3367 μίασμα.
917 3291 1015 3351 Sic
1059 3310 1153 3369 ap.
1198 3293 1362 3352 Cass.
1392 3292 1568 3351 Dion.
1600 3287 1700 3368 42,
1745 3289 1783 3348 3
1842 3282 2346 3371 ,προςτρόζπαιον
2389 3286 2498 3350 καὶ
2549 3283 2815 3364 ἑαυτοῖς

565 3386 676 3450 καὶ
723 3383 1047 3471 Αἰγύπτῳ
1101 3384 1279 3470 πάσῃ
1325 3388 1765 3471 προςέθεντο.
1857 3394 1939 3454 At
1981 3397 2301 3471 quominus
2354 3394 2452 3453 hic
2496 3413 2660 3455 arma
2706 3396 2809 3457 de·

552 3513 870 3572 ponamus,
932 3496 1320 3572 prohibemur
1373 3497 1475 3556 illo
1534 3484 1748 3554 αὑτοῦ
1806 3502 1865 3556 et
1919 3487 2006 3574 μὴ
2056 3486 2181 3575 γὰρ
2226 3487 2310 3576 δὴ
2356 3495 2476 3576 τῆς
2518 3487 2807 3568 πόλεως.

553 3596 711 3671 Quid
780 3599 935 3656 enim
1003 3596 1298 3673 significat
1363 3585 1583 3657 αὑτοῦ
1648 3588 2193 3679 προςτρόπαιοςῖ)
2300 3599 2416 3674 Qui
2483 3619 2548 3660 se
2611 3601 2809 3678 ipsum

553 3700 834 3777 maculat,
877 3718 988 3776 pro
1036 3701 1371 3761 maculatus
1416 3701 1795 3762 sceleribus?
1869 3703 2035 3762 Haec
2067 3720 2214 3764 sane
2247 3703 2397 3762 mira
2440 3709 2501 3763 et
2531 3707 2811 3764 contorta

553 3807 712 3862 esset
772 3802 1012 3862 locutio.
1131 3804 1318 3864 Recta
1374 3810 1535 3865 esset
1595 3806 1643 3864 si
1705 3805 1802 3865 vel
1862 3806 2249 3865 masculinnm
2310 3795 2811 3883 προςτρόπαιος

552 3903 943 3983 significaret,
989 3904 1150 3982 quod
1199 3905 1387 3966 Bekk.
1434 3908 1631 3967 Brcmi
1676 3905 1747 3967 Ο.
1784 3907 2004 3967 Mulier
2049 3910 2239 3977 (Eum.
2282 3928 2342 3986 p.
2378 3906 2517 3987 135,
2556 3905 2656 3979 11)
2701 3926 2806 3969 vo·

551 4007 714 4067 lunt:
774 4009 924 4085 „qui
968 4009 1075 4068 sibi
1125 4009 1234 4085 ipsi
1283 4010 1428 4068 iram
1475 4015 1536 4069 et
1580 4009 1904 4070 vindictam
1961 4010 2222 4071 divinam
2281 4003 2642 4088 contraxit“,
2698 4010 2807 4070 sed

550 4127 681 4170 eam
726 4110 893 4169 vocis
937 4110 1134 4188 signif.
1179 4129 1311 4171 esse
1369 4131 1489 4172 non
1535 4129 1717 4189 posse
1763 4112 2046 4189 vidimus,
2110 4114 2204 4172 vel
2268 4119 2546 4174 neutrum
2605 4129 2807 4193 ,προς-

551 4200 885 4291 τρόπαιον
932 4214 1319 4290 conjunctum
1367 4217 1528 4273 esset
1558 4232 1691 4273 cnm
1724 4215 1927 4292 verbo,
1971 4219 2039 4274 ut
2066 4213 2475 4295 ,προςβαλεϊν
2518 4234 2614 4293 ap.
2644 4217 2810 4295 Eur„
