3166 4871
2578 299 2659 360 39

1490 472 1590 535 37.

588 582 827 688 Ἐργῖνε
876 590 1248 673 Κλυμένοιο
1293 585 1421 653 πάϊ
1466 585 2013 672 Πρεσβωνιάδαο,

589 684 702 776 ὄψ’
746 692 951 777 ήλθες
995 684 1231 777 γενεὴν
1276 687 1653 775 διζήμενος·
1702 682 1841 757 ἀλλ’
1888 687 1986 755 ἔτι
2027 692 2143 755 καὶ
2187 693 2312 756 νῦν

486 830 495 835 ·
589 793 890 880 ἱστοβοῆι
934 794 1201 879 γέροντι
1246 797 1403 879 νέην
1446 795 1815 873 ποτίβαλλε
1860 789 2198 880 κορώνην.

1490 966 1589 1030 38.

590 1075 828 1169 ,ayxar'
872 1085 1170 1170 εἰναλίην
1214 1086 1426 1171 νῆσον
1469 1081 1710 1167 Σάμον
1752 1077 1903 1149 ἀντὶ
1949 1079 2178 1169 Σάμης
2226 1102 2296 1148 σε

591 1188 866 1270 οἰκίζειν
910 1187 1211 1271 κέλομαι·
1262 1179 1530 1263 Φυλλιὶς
1575 1178 1635 1251 0³
1680 1178 2077 1270 ὀνομάζεται
2124 1180 2309 1271 αὕτη.

1491 1362 1588 1424 39.

597 1480 936 1563 Χείρωνος
980 1480 1129 1559 φίλε
1170 1478 1417 1543 τέκνον
1459 1469 1907 1562 ἅγακλειτοῑο,
1950 1472 2274 1561 Κάρυστε,

593 1582 851 1667 Πηλίον
892 1572 1329 1664 ἐκπρολιπών
1374 1574 1660 1659 Εὐβοίας
1705 1573 1916 1666 ἄκρον
1960 1579 2246 1659 ἱκέσθαι,

593 1675 737 1746 ἔνθ
783 1680 971 1768 ιερὰν
1011 1679 1239 1768 χώραν
1282 1685 1532 1766 κτίζειν
1575 1702 1681 1746 σοι
1727 1679 2071 1765 θέσφατόν
2116 1682 2312 1748 ἐστιν.

588 1776 737 1850 ἄλλ
782 1784 884 1851 ἴθι
925 1786 1161 1872 μηκέτι
1203 1787 1413 1869 μέλλε.

1491 1961 1590 2021 40.

590 2078 723 2143 Καὶ
768 2068 827 2141 d'
874 2062 1030 2141 αὖθ’
1076 2071 1492 2140 Ιππολύτοιο
1538 2076 1746 2157 φίλον
1790 2054 1964 2161 κάρα
2007 2074 2100 2152 εἰς
2144 2067 2272 2162 ἅλα
2316 2078 2547 2155 βαίνει.

592 2234 696 2309 37)
743 2238 920 2296 Paua.
951 2238 1034 2295 IX
1066 2233 1164 2311 37,
1196 2234 1262 2293 4:
1307 2218 1578 2314 Ἐργίνῳ
1625 2280 1636 2293 .
1691 2279 1704 2292 .
1752 2224 2025 2293 ἐλθόντι
2084 2228 2149 2305 ἐς
2193 2223 2492 2311 Δελφοὺς
2548 2233 2660 2296 καὶ

419 2331 716 2418 ἐρομένῳ
760 2333 911 2418 περὶ
961 2332 1228 2397 παίδων
1267 2333 1394 2419 χρᾷ
1440 2321 1480 2416 ἦ
1528 2332 1787 2395 Πυθία·
1831 2322 2073 2417 Ἐργῖνε
2117 2337 2255 2397 κτλ.

590 2445 731 2503 Eue.
774 2461 863 2519 pr.
908 2461 997 2502 ev.
1042 2443 1094 2500 V
1128 2439 1226 2501 30.

590 2541 658 2604 2:
718 2528 890 2603 ἄλλα
942 2539 1053 2602 καὶ
1116 2535 1321 2622 ἔμπης
1379 2538 1572 2619 Euan
1667 2541 1731 2601 3:
1790 2537 1953 2602 νέαν
2013 2545 2156 2604 Eue.
2189 2538 2212 2622 ΙΙ
2297 2546 2371 2604 cf.
2431 2548 2660 2606 Macar:

424 2639 549 2705 αἰεὶ
610 2642 681 2706 δὲ
741 2641 1009 2725 γέροντι
1066 2639 1227 2705 νέαν
1278 2640 1646 2719 ποτίβαλλε
1700 2636 1911 2723 κόρην
1969 2642 2315 2727 παρεγγυᾷ
2368 2662 2405 2704 ο
2462 2638 2662 2727 λόγος

420 2743 895 2828 πρεσβυτέροις
970 2735 1091 2810 τὰς
1165 2734 1592 2825 ἀκμαζούσας
1661 2739 2106 2824 συνευνάζειν.
2224 2751 2459 2810 Arsam:
2535 2745 2656 2810 αἰεὶ

424 2845 688 2929 γέροντι
720 2845 881 2910 νέαν
910 2829 1281 2924 ποτόβαλλε
1316 2841 1557 2930 κόρην·
1605 2843 1716 2908 ἐπὶ
1742 2848 1886 2908 τῶν
1915 2845 2394 2930 πρεσβυτέρων
2422 2851 2661 2925 βουλο-

421 2947 643 3028 μένων
690 2949 759 3013 δὲ
806 2948 983 3024 νέαις
1029 2943 1571 3031 συνευνάζεσθαι.
1659 2953 1929 3030 Apostol.
1957 2953 2024 3022 ΙΙ,
2051 2949 2145 3011 18.

595 3057 672 3116 ef.
717 3057 871 3115 Plut.
915 3075 991 3115 an
1046 3058 1173 3116 seni
1228 3057 1303 3115 sit
1354 3074 1478 3132 ger.
1534 3073 1634 3114 res
1691 3056 1856 3132 publ.
1896 3055 1925 3114 1
1969 3050 2070 3112 12:
2115 3042 2194 3113 τὸ
2238 3052 2353 3135 τῆς
2397 3052 2662 3129 Πυθίας

422 3140 592 3232 »ὂψὲ
634 3144 899 3237 ἦλθες“.

599 3257 704 3331 38)
749 3260 1058 3320 Jamblieh.
1090 3263 1192 3320 vit.
1222 3261 1411 3337 Pyth:
1455 3244 2001 3337 λέγεταιΑγκαίῳ
2028 3252 2340 3336 γενέσθαι
2367 3251 2667 3340 χρησμὸν

422 3378 603 3456 παρα
634 3360 748 3442 τῆς
779 3357 1045 3433 Πυθίας
1076 3377 1182 3421 συι
1188 3369 1475 3476 αγαγεϊν
1505 3347 1824 3438 αποικίαν
1855 3354 1929 3419 ἐκ
1968 3358 2088 3440 τῆς
2117 3359 2664 3442 Κεφαλληνίας..

420 3459 533 3523 καὶ
586 3458 832 3524 οἰκίσαι
876 3463 1090 3543 νῆσον
1138 3511 1151 3524 .
1199 3511 1212 3523 .
1268 3455 1396 3542 τὴν
1438 3454 1941 3542 Μελάμφυλλον
1983 3458 2403 3544 καλουμένην
2457 3480 2662 3547 προσ-

422 3562 776 3646 αγορεῦσαί
842 3584 913 3625 τε
977 3553 1106 3645 τὴν
1174 3557 1381 3626 πόλιν
1434 3559 1675 3645 Σάμον
1745 3551 1894 3625 ἇντὶ
1953 3565 2070 3648 τῆς
2127 3555 2358 3647 Σάμης
2416 3567 2531 3649 τῆς
2590 3563 2665 3629 ἐν

422 3664 870 3750 Κεφαλληνία.

590 3769 696 3844 39)
744 3772 1274 3832 Anth.Pal.x1v
1308 3769 1420 3832 68;
1476 3763 1765 3851 χρησμὸς
1819 3766 2047 3842 δοθεὶς
2103 3763 2444 3852 Καρύστῳ.
2507 3775 2662 3836 adde

419 3874 564 3933 Eun.
601 3876 679 3932 VI
711 3873 768 3934 7.
812 3874 887 3933 de
931 3875 1190 3934 dialecto
1236 3875 1426 3952 praef.
1472 3895 1529 3951 p.
1559 3871 1659 3934 22.

594 3994 650 4034 v.
682 3974 746 4035 4:
792 3995 907 4035 om.
954 3977 1115 4035 anth.
1160 3977 1288 4036 Pal.
1323 3970 1345 4051 ΙΙ

589 4072 741 4151 φίλε
797 4072 1074 4150 τέκνον,
1146 4063 1560 4155 ἆγακλειτός,
1619 4068 1970 4152 θέσφατόν
2030 4072 2170 4137 ἐστι
2228 4077 2366 4152 [Od.
2395 4081 2477 4139 IV
2510 4077 2659 4153 561]

422 4177 590 4237 form.
636 4197 727 4255 ep.
759 4173 781 4256 11

592 4278 698 4353 40)
746 4283 958 4342 Exstat
1004 4284 1160 4342 Plut-
1206 4282 1382 4342 Num.
1429 4283 1513 4347 lv
1557 4299 1738 4358 quem
1783 4283 1981 4342 locum
2028 4282 2330 4342 conferas.
