3166 4871
994 293 1079 347 De
1113 292 1316 346 nomin.
1349 274 1607 356 ἱιι-αιος.
1677 296 1709 357 s
1747 298 1794 345 6.
2447 296 2522 357 19

1359 498 1442 566 ΙΙ.

690 618 794 685 De
838 618 1361 686 terminatione
1405 641 1551 703 ηιος
1595 635 1702 721 ex·
1736 640 1882 695 αιος
1924 618 2120 684 nata.

448 772 521 838 6.
587 780 794 854 Iones,
838 782 906 837 ut
949 778 1299 854 saepissime
1357 796 1466 854 pro
1512 779 1931 839 terminatione
1977 794 2110 846 ειος
2155 780 2527 856 usurpabant

283 898 444 958 ηιος,
490 881 577 940 sie
623 880 919 940 interdum
965 880 1142 939 etiam
1185 898 1298 958 pro
1344 896 1489 951 αιος
1533 880 1699 958 quod
1747 884 1984 940 ceterae
2028 880 2254 941 habent
2282 879 2524 943 dialecti

281 984 711 1059 pronunciasse
770 999 915 1061 ηιος
975 982 1132 1042 inter
1194 1000 1396 1042 omnes
1458 986 1711 1042 constat.
1817 983 2002 1042 Cuius
2073 984 2312 1059 generis
2384 988 2528 1045 sunt

285 1074 472 1163 νήιος
517 1074 706 1162 δήιος
748 1073 942 1163 λήιον
988 1085 1062 1144 al.
1148 1084 1267 1145 Sed
1314 1102 1433 1145 non
1480 1086 1718 1144 constat
1776 1083 1852 1145 de
1896 1085 2128 1161 legibus
2187 1089 2249 1145 et
2305 1086 2379 1146 de
2425 1105 2524 1147 vo·

283 1187 629 1247 cabalorum
673 1187 1023 1264 generibus,
1085 1187 1300 1264 quibus
1344 1187 1492 1246 haee
1538 1189 1788 1247 mutatio
1834 1187 2079 1247 asti-ieta
2123 1187 2228 1265 sit,
2283 1189 2524 1249 multos—

284 1307 403 1367 que
446 1307 733 1367 perverse
776 1289 891 1349 hae
948 1288 1025 1349 de
1086 1307 1152 1349 re
1189 1289 1466 1376 Judieare
1527 1290 1959 1366 intellegemus.
2048 1290 2221 1367 Nam,
2283 1295 2351 1351 ut
2393 1290 2524 1352 bre·

284 1394 454 1469 viter,
497 1391 643 1469 quid
688 1393 959 1469 sentiam,
1005 1391 1224 1469 dicam,
1267 1409 1450 1468 quum
1497 1391 1616 1452 duo
1660 1392 2087 1452 vocabulorum
2122 1393 2192 1483 *³¹¹
2239 1409 2384 1464 αιος
2427 1393 2525 1454 de·

284 1494 604 1555 sinentium
649 1495 770 1555 sint
811 1512 1056 1572 genera,
1099 1483 1350 1581 alterum
1398 1511 1606 1554 eorum
1653 1512 1810 1571 quae
1855 1498 1961 1554 aut
1988 1509 2052 1552 ιο
2098 1493 2379 1557 suffixum
2424 1496 2524 1556 ad-

275 1595 543 1674 jungant
585 1597 755 1673 stirpi
803 1595 1005 1655 suffixi
1050 1614 1092 1655 α
1138 1610 1251 1672 ope
1296 1595 1620 1674 formatae,
1681 1600 1750 1656 ut
1807 1614 1880 1656 ex
1926 1595 2021 1656 his
2084 1596 2321 1658 duobus
2365 1596 2524 1659 suffi-

284 1700 376 1759 xis
421 1705 702 1759 nascatur
748 1716 968 1767 novum
1012 1714 1159 1771 αιο,
1224 1702 1331 1759 aut
1375 1700 1619 1776 plenum
1665 1697 1946 1759 suffixum
2007 1715 2114 1757 αιο
2160 1700 2528 1778 subjungant

287 1803 457 1878 stirpi
503 1802 712 1879 alieni,
777 1801 1033 1861 alterum
1093 1818 1298 1861 eorum
1359 1818 1515 1878 quae
1576 1806 1637 1860 et
1679 1802 1811 1879 ipsa
1854 1817 1918 1860 ιο
1979 1800 2261 1861 suffixum
2306 1821 2437 1863 eum
2486 1821 2526 1862 α

286 1903 488 1981 stirpis
533 1907 965 1964 contraxerunt
1027 1904 1087 1963 in
1156 1920 1264 1962 αιο
1332 1904 1440 1964 sed
1508 1902 1644 1964 eum
1707 1921 1750 1963 α
1814 1921 1933 1963 ιιοιι
1994 1903 2072 1963 ad
2129 1905 2284 1965 hane
2338 1906 2528 1983 ipsam

288 2008 530 2083 stirpem
578 2006 950 2066 formandam
996 2005 1297 2084 adhibito,
1359 2005 1462 2065 sed
1530 2007 1732 2083 stirpis
1792 2010 1860 2065 ut
1911 2004 2001 2085 ita
2046 2007 2238 2067 dieam
2284 2010 2528 2084 proprio

290 2116 470 2185 atque
512 2109 795 2169 interiore
869 2105 949 2182 (v.
994 2127 1043 2168 e.
1089 2091 1364 2187 ἄγλα-ἱα
1422 2126 1543 2168 non
1611 2126 1648 2167 a
1692 2113 1765 2168 st.
1808 2092 2008 2185 α’γλ-α
2067 2108 2173 2168 sed
2229 2093 2528 2186 ἀγλα-ωε

290 2211 449 2271 illius
496 2211 734 2288 generis
778 2211 1074 2272 voeabula
1118 2228 1424 2288 nunquam
1472 2226 1580 2269 αιο
1629 2215 1863 2271 mutant
1921 2210 1983 2271 in
2028 2227 2176 2289 ηιο,
2223 2213 2399 2273 huius
2443 2215 2529 2274 in-

288 2313 539 2373 terdum.
645 2314 726 2373 At
784 2313 1060 2390 plerique
1128 2318 1347 2391 putant
1419 2332 1474 2372 v.
1520 2331 1568 2372 e.
1628 2299 1942 2391 ὑμενήιος
2013 2332 2125 2390 pro
2196 2301 2530 2408 ὑμέναιος,

292 2405 650 2495 δραχμήιος
696 2434 807 2493 pro
855 2411 1232 2494 δραχμαῖος,
1276 2404 1561 2494 ταφήιος
1605 2432 1717 2493 pro
1763 2421 2048 2491 ταφαῑος
2092 2416 2225 2477 diei.
2311 2419 2362 2477 E
2401 2420 2529 2495 qui-

291 2519 403 2578 bus
446 2518 810 2598 Lobeekius‚
854 2524 922 2578 ut
964 2519 1314 2579 recentioris
1357 2518 1619 2578 methodi
1664 2519 2086 2594 grammaticae
2130 2537 2342 2597 parum
2387 2540 2529 2598 gna-

292 2639 414 2698 rus,
458 2622 697 2682 facilius
742 2621 1079 2699 impetrabit
1119 2621 1374 2698 veniam,
1418 2623 1474 2681 in
1508 2622 1671 2681 Proi.
1701 2621 1862 2698 path.
1909 2640 1967 2698 p.
1999 2618 2121 2679 473
2151 2612 2530 2701 ποιμνήιος,

296 2709 552 2803 Ἀλήιον
594 2719 855 2797 πεδίον,
918 2714 1310 2803 δραχμήιος,
1370 2714 1651 2803 ψυχήιος
1694 2726 1888 2785 ionice
1932 2725 2228 2786 dissoluta
2270 2743 2402 2786 esse
2445 2726 2531 2786 af·

294 2825 535 2886 firmans
594 2844 669 2887 ex
730 2829 1088 2904 ποιμνατος
1146 2831 1259 2886 eet.
1362 2827 1481 2888 Sed
1543 2825 1687 2904 quid
1755 2826 1916 2904 quod
1979 2828 2079 2887 vel
2135 2828 2204 2888 L.
2248 2829 2532 2906 Meyerus

294 2930 411 3006 vgl.
457 2928 559 2989 Gr.
603 2931 681 3008 ΙΙ,
725 2927 850 2986 456
894 2929 1050 2989 inter
1092 2947 1272 2989 voees
1316 2929 1377 2989 in
1424 2944 1532 2987 αιο
1593 2933 1937 2989 enumerat·
1964 2918 2367 3008 ηποιμνήιο-,
2421 2950 2533 2992 zur

294 3031 478 3091 herde
543 3025 844 3110 (ποίμνη)
903 3032 1154 3109 gehon-ig
1215 3030 1358 3105 (nur
1403 3029 1679 3108 Odyssee
1722 3026 1781 3108 9,
1832 3027 2003 3108 122),
2066 3032 2189 3091 und
2233 3022 2533 3110 ταφήιο-,

295 3151 428 3193 zum
473 3133 799 3210 begrabnis
860 3122 1087 3211 (ταφή)
1146 3125 1451 3212 gehbrig“,
1505 3137 1564 3193 et
1622 3131 1793 3193 Gust.
1837 3134 2117 3208 Meyerus
2177 3133 2300 3193 KZ.
2344 3134 2535 3212 XXII,

296 3234 418 3291 494
463 3236 827 3295 enumeratis
872 3235 1179 3295 vocabulis
1224 3254 1333 3311 per
1379 3251 1442 3294 ιο
1488 3233 1771 3296 suffixum
1815 3253 1853 3293 a
1897 3235 2180 3312 stirpibus
2238 3235 2300 3294 in
2346 3253 2388 3293 α
2430 3237 2534 3297 de·

296 3337 500 3398 rivatis
545 3321 934 3415 dyeia-105,
979 3321 1368 3415 ἄναγκα-ῑος
1413 3338 1488 3397 al.
1532 3338 1733 3414 pergit
1774 3337 1894 3397 sie:
1955 3341 2135 3415 „statt
2195 3336 2302 3398 des
2347 3355 2389 3397 α
2448 3355 2537 3398 er·

294 3440 523 3500 seheint
590 3439 699 3498 das
764 3441 942 3516 lange
985 3459 1026 3520 η
1072 3439 1180 3500 der
1225 3439 1510 3500 feminina
1569 3439 1632 3499 iu
1678 3428 2038 3518 ποιμνήιος
2081 3429 2367 3517 ταφήιος
2410 3440 2534 3500 und

298 3541 427 3602 dem
474 3542 870 3619 sigennamen
917 3531 1118 3620 Γαιή-
1121 3559 1213 3599 ιο-
1217 3535 1286 3613 ς“
1286 3587 1303 3620 ,
1362 3547 1423 3602 et
1464 3542 1711 3603 Curtius
1755 3542 1892 3602 Eu
1949 3561 2005 3619 p.
2051 3539 2205 3600 633:
2290 3544 2451 3621 „Das
2493 3559 2537 3621 η

300 3663 412 3705 von
456 3633 862 3724 κλαγγηὸόν,
928 3644 1158 3723 iuquit,
1224 3644 1466 3705 vel-halt
1523 3644 1650 3705 sieh
1710 3663 1785 3703 zu
1830 3645 1966 3704 dem
2012 3662 2055 3702 α
2115 3662 2234 3704 von
2281 3586 2538 3716 ἴλαδόν,

302 3747 407 3806 vie
450 3734 752 3825 ταφὴ-ῑο-
754 3764 789 3817 ς
830 3765 907 3806 zu
950 3762 1193 3825 πεῖρα·
1167 3751 1284 3806 -·το
1289 3739 1400 3817 ς“9
1485 3747 1604 3808 Sed
1663 3747 1779 3806 hoe
1835 3746 2012 3823 plane
2057 3747 2301 3826 falsum,
2360 3747 2538 3806 immo

304 3849 444 3907 nisi
500 3848 572 3908 in
620 3849 713 3908 iis
758 3848 1155 3908 vocabulis
1199 3848 1275 3908 in
1322 3864 1531 3920 αιος,
1593 3865 1905 3925 quorum
1952 3865 1993 3906 α
2035 3867 2185 3908 non
2229 3848 2540 3909 affixum

302 3952 559 4028 stirpis
619 3950 962 4026 primarii
1041 3949 1166 4009 sed
1226 3951 1440 4026 quasi
1517 3950 1919 4026 corporale
1982 3949 2148 4028 fuit,
2211 3965 2336 4008 αιο
2396 3967 2537 4009 non

303 4056 547 4128 potest
588 4053 663 4110 in
709 4068 838 4130 ηιο
884 4051 1186 4110 mutari:
1259 4054 1331 4112 in
1376 4053 1675 4112 ceteris
1719 4052 2065 4111 omnibus
2109 4067 2233 4130 ηιο
2289 4070 2371 4112 ex
2417 4067 2538 4108 ειο

303 4159 411 4213 est
453 4159 733 4214 natum.

468 4255 563 4316 Ad
611 4255 768 4313 hane
812 4255 1219 4331 quaestionem
1264 4254 1710 4333 dijudicandam
1757 4272 2002 4315 neeesse
2041 4255 2134 4313 est
2176 4254 2378 4313 omnia¹
2403 4269 2540 4313 oon·

2239 4366 2302 4418 2.
