3166 4871
2527 241 2640 303 331

582 418 834 498 Saepius
879 421 1056 480 etiam
1104 439 1213 498 per
1255 428 1323 480 at
1370 422 1476 481 ille
1520 419 1921 480 introducitur
1964 417 2043 495 id,
2086 417 2243 495 qnod
2293 417 2443 477 alter
2480 417 2651 476 alteri

409 523 751 601 respondet.
796 524 893 591 (ef.
937 523 1130 583 Hand.
1176 524 1204 583 I
1250 528 1392 599 424,
1425 528 1479 585 6.
1551 524 1841 599 Draeger.
1884 521 1921 591 ᾗ
1952 525 2094 598 334,
2124 525 2180 581 4.
2243 520 2547 580 Kuebner.
2592 519 2651 578 11

408 625 445 697 ἓ
479 624 616 697 163,
648 632 706 688 3.
792 626 1137 702 Draegerus
1191 626 1344 686 falso
1400 626 1640 685 videtur
1685 625 1985 702 putavisse
2030 625 2267 683 omnino
2314 640 2432 683 non
2477 623 2650 700 plura

408 728 583 788 huius
630 728 862 788 dicendi
911 745 1055 788 usus
1081 730 1359 806 exempla
1384 729 1655 797 inveniri,
1701 746 1878 805 quam
1917 746 2003 797 ea,
2048 743 2203 804 quae
2233 725 2506 785 Handius
2550 726 2588 784 l.
2614 726 2649 783 l.

408 831 602 908 affert,
626 831 811 892 sedin
842 849 959 891 uno
978 832 1260 892 Petronio
1283 831 1843 902 deciesinvenitnr.)
1890 829 1964 890 cf.
1984 835 2049 887 at
2081 830 2179 887 ille
2205 859 2291 869 —
2322 830 2518 902 inquit
2547 832 2646 889 c.8

408 931 533 1011 (11,
563 927 652 1013 4),
697 937 733 994 9
780 932 908 1011 (12,
942 932 1022 1013 1),
1067 937 1144 996 36
1194 933 1322 1012 (39,
1356 932 1478 1011 11),
1521 938 1603 996 52
1649 932 1774 1010 (60,
1808 931 1887 1011 1),
1931 937 2011 993 86
2044 930 2210 1009 (102,
2246 929 2326 1008 1),
2368 934 2448 992 87
2483 929 2650 1007 (102,

412 1034 548 1115 11),
612 1043 725 1098 131
777 1029 948 1115 (182,
986 1040 1078 1117 1),
1142 1042 1258 1098 137
1308 1032 1473 1113 (197,
1507 1034 1602 1115 7);
1659 1041 1722 1094 at
1766 1037 1872 1096 me
1914 1035 2133 1095 omisso
2178 1035 2365 1093 verbo
2409 1032 2649 1094 dicendi

408 1157 454 1198 c.
489 1143 566 1200 41
617 1137 743 1216 (45,
777 1136 855 1209 1).
942 1140 1123 1217 paulo
1170 1140 1345 1200 aliter
1390 1144 1586 1199 antem
1636 1157 1733 1198 res
1779 1157 1843 1197 se
1890 1138 2069 1197 babet
2114 1156 2164 1196 c.
2198 1140 2283 1198 80
2326 1139 2449 1213 (94,
2479 1132 2543 1207 8)
2589 1142 2649 1195 et

411 1244 529 1302 115
577 1240 743 1319 (146,
777 1238 876 1319 3),
949 1243 1046 1302 ubi
1111 1246 1311 1301 noster
1372 1260 1533 1301 more
1595 1259 1703 1300 suo
1767 1239 1942 1299 dicit:
2010 1245 2072 1297 at
2132 1239 2235 1298 ille
2281 1282 2331 1296 ..
2378 1238 2645 1313 yladium

402 1344 653 1403 stt-ivai!
698 1350 757 1402 et
803 1388 852 1403 ..
902 1344 1097 1417 inquit
1143 1349 1203 1404 et
1246 1348 1310 1402 at
1356 1345 1458 1402 ille
1505 1389 1558 1402 ..
1608 1342 1941 1402 excanduit
1986 1346 2045 1400 et
2091 1386 2105 1399 .
2133 1386 2147 1399 .
2194 1342 2400 1414 inquit.

577 1446 851 1506 Handins
896 1443 1133 1520 (1431)
1180 1446 1382 1507 docet:
1428 1450 1506 1505 at
1553 1447 1800 1517 dicitur,
1843 1452 1908 1503 ut
1950 1445 2251 1503 sententia
2292 1450 2472 1504 antea
2495 1458 2647 1518 pro-

400 1549 603 1622 posita
664 1549 1074 1622 reprimatur,
1135 1549 1264 1607 alia
1308 1550 1622 1608 contraria
1662 1548 1957 1607 sententia
2000 1544 2254 1605 obiecta.
2340 1546 2648 1621 siqnificat

404 1651 589 1723 mitur
637 1660 719 1709 co·
736 1656 961 1722 ntra,
1025 1651 1273 1723 imma,
1333 1653 1411 1710 im
1462 1650 1843 1725 Geyemlzeil:
1913 1656 1969 1707 e!
2009 1664 2198 1722 saepe
2238 1649 2489 1722 ponitur
2523 1665 2644 1722 pro

402 1753 667 1826 simplici
707 1754 1056 1827 neqationis
1093 1753 1370 1825 formula
1413 1755 1577 1827 nein,
1635 1769 1755 1826 qua
1800 1755 2009 1825 ce'nyua
2053 1751 2248 1810 latina
2289 1758 2477 1809 caret.
2564 1752 2646 1810 ita

403 1856 722 1915 Petronius
784 1856 990 1915 scribit
1043 1875 1092 1916 c.
1129 1861 1206 1916 74
1261 1854 1387 1933 (88,
1422 1860 1529 1916 1οε
1592 1854 1911 1914 ambubaia
1953 1871 2072 1913 non
2116 1855 2418 1913 meminit?
2480 1897 2533 1910 ..
2582 1860 2645 1912 at

403 1959 574 2031 inflat
615 1974 682 2016 se
725 1963 1008 2031 tanquam
1053 1961 1250 2026 rana).
1314 1990 1398 1999 —
1456 1959 1631 2017 etiam
1678 1959 1736 2017 in
1784 1957 2314 2017 exclamationibus
2359 1963 2419 2017 et
2463 1958 2642 2015 mina-

403 2059 667 2118 tionibus
725 2064 793 2116 αἱ
854 2060 1051 2118 locum
1099 2059 1293 2119 habet.
1381 2059 1454 2118 cf.
1500 2078 1550 2118 c.
1597 2063 1677 2120 58
1723 2061 1846 2135 (68,
1880 2064 1947 2130 7,
2013 2057 2306 2135 siquidem
2352 2059 2468 2118 boc
2511 2059 2643 2118 loco

403 2161 810 2221 Buechelerus
871 2166 1210 2238 corruptam
1258 2164 1611 2239 scripturam
1660 2167 1822 2223 recte
1865 2162 2161 2221 intellexit
2204 2168 2264 2221 et
2306 2160 2646 2221 emendavit

401 2264 702 2324 scribens:
769 2262 918 2323 bene
976 2281 1086 2323 nos
1149 2263 1475 2334 habemus,·
1538 2273 1602 2324 at
1646 2266 1781 2324 istic
1826 2267 2017 2338 euqe!
2074 2265 2177 2337 qui
2222 2261 2334 2321 tibi
2375 2279 2496 2322 non
2540 2264 2645 2322 im-

391 2363 606 2441 perat)
652 2371 712 2426 et
756 2370 833 2427 69
868 2365 992 2437 (81,
1026 2370 1139 2427 20:
1185 2370 1249 2424 at
1293 2366 1545 2438 cur-aba,
1587 2370 1865 2443 stiqmam
1911 2363 2171 2437 habeat).
2236 2366 2309 2424 cf.
2343 2367 2649 2433 Kuehner,

400 2470 456 2529 11
491 2466 527 2542 ἓ
563 2474 702 2547 163,
735 2474 829 2530 11.
2231 2467 2236 2474 ’

573 2574 822 2632 Restant
867 2573 1123 2650 denique
1171 2574 1440 2633 nonnulli
1487 2575 1620 2640 loci,
1666 2574 1881 2651 quibus
1929 2578 1994 2631 a!
2037 2592 2167 2632 cum
2208 2574 2325 2632 alio
2357 2574 2647 2634 vocabulo

401 2675 477 2734 ad
540 2694 713 2734 unam
776 2680 994 2734 certam
1058 2677 1366 2736 formulam
1417 2678 1794 2736 coniunctum
1845 2681 1966 2752 est,
2032 2682 2096 2734 ut
2141 2682 2209 2733 at
2252 2691 2397 2734 reor
2441 2695 2491 2735 c.
2527 2680 2646 2740 122

401 2779 570 2852 (164,
608 2776 682 2850 1),
730 2797 907 2856 quam
942 2779 1214 2839 Ilandius
1262 2781 1535 2840 formulis
1578 2784 1644 2837 at
1689 2779 1875 2838 credo
1921 2783 1981 2837 et
2009 2784 2264 2852 utputo,
2309 2778 2383 2837 de
2429 2779 2647 2854 quibus

400 2883 425 2939 l
461 2883 600 2949 437,
639 2884 716 2939 10
763 2884 1026 2957 exponit,
1070 2881 1292 2941 addere
1332 2883 1540 2960 potuit.
1609 2880 1823 2941 deinde
1852 2887 1916 2938 a!
1943 2895 2105 2939 nunc
2135 2899 2185 2939 c.
2220 2884 2336 2942 109
2371 2881 2535 2957 (135,
2567 2878 2646 2953 3).

401 2981 475 3040 cf.
506 2981 703 3040 Hand.
736 2983 761 3039 l
793 2986 939 3043 448.
1010 3002 1190 3060 porro
1236 2990 1301 3041 at
1345 2985 1493 3042 enim
1542 3003 1592 3042 c.
1630 2986 1745 3044 107
1779 2981 1946 3060 (130,
1976 2985 2039 3051 8)
2082 2988 2141 3042 et
2176 2987 2294 3043 115
2326 2980 2492 3055 (147,
2528 2981 2649 3060 10),

401 3102 437 3142 a
481 3103 604 3161 qua
650 3083 905 3143 formula
949 3085 1008 3143 id
1053 3086 1282 3162 incipit,
1327 3084 1490 3161 qnod
1538 3091 1744 3146 contra
1790 3085 1962 3144 aliam
2005 3086 2356 3144 sententiam
2412 3087 2648 3164 dicitur,

397 3188 481 3246 ita
524 3190 741 3263 tamen,
788 3191 853 3246 ut
896 3189 1090 3246 altera
1135 3190 1432 3248 sententia
1477 3207 1597 3249 non
1641 3206 1891 3265 prorsus
1922 3188 2182 3264 tollatur,
2226 3187 2331 3248 sed
2362 3187 2422 3246 id
2463 3207 2642 3249 unum

397 3288 781 3349 contenditur
847 3307 1136 3350 concessa
1202 3290 1317 3349 alia
1383 3310 1446 3351 re
1518 3291 1632 3350 hoc
1699 3295 1911 3350 contra
1976 3290 2092 3349 dici
2158 3308 2349 3367 posse.
2458 3310 2643 3367 quare

395 3391 677 3451 facillime
752 3393 1088 3469 explicatur
1164 3394 1253 3452 vis
1327 3394 1617 3452 enuntiati
1691 3391 1910 3451 additis
1983 3392 2184 3452 verbis
2257 3392 2425 3452 dicat
2496 3394 2644 3466 quis,

398 3495 474 3553 cf.
518 3492 714 3553 Hand.
762 3496 786 3553 1
833 3498 979 3567 432,
1012 3501 1046 3552 3
1098 3498 1156 3553 et
1199 3498 1340 3564 446,
1374 3499 1426 3553 2.
1520 3496 1789 3571 Draeger
1834 3493 1869 3564 ἓ
1901 3493 2040 3564 334,
2079 3498 2169 3554 10.
2237 3495 2542 3555 Kuebner.
2590 3496 2643 3554 lI

396 3595 431 3665 ξ
468 3600 603 3664 163,
635 3599 692 3656 9.
767 3596 928 3657 Beck
975 3616 1029 3673 p.
1068 3599 1202 3657 145.

1271 3783 1307 3854 §
1354 3788 1409 3843 6.
1495 3783 1767 3840 Autem.

567 3918 743 3992 Quod
805 3919 918 3977 iam
977 3936 1165 3995 snpra
1209 3920 1267 3977 in
1316 3919 1567 3979 aliarum
1615 3921 2039 3996 particularum
2087 3939 2199 3982 usu
2247 3921 2639 3983 describendo

396 4021 636 4097 saepius
697 4020 815 4078 dixi
863 4021 1212 4080 recentioris
1257 4023 1387 4080 aevi
1443 4023 1783 4098 scriptores,
1825 4029 1887 4083 et
1928 4024 2082 4083 inter
2128 4042 2231 4084 eos
2275 4025 2642 4099 Petronium,

393 4123 453 4181 in
502 4141 611 4182 usu
659 4122 1034 4200 quarundam
1081 4124 1529 4202 particularum,
1573 4124 1788 4200 quibus
1832 4126 2037 4184 similis
2070 4126 2223 4186 inest
2251 4126 2639 4202 significatus,

396 4241 515 4282 non
561 4224 645 4284 ita
686 4233 969 4284 accurate
1014 4225 1336 4285 observare
1385 4225 1753 4304 discrimina,
1797 4227 1951 4285 idem
2000 4228 2175 4287 etiam
2222 4227 2299 4287 de
2346 4230 2640 4305 particula
