3166 4871
2482 264 2602 326 127

363 438 470 494 ant
514 437 798 512 exignum
846 436 1002 496 inter
1047 439 1424 513 praesentem
1478 438 1662 513 atque
1707 438 2095 514 praeteritum
2144 454 2340 496 rernm
2385 440 2604 497 statum

359 536 674 597 discrimen
730 538 1070 597 intericiunt
1130 544 1235 597 ant
1289 537 1460 597 simul
1505 539 1813 614 praeteriti
1861 540 2143 614 temporis
2200 538 2500 598 notionem
2547 543 2607 598 et

362 638 611 699 actionis
670 642 1031 717 praeteritae
1093 641 1551 718 perpetuitatem
1613 640 2103 718 complectantur.
2192 641 2342 700 Nam
2391 639 2606 718 prioris

361 742 601 818 quidem
663 740 903 817 generis
964 741 1311 801 adverbium
1372 747 1464 801 est
1522 727 1696 819 ἄρτι,
1753 743 2004 803 alterius
2057 736 2216 802 νέον
2261 748 2321 802 et
2361 731 2607 812 πάλαι,-

360 845 515 904 sicut
558 862 700 904 vero
746 832 958 902 πάλαι
1003 844 1301 922 significat
1360 863 1477 904 non
1535 844 1728 905 solum
1790 852 1962 921 „ante
2021 846 2262 921 longum
2323 845 2608 923 temporis

361 945 652 1023 spatinm“
697 944 805 1007 sed
849 946 1024 1006 etiam
1070 945 1220 1025 „iam
1255 965 1328 1006 ex
1363 947 1543 1023 longo
1575 940 1899 1024 tempore,“
1944 948 2027 1006 ita
2054 940 2215 1005 νέον
2246 947 2607 1006 contrariam

362 1048 542 1109 habet
598 1048 719 1108 vim
772 1053 945 1121 „ante
990 1048 1169 1109 breve
1217 1041 1486 1126 tempus“
1532 1054 1637 1109 aut
1681 1068 1793 1128 „ex
1848 1049 2017 1109 brevi
2073 1048 2245 1110 modo
2291 1043 2609 1127 tempore.“

363 1151 652 1229 Exempla
695 1151 880 1228 igitur
924 1156 1132 1212 extant
1174 1152 1353 1213 haec:

537 1241 707 1333 &pta

363 1355 522 1433 Sept„
568 1360 710 1418 534.
873 1350 1111 1434 στείχει
1157 1341 1451 1428 δ’ἲουλος
1497 1344 1648 1436 ἄρτι
1696 1346 1806 1415 διὰ
1845 1350 2200 1436 παρηίδων

450 1442 629 1537 ὥρας
672 1448 991 1537 φυούσης.
1073 1460 1564 1537 Parthenopaeus
1609 1461 1801 1520 Arcas
1847 1460 2074 1538 primae
2122 1459 2423 1536 lanuginis
2468 1457 2608 1520 ado-

448 1561 682 1621 lescens
726 1560 1109 1632 describitur3
1155 1547 1309 1640 ἄρτι
1356 1562 1653 1639 particula
1697 1562 1983 1623 aoristum
2016 1562 2254 1622 videtur
2284 1562 2611 1639 requirere,

454 1682 588 1723 nam
636 1669 816 1724 enata
861 1669 952 1725 est
994 1664 1107 1723 iam
1154 1664 1372 1743 barba3
1431 1664 1538 1724 sed
1602 1681 1888 1741 praesens
1946 1664 2121 1725 simul
2167 1664 2392 1724 indicat
2434 1665 2609 1723 etiam

454 1785 615 1827 nunc
659 1766 821 1825 illam
867 1767 1333 1843 progerminare,
1380 1784 1454 1826 ex
1499 1785 1622 1843 qno
1666 1768 2035 1844 apparuerit.

538 1862 717 1941 νέον,
765 1887 973 1945 nuper,
1020 1887 1095 1929 ex
1141 1870 1310 1930 brevi
1356 1874 1641 1946 tempore.

369 1988 563 2048 Prom.
611 1992 710 2049 35.
882 1971 1066 2057 ὅστις
1113 1974 1199 2046 ἂν
1244 1981 1403 2046 νέον
1446 1983 1678 2065 κρατῇ.

370 2090 507 2149 ibid.
554 2092 696 2150 955.
877 2084 1040 2148 νέον
1082 2083 1224 2148 νεόι
1269 2096 1572 2168 κρατεῖτε
1628 2121 1709 2131 -
1765 2090 1841 2149 ad
1901 2109 2080 2167 quem
2141 2108 2380 2150 versum
2444 2090 2615 2148 scho-

455 2192 630 2252 liasta
689 2191 1029 2253 adnotavit:
1097 2186 1312 2265 Νέον,
1386 2187 1645 2252 νεωστί.
1764 2176 1848 2251 οὗ
1919 2178 2047 2271 γὰρ
2122 2175 2363 2269 ἀρχαία
2430 2178 2618 2269 ὑμῶν

457 2275 500 2372 ἡ
554 2287 870 2367 βασιλεία.
918 2326 1002 2334 -

373 2412 512 2474 ibid.
559 2416 700 2477 389.
881 2393 922 2494 ἦ
967 2411 1066 2494 τῷ
1112 2408 1684 2494 νέονκρατοῦντι
1728 2431 1797 2473 π.
1846 2403 2076 2493 ἕδρας,·
2103 2445 2188 2454 -
2220 2412 2292 2474 cf.
2335 2412 2619 2474 Valcken.

458 2517 533 2576 ad
580 2518 783 2595 Eurip.
830 2518 1055 2577 Phoen.
1100 2521 1296 2579 1489:
1349 2517 1669 2594 „frequens
1712 2502 1860 2596 ἥκω
1908 2511 2178 2586 vemat&
2220 2546 2306 2557 —
2351 2519 2442 2576 est
2471 2514 2618 2576 illud

459 2619 872 2690 Homericum,
933 2618 1211 2698 Sophocli
1274 2638 1601 2696 nusquam,
1682 2619 1743 2679 in
1804 2618 2143 2698 Euripideis
2211 2618 2395 2679 semel
2454 2618 2619 2678 adhi-

462 2720 703 2783 bitum.“
723 2719 802 2796 ³¹)

544 2814 776 2883 πάλαι.

557 2926 702 2985 Cum
751 2925 994 3003 acrisio,
1048 2932 1114 2986 ut
1157 2945 1267 3001 par
1310 2932 1418 3003 cst,
1462 2925 1850 3003 coniungitur
1894 2925 2008 3002 Ag.
2038 2928 2181 2986 587.
2227 2909 2624 2998 ἀνωλόλυξα

379 3021 504 3104 μὲν
546 3016 757 3085 πάλαι
798 3023 1004 3104 χαρᾶς
1048 3011 1204 3100 gno,
1249 3058 1335 3068 ——
1378 3028 1482 3088 sed
1530 3030 1832 3105 praesenti
1880 3028 2177 3088 adiectum
2226 3031 2342 3087 est:

383 3131 548 3189 Pers.
595 3132 736 3190 290.
895 3124 1060 3207 σιγῶ
1105 3118 1314 3188 πάλαι
1359 3160 1443 3168 -

383 3250 494 3326 Ag.
542 3253 683 3311 364.
889 3242 1009 3307 Δία
1057 3294 1068 3306 .
1118 3292 1132 3308 .
1181 3294 1194 3308 .
1241 3240 1555 3327 αἰδοῦμαι

468 3340 591 3411 τὸν
621 3341 777 3410 τάδε
807 3334 1133 3430 πράξαντ’
1165 3339 1268 3410 ἐπ’
1301 3337 1708 3430 Ἀλεξάνδρῳ
1737 3347 2046 3411 τείνοντα
2076 3342 2283 3411 πάλαι
2318 3340 2524 3427 τόξον
2544 3382 2628 3389 -

470 3453 673 3528 (etiam
719 3472 879 3514 nunc
925 3472 1127 3514 arcum
1174 3453 1406 3526 tendit.)

558 3721 625 3783 ³¹)
660 3719 812 3774 Pers.
850 3724 928 3774 13.
983 3712 1189 3792 ᾤχωκε
1243 3714 1377 3775 νέον
1430 3712 1664 3790 δ’ἄνδρα
1710 3713 1910 3791 βαύζει
1959 3750 2024 3759 —-
2071 3724 2223 3774 recte
2275 3717 2550 3773 omittitur
2601 3732 2635 3771 a

390 3806 560 3874 Leop.
596 3804 802 3872 Brock‚
836 3806 931 3873 qui
968 3806 1063 3859 1.).
1102 3822 1155 3874 p.
1181 3810 1245 3858 4⁴
1284 3803 1532 3874 perfecta
1580 3811 1869 3859 enumerat
1913 3821 2038 3858 cum
2092 3803 2376 3874 particulis
2413 3810 2634 3872 tempus

389 3896 574 3944 actum
622 3890 998 3945 indicantibus
1045 3889 1375 3957 coniuncta,
1420 3891 1627 3943 nullam
1682 3904 1815 3944 vero
1870 3889 2037 3944 huius
2091 3890 2200 3944 loci
2238 3888 2373 3943 facit
2406 3888 2635 3942 mentio-

390 3990 533 4030 nem.
623 3975 759 4030 Nam
812 3991 962 4029 nunc
1007 3973 1230 4043 quidem
1282 3980 1506 4043 praeter
1542 3974 1895 4029 Dindorfium
1943 3975 2114 4029 ceteri
2160 3990 2282 4028 cum
2320 3973 2634 4027 Hermanno

392 4060 529 4114 illud
565 4054 699 4115 νέον
735 4065 1095 4115 mutaverunt
1128 4059 1183 4112 in
1222 4054 1372 4112 νέων
1416 4063 1602 4128 (πᾶσα
1650 4055 1762 4130 γὰρ
1800 4055 1960 4129 ἰσχὺς
2001 4052 2388 4128 Ἀσιατογενὴς
2423 4049 2634 4127 οἴχωκε

391 4146 506 4211 (vel
544 4139 776 4218 ᾤχωκε)
813 4141 978 4202 νέων.
1032 4138 1207 4199 κοῦτε
1248 4163 1330 4209 τις
1369 4139 1620 4215 ἄγγελος
1644 4150 1776 4206 cte.)
1809 4144 1881 4198 et'.
1918 4145 2136 4198 'l‘euffel
2174 4145 2263 4196 ed.
2305 4145 2452 4197 Pers.
2493 4142 2635 4194 Krit.

395 4231 687 4298 Remorkg.
724 4239 773 4284 el
804 4230 991 4286 schin.
1029 4231 1114 4285 cd.
1153 4231 1307 4285 Pers.
1346 4227 1612 4300 Anhang.

2197 4337 2229 4384 9
