3166 4871
563 275 679 334 108
1546 270 1810 326 zacher

555 467 760 509 verum
817 450 992 509 etiam
1054 449 1352 529 adJectiva
1409 448 1710 527 permulta
1763 450 1820 507 in
1877 466 1952 518 ος
1996 449 2329 510 desinentia
2372 441 2805 527 amplificantur

554 569 621 610 αι
679 554 904 613 inserto
959 569 1079 613 non
1137 557 1364 613 mutata
1406 551 1875 631 significatione:
1935 537 2142 630 ἄκρος
2186 536 2491 631 ἄκρατος,
2554 550 2804 626 βοῦκος

552 653 901 729 βουκαῐος,
948 645 1224 734 ἐρεμνός
1267 648 1647 732 ἐρεμναῑος,
1693 640 1936 725 εὐκτός
1980 639 2316 729 renatae,
2362 645 2804 732 σταφιδευτός

558 750 1073 833 σταφιδευτατος
1116 759 1194 818 al.
1241 758 1315 819 de
1361 759 1582 835 quibus
1626 757 1816 819 fusius
1858 757 2016 819 infra
2061 775 2323 835 agemus.

725 862 1063 938 Utrumque
1108 860 1497 922 derivationis
1542 878 1755 938 genus,
1798 862 1859 921 in
1905 877 2052 932 αιος
2081 862 2233 921 etin
2280 877 2413 940 αιη,
2457 878 2801 938 quanquam

553 964 768 1024 ceteris
811 962 1084 1026 dialectis
1129 982 1248 1023 non
1294 964 1553 1024 alienum
1629 968 1751 1042 est,
1829 981 2013 1040 quum
2078 964 2259 1024 Attici
2321 982 2382 1024 V.
2426 982 2477 1024 c.
2541 963 2804 1026 dixerint

550 1051 818 1137 ἀκταία,
872 1053 1126 1146 ἡλιαία,
1179 1061 1508 1144 μαμμαία,
1570 1061 1918 1147 mamaea,
1963 1050 2299 1141 εὖκταῑος,
2344 1066 2803 1128 Lacedaemonii

557 1161 906 1248 γαστραὶα,
949 1172 1148 1229 tamen
1193 1170 1520 1248 praecipue
1564 1170 1642 1229 ab
1697 1169 1969 1230 Ionicis
2013 1169 2406 1247 scriptoribus
2448 1173 2800 1247 usurpatum

552 1277 669 1346 est,
714 1289 918 1348 quum,
943 1289 979 1331 a
1022 1272 1477 1351 vetustioribus,
1521 1273 1812 1350 Homero,
1855 1271 2150 1351 Hesiodo,
2194 1271 2528 1351 Herodoto,
2572 1272 2801 1350 Hippo·

553 1378 733 1452 crate,
776 1378 901 1433 tum
947 1392 983 1433 a
1025 1376 1461 1436 recentioribus
1505 1375 1878 1435 alexandrini
1924 1376 2058 1436 aevi
2103 1379 2164 1436 et
2205 1375 2456 1436 romani.

721 1478 852 1537 Jam
899 1495 1044 1538 vero
1089 1476 1200 1537 hac
1245 1478 1602 1554 quaestione
1644 1478 1919 1538 absoluta
1978 1479 2113 1556 ipsa
2155 1477 2454 1539 vocabula
2512 1476 2589 1537 ad
2645 1478 2801 1538 hanc

551 1580 800 1640 classem
845 1581 1212 1656 pertinentia
1256 1580 1664 1641 enumeranda
1708 1585 1863 1641 sunt.

550 1748 592 1812 1.
638 1745 1104 1816 Tei-minationis
1134 1768 1278 1822 αιος
1310 1770 1351 1809 α
1379 1747 1591 1832 stirpis
1629 1747 1983 1832 prototypus
2020 1748 2343 1815 membrum
2390 1748 2644 1816 interius
2687 1748 2800 1816 est.

725 1877 861 1947 αἶα
904 1894 1101 1949 terrae
1147 1906 1365 1949 nomen
1406 1889 1547 1950 inde
1590 1889 1666 1950 ab
1711 1890 1972 1951 Homero
2014 1891 2210 1968 poetis
2238 1891 2471 1967 graecis
2499 1892 2800 1951 usitatum.

553 1990 671 2052 Sed
716 1990 793 2051 de
836 1991 1173 2067 veriloquio
1220 1992 1366 2051 nihil
1411 1995 1662 2053 constat.
1749 1992 1902 2053 Sunt
1953 1993 2056 2069 qui
2102 2012 2178 2053 ex
2220 1999 2377 2071 γαῖα
2420 1997 2625 2054 natum
2670 2011 2801 2053 esse

549 2098 789 2171 putent,
849 2099 917 2153 nt
974 2092 1321 2155 Lobeckius
1379 2094 1552 2154 Path.
1598 2094 1688 2154 El.
1732 2095 1784 2170 1,
1829 2091 1902 2152 91
1940 2113 2056 2173 sq.,
2115 2096 2434 2173 Legerlotz
2492 2097 2598 2156 ΚΖ
2644 2097 2801 2173 VIII,

559 2193 693 2272 119,
737 2196 979 2258 Curtius
1023 2194 1147 2256 Et.³
1176 2191 1331 2274 439,
1375 2197 1479 2273 qui
1527 2201 1946 2275 comparantes
1991 2184 2153 2277 ὄρος
2194 2221 2279 2245 =
2322 2215 2437 2259 scr.
2464 2200 2610 2277 eici,
2652 2199 2801 2259 slav.

553 2303 671 2358 vet.
714 2313 900 2376 ρον-α,
946 2299 1049 2358 lat.
1093 2300 1265 2360 venio
1310 2324 1394 2346 ==
1437 2318 1553 2360 scr.
1597 2317 1766 2379 qam,
1811 2307 1932 2378 got.
1977 2303 2251 2375 quiman,
2294 2317 2519 2362 vorare
2560 2325 2643 2348 ==
2689 2319 2801 2361 scr.

547 2417 688 2477 yar,
753 2400 838 2461 lit.
880 2395 1047 2477 ydra·
1090 2401 1235 2476 alia,
1295 2421 1370 2464 ex
1418 2420 1457 2482 y
1511 2407 1717 2466 natum
1774 2421 1906 2466 esse
1962 2405 2064 2483 ys,
2123 2403 2338 2466 deinde
2389 2420 2428 2483 γ
2484 2405 2800 2466 evanuisse

551 2498 799 2566 docent:
847 2511 1003 2583 γαῖα
1047 2507 1245 2584 ysaia
1288 2506 1445 2565 fala
1490 2496 1620 2567 αἶα.
1708 2507 1885 2582 Quod
1930 2526 2049 2569 non
2095 2509 2275 2586 plane
2314 2507 2664 2569 incredibile
2694 2512 2802 2568 est.

555 2608 750 2667 Minus
792 2607 1101 2684 probabile
1146 2614 1434 2685 quantum
1479 2609 1556 2669 ad
1589 2610 2082 2687 significationem
2114 2613 2319 2687 Unger
2348 2610 2560 2671 Philol.
2591 2612 2802 2687 XXIV,

558 2707 701 2787 387,
747 2709 1027 2770 Doederl.
1070 2711 1153 2788 gl.
1197 2729 1254 2771 n.
1298 2708 1452 2790 242,
1510 2712 1651 2773 Pott
1698 2714 1815 2774 EF.
1860 2715 1945 2793 11,
1989 2710 2048 2791 4,
2093 2710 2217 2772 332
2262 2732 2397 2774 cum
2443 2699 2589 2773 αὔω
2632 2693 2800 2784 αὖος

553 2812 886 2873 conferunt.
975 2812 1069 2873 Ad
1114 2814 1524 2891 quaestionem
1570 2816 2001 2877 absolvendam
2032 2817 2251 2877 desunt
2277 2820 2445 2877 certa
2472 2804 2800 2896 κριτήρια.

722 2899 1008 2984 diolcos
1050 2914 1129 2975 id.
1161 2934 1260 2992 qu.
1291 2907 1517 2991 αλαός,
1562 2936 1796 2995 caecus,
1841 2923 2056 2998 captus
2085 2920 2290 2980 oeulis.
2370 2920 2598 2980 Galeno
2642 2919 2799 2979 enim

549 3021 698 3077 teste
728 3018 787 3077 in
832 3018 1016 3095 gloss.
1045 3038 1101 3095 p.
1128 3015 1250 3076 420
1296 3020 1345 3080 F
1375 3022 1780 3098 Hippocrates
1809 3021 1885 3082 de
1917 3023 1953 3082 l.
1983 3023 2044 3082 in
2078 3024 2231 3082 hom.
2254 3019 2396 3100 412,
2426 3019 2508 3078 24
2553 3007 2802 3080 ἀλαῒαν

550 3121 877 3181 nominavit
919 3116 1194 3199 φθίσιν,
1252 3141 1406 3199 quae
1463 3129 1622 3184 esset
1674 3111 1826 3183 οἷον
1883 3114 2107 3203 tuph)
2154 3118 2265 3183 καὶ
2310 3109 2613 3202 ἀόρατος.
2704 3125 2802 3185 Ex

551 3223 738 3283 verbo
783 3224 960 3284 dnbio
1008 3222 1244 3304 λαΙ-ω,
1287 3226 1449 3286 unde
1495 3227 1736 3303 qnidam
1782 3212 1992 3297 ἀλαός
2036 3227 2371 3287 derivatum
2403 3245 2536 3288 eme
2566 3231 2801 3304 putant,

551 3326 650 3384 vix
681 3324 1004 3404 descendit,
1047 3328 1153 3387 sed
1185 3328 1428 3389 videtur
1454 3330 1532 3389 ab
1562 3314 1773 3399 ἀλαός
1817 3328 2019 3390 suffixi
2062 3346 2127 3388 ιο
2173 3349 2306 3407 ope,
2352 3334 2417 3390 ut
2460 3323 2680 3405 φίλιος
2723 3348 2800 3389 ex

550 3421 773 3504 φίλος,
831 3428 1194 3506 derivatum,
1250 3449 1322 3490 eo
1365 3435 1664 3509 tempore,
1718 3450 1838 3509 quo
1898 3432 2076 3510 plane
2122 3432 2288 3493 obliti
2331 3436 2533 3511 erant,
2595 3417 2800 3502 ἀλαός

549 3529 743 3604 ipsum
787 3548 862 3590 ex
908 3515 1140 3601 ἀλαιός
1186 3550 1318 3592 esse
1363 3539 1566 3593 natum
1615 3532 1827 3612 (supra
1868 3554 1926 3612 p.
1970 3532 2085 3606 16).

720 3615 1196 3711 Άμφιαράῖα
1267 3635 1392 3695 ludi
1457 3637 1516 3695 in
1579 3638 1928 3714 Amphiarai
1994 3638 2280 3699 honorem
2344 3635 2532 3716 Oropi
2594 3637 2800 3716 habiti,

549 3736 735 3794 Inscr.
771 3714 840 3796 'in
889 3737 1138 3814 Ephem.
1182 3737 1345 3797 arch.
1391 3735 1576 3798 2558.
1662 3740 1756 3799 De
1809 3726 2204 3818 Ἀμφιάραος
2247 3766 2330 3788 ==
2375 3726 2802 3820 Άμφιάραιος

547 3856 604 3896 v.
650 3856 834 3915 supra
877 3858 934 3915 p.
973 3835 1066 3899 17.
1417 3868 1428 3875 ·

717 3934 824 4001 87.
914 3935 1240 4013 βέβαιος
1285 3942 1428 4003 Hdt.
1472 3943 1810 4023 Aristoph„
1862 3963 2023 4024 pros.
2067 3949 2170 4006 att.
2255 3948 2381 4006 Iam
2425 3948 2801 4025 Stephanus:

551 4062 627 4105 ..a
670 4037 877 4116 βέβαα
922 4062 1032 4122 pro
1075 4039 1327 4125 βέβηκα
1370 4045 1618 4108 formari
1662 4051 1810 4123 puto
1855 4042 2137 4127 βέβαιος,
2180 4048 2319 4110 licet
2360 4050 2539 4110 aliam
2582 4050 2799 4112 forma-

548 4146 766 4205 tionem
827 4147 1042 4206 afferat
1097 4148 1351 4224 Etym.“.
1439 4150 1599 4209 Pott.
1643 4151 1762 4210 EF.
1810 4151 1897 4226 11,
1954 4147 2021 4228 2,
2066 4146 2178 4210 30:
2240 4170 2392 4229 „aus
2451 4152 2584 4212 dem
2644 4154 2803 4230 perf.

547 4248 798 4326 begriffe
859 4246 1199 4328 ‘gegangen
1231 4252 1390 4343 ¹(mit
1443 4251 1580 4313 dem
1635 4251 1831 4330 gehen
1888 4271 1965 4314 an
2011 4250 2192 4327 ende)
2236 4248 2391 4316 sein’
2454 4256 2803 4318 entwickelt
