3166 4871
2537 279 2656 339 367

1364 445 1648 510 Puteoli
1679 451 1718 514 ¹)

412 573 487 632 cf.
534 575 596 633 C.
644 574 685 633 1.
732 573 801 632 L.
832 575 884 632 X
926 593 982 650 p.
1020 577 1137 634 182
1186 571 1299 631 fuit
1343 572 1575 631 colonia
1622 572 1926 631 maritima.
2015 573 2132 633 Sed
2186 573 2362 632 ctiam
2422 573 2497 632 ab
2544 573 2660 632 Au·

411 683 587 750 gusto
632 675 946 734 deductam
997 693 1129 734 esse
1179 673 1440 733 affirmat
1488 674 1636 733 liber
1682 674 2047 734 coloniarum
2093 694 2149 752 p.
2180 679 2302 736 236
2365 675 2665 746 „Puteolis

411 777 644 837 colonia
687 777 983 854 Augusta.
1054 778 1369 854 Augustus
1415 774 1725 854 deduxit“,
1769 795 1880 854 per
1920 796 1982 836 se
2025 777 2249 837 nullius
2278 777 2666 837 auctoritatis.

411 882 625 957 Neque
670 880 808 939 huic
844 881 973 940 loco
1018 880 1247 957 aliquid
1298 882 1577 940 momenti
1627 881 1878 939 affertur
1922 899 1996 940 ex
2043 898 2131 951 eo,
2177 879 2339 957 quod
2386 880 2445 938 in
2489 880 2664 939 titulo

410 983 808 1043 Rusicadensi
868 982 1115 1057 (Reuier
1172 985 1354 1043 Inscr.
1420 983 1722 1058 d'Algerie
1783 1003 1838 1041 n.
1900 981 2091 1055 2182)
2150 987 2289 1042 ante
2343 984 2662 1052 Neronem,

410 1088 478 1144 ut
521 1087 921 1145 Mommsenus
966 1091 1164 1162 putat,
1213 1087 1434 1163 scripto
1489 1086 1634 1156 „col.
1680 1086 1812 1144 Put.
1858 1085 2048 1161 Aug.“
2100 1086 2419 1146 invenitur.
2505 1085 2661 1145 Nam

411 1188 665 1264 primum
701 1189 756 1247 in
794 1188 907 1246 hoc
949 1189 1123 1247 titulo
1156 1188 1368 1247 mirum
1400 1189 1457 1246 in
1504 1186 1743 1246 modum
1795 1186 2141 1263 „Augusta“
2192 1187 2412 1247 nomini
2458 1186 2665 1265 oppidi

414 1291 810 1367 postponitur,
853 1289 1070 1348 deinde
1116 1291 1272 1348 tituli
1306 1290 1577 1348 Puteolis
1608 1290 1752 1364 ipsis
1799 1294 1903 1349 aut
1948 1290 2006 1348 in
2049 1290 2222 1349 Italia
2261 1291 2392 1365 ipsa
2422 1291 2663 1367 reperti,

415 1393 570 1451 alter
630 1393 982 1467 pal-ictarius
1046 1393 1452 1469 Pompejanus
1515 1394 1575 1451 C.
1622 1394 1703 1451 IV
1748 1413 1803 1452 n.
1852 1396 2048 1462 2152,
2124 1393 2275 1451 alter
2335 1392 2664 1452 Fundanus

416 1497 459 1554 I.
491 1497 564 1554 N.
597 1515 650 1553 ιι.
688 1499 805 1556 707
856 1495 1135 1554 Puteolos
1182 1494 1472 1554 coloniam
1520 1494 1731 1554 Claud.
1776 1497 2016 1569 Neron„
2063 1514 2199 1554 mox
2243 1495 2502 1555 Neronis
2546 1514 2661 1556 me·

415 1599 599 1657 moria
661 1597 941 1657 damnata
997 1597 1093 1656 alii
1155 1603 1354 1657 certae
1413 1598 1756 1657 autoritatis
1816 1598 1971 1656 tituli
2019 1598 2186 1657 Flav.
2232 1597 2386 1672 Aug.
2434 1598 2666 1658 Puteol.

416 1706 782 1776 nuncupant.
856 1702 1053 1777 Atque
1114 1700 1288 1760 etiam
1337 1701 1585 1760 'I'acitus
1633 1703 1701 1759 A.
1739 1705 1832 1762 14.
1864 1705 1942 1761 27
1991 1701 2276 1761 Puteolos
2330 1701 2581 1778 primum
2629 1720 2665 1759 a

415 1805 655 1864 Nerone
701 1804 965 1863 coloniae
1009 1805 1099 1863 ius
1141 1790 1224 1863 ac'
1245 1809 1701 1880 cognomentum
1738 1804 1988 1880 adeptos
2020 1821 2152 1865 esse
2185 1808 2456 1880 testatur,
2503 1807 2568 1864 ut
2606 1809 2665 1865 et
2721 1827 2730 1834 ·

415 1907 726 1982 lapicidam
760 1906 1227 1965 Rusicadcnscm
1263 1911 1322 1966 et
1368 1907 1818 1982 epitomatorem
1866 1907 1998 1966 libri
2048 1908 2410 1968 coloniarum
2458 1925 2664 1967 errore

416 2010 702 2086 deceptos
747 2028 873 2068 csse
920 2009 1094 2068 facile
1140 2009 1451 2068 efficiatur.

586 2112 799 2189 Itaque
830 2112 1067 2171 Puteoli
1111 2111 1172 2171 in
1219 2112 1397 2170 Plinii
1447 2111 1648 2170 indice
1695 2112 1889 2171 locum
1938 2113 2176 2183 habent,
2224 2133 2340 2173 non
2388 2113 2530 2190 quia
2575 2117 2667 2172 est

416 2214 651 2273 colonia
684 2216 959 2290 Augusti,
1005 2213 1109 2273 sed
1158 2214 1301 2291 quia
1347 2217 1437 2272 cst
1484 2214 1722 2273 colonia
1769 2221 1872 2272 aut
1917 2216 2209 2274 maritima
2239 2221 2343 2275 aut
2372 2235 2407 2274 a
2439 2216 2663 2293 Vespa·

416 2316 581 2374 siano
650 2316 906 2374 dedus-ta
974 2316 1147 2375 Plinii
1214 2317 1588 2392 temporibus
1651 2316 2087 2376 florentissima.
2207 2319 2398 2394 Magis
2465 2322 2662 2377 autem

417 2416 768 2478 crediderim
816 2419 1156 2497 nuncupari
1201 2438 1236 2478 a
1281 2417 1499 2495 Plinio,
1546 2419 1687 2496 quia
1735 2420 2024 2480 maritima
2069 2418 2198 2480 fuit.

1386 2580 1622 2666 Capua
1644 2586 1691 2661 2)

415 2710 490 2770 cf.
537 2710 597 2770 C.
632 2709 685 2768 X
715 2727 770 2785 p.
807 2713 953 2771 695.
1070 2708 1467 2769 Deduxerunt
1543 2710 1795 2785 primum
1865 2708 2075 2785 viginti
2141 2708 2258 2767 viri
2318 2708 2453 2784 lege
2518 2707 2673 2769 Iulia

417 2813 678 2888 Capuam
747 2812 1039 2871 coloniam
1116 2811 1305 2883 (Caes.
1352 2811 1405 2870 b.
1458 2831 1506 2870 c.
1555 2812 1600 2871 Ι.
1652 2809 1771 2879 14).
1861 2842 1946 2853 -
2041 2810 2297 2871 Caesare
2355 2810 2670 2870 interfecto

418 2915 715 2973 Antonius
763 2915 972 2972 consul
1020 2933 1162 2972 vere
1209 2916 1350 2973 anni
1400 2918 1525 2975 710
1571 2915 1706 2990 lege
1752 2915 2018 2991 agraria,
2079 2931 2232 2989 quac
2295 2914 2474 2989 paulo
2535 2918 2672 2990 post

417 3017 655 3076 sublata
703 3022 808 3091 est,
854 3017 1096 3075 colonos
1144 3017 1355 3075 iterum
1405 3016 1671 3075 deduxit.
1753 3015 1898 3089 (Cic.
1945 3016 2098 3075 Phil.
2146 3020 2200 3077 2.
2242 3012 2366 3087 39.)
2439 3016 2672 3076 Deinde

417 3119 652 3178 tresviri
713 3137 758 3177 r.
805 3137 856 3194 p.
905 3137 952 3176 c.
1013 3124 1151 3177 autc
1215 3137 1479 3196 pugnam
1532 3118 1978 3196 Philippensem
2027 3118 2184 3178 inter
2238 3118 2449 3177 Italiae
2497 3117 2674 3177 urbes

416 3221 927 3298 splendidissimas
972 3223 1269 3281 veteranis
1316 3223 1440 3281 suis
1473 3222 1802 3281 destinatas
1833 3223 2005 3281 etiam
2041 3221 2305 3299 Capuam
2335 3225 2672 3299 posuerunt

420 3324 572 3400 App.
619 3324 671 3382 b.
718 3343 767 3382 c.
814 3328 869 3383 4.
919 3330 972 3384 3.
1048 3322 1412 3384 Octavianus
1458 3330 1657 3383 autem
1704 3344 1756 3384 a.
1809 3328 1929 3385 718
1976 3324 2246 3384 coloniae
2293 3329 2516 3385 certum
2563 3343 2670 3384 nu·

418 3445 644 3485 merum
694 3427 1041 3485 colonorum
1090 3425 1333 3496 adiecit,
1397 3426 1635 3505 (Vellej.
1683 3432 1739 3486 2.
1771 3430 1878 3504 81,
1937 3427 2068 3487 Dio.
2113 3431 2214 3488 49.
2251 3431 2353 3497 14,
2414 3427 2567 3486 Plin.
2612 3446 2669 3486 n.
2791 3472 2798 3481 .

419 3529 473 3587 h.
524 3526 818 3603 18.114),
878 3528 980 3587 sed
1046 3536 1109 3588 ut
1167 3529 1544 3588 severitatem
1607 3533 2000 3606 temperaret,
2074 3530 2379 3589 veteribus
2440 3527 2670 3587 colonis

417 3632 694 3701 retentis,
756 3649 862 3706 pro
910 3649 1092 3707 agr0,
1147 3630 1248 3706 qui
1294 3630 1710 3701 auferebatur,
1776 3635 1834 3690 ct
1888 3631 2332 3707 aquaeductum
2381 3634 2442 3689 et
2487 3648 2669 3707 agros

418 3734 745 3807 vectigales
807 3734 863 3791 in
915 3733 1093 3793 Creta
1161 3733 1383 3792 civitati
1449 3732 1715 3791 donavit.
1829 3733 2042 3802 Tituli,
2120 3733 2275 3791 alter
2333 3733 2668 3809 imperante

419 3834 728 3893 Hadriano
776 3836 1036 3911 scriptus
1084 3836 1152 3894 X.
1196 3854 1252 3894 n.
1303 3838 1467 3895 3832
1515 3832 1759 3908 (3593),
1819 3834 1917 3893 ubi
1967 3835 2113 3893 haec
2159 3839 2487 3912 supersunt
2534 3829 2669 3910 [col.

419 3931 499 4011 iu]
548 3937 683 3997 LIA
729 3938 1011 3996 ·FEL1X
1051 3965 1064 3980 ·
1097 3936 1296 4013 AUG„
1356 3938 1505 3998 alter
1550 3939 1622 3997 X.
1669 3958 1723 3998 n.
1775 3940 1938 3999 3867
1986 3934 2202 4025 (3613)
2255 3938 2468 3997 aetatis
2529 3936 2667 3998 Dio·

593 4172 632 4228 2)
668 4168 739 4223 ct.
776 4168 1022 4223 Belochii
1061 4168 1363 4237 Campania
1396 4186 1451 4237 p.
1489 4173 1570 4222 96.

588 4258 634 4319 ²)
670 4252 738 4307 cf.
780 4255 1000 4307 Belocb.
1042 4254 1073 4307 l.
1112 4254 1144 4308 l.
1182 4270 1235 4321 p.
1273 4260 1387 4307 306.
