3166 4871
2728 447 2832 487 pag.

721 505 759 558 1.
797 504 1181 558 ‘ruminationis
1225 519 1351 567 αιος
1393 520 1430 555 α
1474 505 1653 570 stirpis
1700 506 1993 572 prototypa
2037 505 2298 559 membrum
2335 504 2546 558 interius
2580 504 2660 560 osi

789 588 822 657 g
860 593 924 642 36
944 618 1010 627 —-
1031 592 1113 642 44.
1201 627 2659 644 ..................
2733 592 2832 642 108

1074 668 1089 685 ’
1128 672 1184 743 (ξ
1220 677 1454 727 38-42
1492 680 1632 743 γαῖα
1668 691 1793 729 oum
1832 674 2182 743 compositis)

721 761 772 816 2.
807 760 1193 816 ‘terminationis
1230 778 1354 824 αιος
1389 778 1426 813 α
1462 762 1645 827 stirpis
1684 761 1977 827 prototypus
2012 762 2241 817 suffixum
2275 761 2402 815 ast·

889 861 938 898 a.
975 844 1209 899 Nomina
1231 845 1288 899 in
1314 863 1437 909 αιος
1460 861 1494 899 a
1516 846 1837 900 masculinis
1860 847 1920 899 in
1955 865 2022 911 ας
2055 865 2121 915 ης
2156 845 2658 914 dorffling-1546.
2737 849 2834 898 134

890 930 943 985 b.
970 930 1202 984 Nomina
1225 929 1285 983 in
1310 948 1435 994 αιος
1458 946 1491 984 a
1526 930 1810 985 femininis
1846 932 1901 985 in
1937 949 1974 986 α
2010 951 2043 1000 η
2083 930 2334 985 derivata
2369 930 2658 1000 §47—64.
2738 934 2836 984 136

888 1030 933 1069 e.
975 1015 1210 1069 Nomina
1232 1015 1290 1068 in
1315 1033 1440 1080 αιος
1474 1015 1544 1069 ab
1582 1016 1863 1071 adverbiis
1901 1017 2150 1070 derivata
2184 1017 2216 1087 ξ
2253 1020 2334 1069 65.
2373 1020 2454 1071 66.
2559 1055 2572 1068 .
2644 1055 2657 1068 .
2736 1019 2832 1067 167

891 1101 946 1154 (1.
970 1100 1206 1155 Nomina
1229 1101 1284 1154 in
1300 1097 1436 1165 “αιος
1467 1117 1499 1154 a
1534 1101 1728 1155 verbis
1765 1102 2016 1156 derivata
2050 1101 2082 1172 ξ
2118 1106 2200 1155 67.
2305 1139 2657 1155 .....
2736 1104 2829 1154 171

585 1188 694 1238 IV.
731 1187 827 1238 De
860 1186 1182 1239 vocabulis
1216 1189 1281 1237 in
1317 1204 1441 1250 αιος
1472 1201 1512 1237 a.
1548 1189 1846 1250 stirpibus
1879 1190 1946 1238 in
1981 1206 2013 1241 o
2051 1188 2362 1240 derivatis.

716 1274 755 1326 1.
808 1275 941 1338 Quae
998 1287 1032 1327 a
1088 1273 1424 1329 substantivis
1491 1275 1570 1327 vei
1640 1275 1907 1340 adjectivis
1976 1275 2334 1329 decimationis
2403 1275 2659 1329 ”eundae

648 1350 962 1415 descendunt
1021 1397 2656 1414 ....................
2733 1362 2835 1412 176

785 1446 817 1513 ξ
854 1451 934 1497 68.
1007 1445 1417 1498 Enumerantur
1454 1442 1620 1498 huius
1656 1443 1853 1498 elassis
1891 1444 2166 1498 voeabula
2218 1482 2655 1497 ......
2735 1449 2835 1498 176

785 1530 817 1599 ξ
855 1535 935 1583 69.
1008 1529 1293 1594 Quomodo
1332 1528 1465 1583 haee
1503 1528 1759 1583 formatio
1797 1529 2128 1598 explicanda
2165 1529 2242 1583 sit
2300 1569 2313 1583 .
2386 1542 2404 1582 .’
2470 1570 2484 1583 .
2555 1568 2569 1582 .
2641 1568 2655 1582 .
2732 1532 2833 1582 185

718 1616 769 1671 2.
806 1617 1013 1670 Nomina
1048 1618 1096 1671 in
1135 1633 1260 1680 αιος
1293 1629 1426 1682 quaa
1461 1617 1691 1669 videniur
1728 1617 1957 1677 {au-baiis
2049 1654 2654 1668 ........
2729 1620 2835 1668 136

784 1701 815 1770 ξ
853 1706 932 1753 70.
1003 1700 1235 1754 Nomina
1281 1701 1341 1754 in
1388 1719 1512 1765 αιος
1559 1715 1702 1771 quae
1747 1700 1982 1755 activam
2027 1702 2117 1755 vel
2168 1699 2447 1769 passivam
2483 1699 2651 1767 signi·

1084 1784 1392 1840 ficationem
1432 1785 1658 1849 habent,
1716 1800 1826 1840 non
1873 1786 1943 1841 ab
1991 1786 2285 1840 abstractis
2320 1785 2377 1838 in
2414 1804 2448 1853 η
2485 1786 2586 1839 sed
2622 1801 2656 1838 a

1079 1871 1360 1927 concretis
1398 1872 1454 1927 in
1490 1890 1553 1935 ος
1593 1872 1943 1927 descendunt
2045 1911 2057 1924 .
2130 1910 2143 1924 .
2216 1913 2228 1925 .
2470 1909 2482 1924 .
2553 1910 2568 1924 .
2638 1909 2652 1924 .
2730 1875 2833 1926 186

1011 1959 1285 2012 concreta
1319 1957 1373 2010 in
1410 1976 1473 2021 ος
1508 1958 1670 2010 etiam
1707 1973 1740 2011 a
1775 1957 1960 2011 verbis
1998 1940 2270 2010 derivatis
2302 1956 2586 2010 ducuntur
2637 1994 2652 2009 .
2729 1959 2834 2009 189

782 2044 815 2114 ξ
851 2046 1001 2097 71-
1018 2047 1099 2096 76.
1173 2045 1583 2097 Enumerantur
1620 2041 1788 2097 huius
1825 2041 2023 2097 elassis
2059 2040 2332 2096 voeabula
2384 2082 2396 2095 .
2469 2081 2482 2094 .
2554 2080 2567 2093 .
2638 2081 2651 2094 .
2728 2046 2832 2095 193

784 2128 816 2197 ξ
852 2134 933 2182 77.
1004 2128 1228 2182 nomina
1262 2127 1508 2181 verbalia
1530 2128 1602 2181 'ln
1639 2146 1798 2192 ταιος
1868 2167 1881 2179 .
1953 2162 1993 2180 .·
2038 2164 2648 2181 ........
2720 2130 2829 2181 230

782 2214 815 2283 ξ
851 2218 930 2269 78.
1002 2213 1231 2269 nomina
1262 2212 1508 2268 verbalia
1542 2213 1600 2267 in
1635 2230 1873 2280 μεναιος
1905 2230 2109 2281 μναιος
2212 2249 2652 2266 ......
2724 2215 2824 2264 2:31

717 2301 768 2354 ³.
804 2302 1013 2353 Nomina
1048 2299 1096 2352 in
1133 2316 1325 2365 ιμαιος
1359 2299 1391 2368 ξ
1429 2303 1494 2353 79
1532 2335 2650 2352 ..............
2722 2300 2824 2350 241

713 2386 768 2439 4.
803 2386 1013 2440 Nomina
1050 2385 1098 2438 in
1137 2402 1283 2450 ιαιος
1317 2382 1349 2454 ἓ
1384 2388 1448 2438 80
1530 2421 2648 2438 ..............
2721 2386 2830 2438 2⁴4

577 2471 652 2522 V.
688 2471 784 2521 De
819 2472 1249 2522 terminatione
1286 2488 1409 2533 αιος
1442 2471 1524 2522 ad
1558 2471 1714 2524 alias
1749 2471 1977 2544 stis-pes
2011 2470 2226 2522 addita
2257 2469 2395 2539 §BL
2467 2509 2482 2523 .
2551 2508 2565 2522 .
2636 2508 2649 2522 .
2724 2474 2828 2522 247

576 2556 684 2607 VI.
719 2556 1041 2620 Adespota
1075 2556 1107 2626 ξ
1140 2558 1204 2609 82
1276 2592 2647 2609 .................
2721 2558 2831 2608 251.

576 2637 863 2695 Addenda
898 2649 954 2695 et
988 2639 1321 2707 eorrigenda
1356 2675 2560 2695 ...............
2610 2639 2645 2694 “.
2720 2646 2827 2695 257

467 2771 481 2784 .
578 2726 752 2781 Index
790 2726 1083 2780 verborum
1183 2764 2647 2780 ..................
2722 2729 2832 2782 259

578 2810 756 2865 Index
791 2826 976 2865 rerum
1021 2851 1460 2867 ......
1490 2860 1497 2864 .
1530 2849 2647 2866 ..............
2719 2816 2829 2866 272

576 2896 753 2951 Index
792 2896 1125 2966 scriptorum
1185 2935 2645 2952 ..................
2719 2900 2829 2951 275
