3166 4871
2492 296 2600 356 171

375 468 568 542 (Cant.
635 467 698 542 3)
785 463 1187 548 Σιμνὲρμων
1251 487 1351 541 τις
1414 460 1639 548 ἕτερος
1702 455 1998 547 κωμικὸς
2064 458 2136 526 ἔν
2199 486 2333 527 τινι
2396 454 2614 528 αὐτοῦ

377 560 659 649 δράματι
709 566 919 650 εἰσῇξε
968 561 1350 652 πρεσβύτην
1393 562 1544 630 τινὰ
1596 566 1965 650 βακτηρίαν
2007 567 2389 650 κρατοῦντα
2419 569 2613 644 (Cant.

374 669 456 746 3).
499 705 585 715 —
629 675 853 735 Ultimo
891 674 1022 735 loco
1066 674 1353 735 adnotare
1384 675 1564 752 juvat
1601 676 1747 734 Rav.
1791 678 1853 734 et
1884 676 2030 734 Ven.
2059 674 2274 734 scholl:
2317 663 2609 753 ,,τῦπτει.

382 771 592 837 Τοῦτο
638 769 730 848 εἰς
759 761 1146 856 Ἕρμωνα
1180 775 1362 850 (Ven.
1409 770 1765 856 Σέρμωνα)
1809 770 1982 855 λέγει
2024 767 2147 835 τὸν
2192 761 2609 856 ὑποκριτήν·

372 873 484 937 καὶ
528 869 655 957 γὰρ
700 871 953 950 ἐκεῖνος
996 877 1123 940 τοῦ
1161 875 1365 958 γελᾶν
1391 869 1589 959 χάριν
1626 865 1787 949 τούς
1826 864 2018 958 ἐγγὺς
2045 868 2339 950 ἑστῶτας
2368 869 2607 941 ἔτυπτε

369 978 451 1058 τῇ
492 976 872 1063 βακτηρίᾳ·“

539 1086 633 1145 Ex
677 1084 860 1163 hujus
904 1086 1114 1146 scholii
1157 1085 1359 1146 verbis
1420 1078 1547 1160 „sig
1575 1071 1920 1163 Ἕρμωνα“
1970 1081 2610 1158 (ΕΠΕΣΡΜῼΝΑ)

370 1206 768 1265 quaecunque
814 1187 1104 1249 minorum
1151 1189 1422 1249 codicum
1468 1188 1695 1250 scholia
1737 1189 2032 1266 praebent
2060 1188 2327 1248 nomina:
2372 1182 2609 1266 Σιμέρ-

366 1307 534 1368 μων,
580 1284 1002 1372 Σιμνέρμων,
1049 1284 1439 1370 Σισέρμιος.·
1500 1294 1785 1370 corrupta
1828 1308 1987 1368 esse,
2022 1291 2166 1369 jure
2223 1289 2383 1350 haud
2429 1290 2608 1353 dubie

277 1397 288 1406 ‘
367 1394 573 1454 statuit
616 1394 999 1455 Halbertsma
1042 1392 1171 1469 (1.1.
1202 1412 1256 1471 p.
1287 1390 1413 1464 46).
1502 1393 1675 1468 Quae
1721 1395 1923 1471 opinio
1969 1412 2040 1454 eo
2081 1394 2268 1470 magis
2296 1393 2609 1471 probanda

369 1495 508 1555 mihi
568 1495 840 1574 videtur,
898 1496 1043 1573 quia
1099 1515 1222 1574 qua
1275 1497 1372 1556 via
1429 1514 1636 1557 omnes
1695 1497 1836 1557 illae
1889 1496 2266 1573 corruptelae
2324 1495 2609 1574 deinceps

366 1603 534 1659 ortae
576 1598 697 1659 sint
730 1599 855 1676 jam
900 1600 1242 1678 perspicere
1288 1615 1634 1677 possumus:

960 1687 1229 1780 Ἕρμων
1273 1696 1472 1778 (Rav.)

365 1802 423 1876 (e
459 1801 845 1878 (ῈΡΜΩΝ)
873 1836 959 1845 -·
988 1798 1276 1883 Σέρμων
1322 1801 1519 1876 (Ven.)

977 1899 1330 1985 Σισέρμιος
1488 1905 1674 1980 (Ald.)

978 2001 1342 2087 Σιμέρμων
1486 2006 1802 2082 (Rrunck.)

983 2103 1383 2188 Σιμνέρμων
1486 2109 1684 2184 (Cant.
1728 2113 1806 2179 3).

366 2212 594 2272 Histrio
640 2211 879 2289 quidem
927 2212 1193 2290 nomine,
1251 2212 1326 2273 de
1373 2232 1491 2290 quo
1536 2212 1753 2290 agitur,
1797 2213 1873 2274 ab
1918 2213 2192 2274 omnibus
2235 2214 2604 2292 significatur

367 2319 617 2391 excepto
664 2313 834 2376 Cant.
879 2319 943 2394 3,
993 2314 1091 2375 ubi
1165 2305 1428 2395 ,ἕτερος
1472 2315 1711 2392 quidam
1758 2301 2055 2393 κωμικὸς
2099 2306 2175 2375 ἔν
2215 2333 2349 2376 τινι
2391 2301 2605 2378 αὐτοῦ

367 2406 684 2496 δράματι“
725 2415 1111 2494 intelligit-ur:
1165 2418 1367 2479 Finxit
1410 2418 1524 2479 hoc
1570 2418 1908 2497 scholiasta,
1951 2418 2094 2497 qnia
2137 2423 2372 2497 poetam
2404 2421 2605 2498 potius

364 2539 543 2598 quam
575 2525 841 2581 actorem
873 2521 947 2581 ab
979 2521 1382 2599 Aristophane
1414 2522 1742 2600 perstringi
1773 2521 2065 2583 intellexit
2109 2541 2304 2599 neque
2348 2526 2604 2587 nominis

364 2624 764 2701 corruptelam
806 2624 1131 2702 perspexit.
1173 2655 1259 2665 -
1303 2625 1495 2702 Magis
1524 2623 1765 2701 quidem
1795 2625 2118 2704 perspicua
2146 2629 2207 2686 et
2234 2612 2605 2704 prob'abilior

364 2726 506 2787 1111111
563 2726 800 2787 videtur
857 2727 1271 2787 Halbertsmae
1345 2728 1641 2788 sententia
1698 2746 1879 2804 quam
1939 2727 2246 2789 Duebneri
2317 2726 2480 2802 (adn.
2525 2730 2600 2791 ad

362 2825 614 2905 scholl.)‚
659 2830 762 2905 qni
810 2829 1098 2906 „simplex
1128 2829 1431 2890 histrionis
1460 2847 1676 2890 nomen
1706 2813 1964 2908 Ἕρμων
1992 2828 2178 2891 fuisse
2210 2833 2604 2908 compositum

364 2949 498 2991 cum
543 2929 761 3008 Σῖμος
803 2936 1001 2991 01110111
1047 2924 1409 3010 Σιμέρμων
1438 2930 1660 2991 factum
1692 2930 1857 2992 esse“
1902 2932 2148 3009 statuit;
2190 2951 2311 2993 11011
2343 2935 2608 3010 respexit

364 3032 548 3092 schol.
593 3033 739 3092 Ven.
793 3031 1106 3093 lectionem
1150 3026 1525 3111 „Zioptoev‘ss
1588 3052 1765 3111 quam
1829 3034 2007 3112 paulo
2075 3038 2214 3094 ante
2277 3033 2605 3115 adnotavit,

363 3152 520 3212 qnae
580 3133 836 3194 medium
899 3137 1065 3195 tenet
1128 3135 1323 3194 locum
1386 3135 1541 3195 inter
1601 3135 1809 3212 optimi
1869 3134 2091 3196 codicis
2135 3136 2486 3216 lectionem,
2544 3142 2605 3199 et

363 3242 698 3299 ceterorum
759 3235 1031 3297 codicum
1093 3238 1497 3316 corruptelas,
1573 3256 1770 3316 11011110
1833 3237 2217 3317 intelligitur,
2289 3240 2433 3317 qnid
2493 3241 2602 3302 sibi

363 3341 509 3401 velit
553 3340 667 3401 1100
715 3340 849 3401 1000
896 3339 1213 3400 verborum
1259 3338 1475 3418 Σῖμος
1521 3344 1582 3402 01
1610 3325 1875 3418 Ἕρμων
1919 3340 2283 3418 compositio.

534 3444 626 3504 De
672 3461 792 3520 quo
837 3443 1066 3503 scholio
1113 3442 1462 3521 priusquam
1509 3442 1798 3521 disputari
1831 3447 2141 3521 pergatur,
2185 3444 2381 3505 locum
2414 3446 2600 3507 affero

363 3546 627 3607 Pollucis
674 3545 1055 3624 onomastici,
1113 3545 1211 3606 lib.
1256 3547 1359 3624 IV,
1387 3549 1489 3622 88,
1535 3546 1635 3607 ubi
1680 3549 1876 3607 exstat
1918 3532 2206 3625 ,Ἕρμων
2247 3542 2605 3641 κωμῳδίας

360 3629 786 3728 ὑποκριτής.ιι
895 3648 1250 3726 Explicatur
1303 3667 1340 3707 a
1398 3648 1682 3727 Polluce,
1746 3649 1903 3709 unde
1957 3649 2179 3710 sactum
2233 3650 2336 3729 sit,
2404 3653 2470 3711 ut
2522 3637 2599 3711 ad

362 3736 737 3830 ἀγωνιστὰς
782 3752 842 3810 111
889 3757 1189 3811 certamen
1235 3750 1539 3812 vocandos
1583 3752 1730 3812 tuba
1770 3751 2194 3830 adhiberetur,
2237 3752 2327 3814 1110
2372 3753 2599 3814 verbis:

359 3840 652 3969 ,ΞΕρμων
682 3844 769 3932 ἠν
826 3847 1179 3932 κωμῳδίας
1223 3835 1611 3934 υποκριτῆς.
1706 3843 1932 3931 λαχων
1977 3847 2048 3913 δὲ
2090 3841 2256 3932 μετὰ
2298 3846 2601 3927 πολλοὺς

360 3944 398 4017 5
441 3951 564 4035 μὲν
610 3940 794 4036 άπῆν
836 3951 960 4016 τοῦ
1005 3945 1336 4035 θεάτρου,
1395 3953 1516 4036 τῆς
1569 3953 1801 4035 φωνῆς
1846 3940 2417 4036 ἀποπειρώμενος,
2461 3955 2601 4018 τῶν

361 4053 431 4118 δὲ
490 4048 624 4138 πρὸ
683 4044 898 4118 αυτοῦ
951 4045 1237 4117 πάντων
1298 4048 1733 4118 ἐκπεσόντων
1760 4045 2071 4137 Ἕρμωνα
2128 4052 2250 4138 μὲν
2307 4048 2345 4118 5
2388 4057 2601 4139 κῆρυξ

363 4146 696 4235 ἀνεκάλει,
755 4145 793 4221 5
849 4148 907 4221 ‹5'
912 4146 1032 4239 οὐχ
1091 4148 1511 4234 ὑπακούσας,
1579 4157 1773 4242 ζημίᾳ
1830 4156 2133 4241 πληγεὶς,
2211 4151 2599 4243 εἰσηγήσατο

360 4259 487 4321 τοῦ
530 4260 775 4324 λοιποῦ
820 4259 903 4341 τῇ
947 4252 1260 4343 σάλπιγγι
1306 4254 1465 4334 τοὺς
1509 4250 1882 4342 ἀγωνιστὰς
1927 4249 2343 4323 άνακαλεῐν.“
2431 4266 2599 4339 Quae
