3166 4871
531 322 648 384 132

528 496 759 556 alienus
805 494 1042 556 videtur
1085 512 1217 555 esse
1242 491 1354 565 8’5);
1411 514 1547 555 nam
1606 496 1681 555 ab
1729 496 2046 555 Homerica
2088 495 2464 573 simplicitate
2508 502 2568 554 et
2610 500 2769 556 tran-

529 597 823 675 quillitate
869 597 1114 674 lenique
1162 602 1222 657 et
1266 598 1567 674 aequabili
1625 598 1915 658 orationis
1958 603 2152 657 tractu
2199 599 2540 675 praesentia
2590 598 2771 658 histo·

530 700 656 760 rica
698 701 910 759 abesse
953 698 1112 759 inter
1155 717 1360 759 omnes
1405 702 1653 760 constat.
1699 729 1783 739 —

703 800 840 861 Alia
898 819 1041 862 vero
1102 820 1174 861 ac
1236 801 1417 880 plane
1477 802 1782 862 contraria
1840 806 1930 861 est
1984 801 2346 862 dramaticae
2394 803 2589 880 poesis
2636 822 2769 863 con·

532 904 711 976 dicio,
767 905 991 982 quippe
1037 922 1193 982 quae
1241 922 1357 965 non
1407 905 1639 982 epicum
1689 904 1852 964 illum
1901 906 2165 982 quietum
2221 910 2283 964 et
2325 904 2597 965 sedatum
2644 924 2772 965 ora-

532 1008 710 1067 tionis
780 1025 1021 1067 cursum
1067 1010 1344 1085 appetat,
1419 1007 1525 1066 sed
1602 1008 1798 1068 omnia
1865 1007 2099 1068 dicendi
2176 1026 2401 1085 genera
2459 1007 2774 1086 variasque

535 1110 888 1170 elocutionis
933 1110 1198 1170 rationes
1246 1115 1306 1169 et
1348 1113 1506 1169 artes
1553 1110 1610 1169 in
1658 1127 1831 1170 suum
1878 1129 2048 1170 usum
2096 1113 2410 1170 convertat
2455 1116 2515 1171 et
2558 1110 2631 1170 ad
2679 1129 2777 1171 res

534 1231 713 1289 quam
773 1213 1216 1272 accuratissime
1277 1211 1705 1273 describendas
1761 1213 2318 1291 permovendosque
2376 1217 2775 1289 spectatorum

533 1315 764 1374 animos
821 1314 1122 1376 adhibeat.
1243 1317 1541 1375 Praesens
1617 1333 1761 1375 vero
1837 1315 2180 1376 historicum
2242 1314 2394 1375 duas
2452 1317 2778 1394 praecipue

536 1421 784 1496 propter
815 1435 1027 1477 causas
1060 1436 1193 1477 cum
1227 1418 1409 1477 ceteri
1441 1418 1665 1477 scenici
1698 1423 1912 1496 poetae
1944 1421 2069 1478 tum
2100 1418 2439 1494 Aeschylus
2470 1419 2529 1478 in
2561 1417 2779 1480 sabulis

537 1537 861 1598 usurpasse
923 1518 1238 1590 videntur3
1301 1522 1586 1599 primum,
1647 1519 1806 1597 quod
1871 1520 2083 1581 mirum
2144 1524 2429 1598 quantum
2493 1521 2654 1581 valet
2704 1521 2778 1581 ad

541 1640 639 1683 res
685 1639 804 1700 eas,
848 1640 1005 1700 quae
1052 1627 1404 1699 praesentes
1451 1641 1567 1683 non
1616 1626 1791 1699 sunt,
1835 1622 2226 1683 illustrandas
2271 1627 2333 1683 et
2375 1627 2780 1701 spectatorum

540 1725 730 1786 oculis
783 1724 1188 1800 subiciendas;
1244 1743 1316 1784 ea
1360 1725 1514 1786 enim
1561 1730 1653 1786 est
1696 1726 2031 1803 praesentis
2064 1726 2308 1804 propria
2338 1727 2446 1803 vis,
2492 1729 2558 1786 ut
2601 1727 2779 1786 animi

544 1829 808 1906 figantur
853 1828 1020 1905 quasi
1066 1828 1125 1887 in
1171 1828 1351 1888 rebus
1382 1832 1442 1887 et
1471 1829 1842 1888 retineantur
1869 1828 1968 1905 ita,
1999 1833 2065 1888 ut
2094 1829 2418 1889 subsistant
2445 1829 2781 1908 paullulum

543 1936 603 1991 et
647 1930 731 1991 rei
778 1929 873 1990 vel
918 1930 1172 1991 actionis
1217 1931 1509 2007 cuiusque
1556 1930 1870 1991 decursum
1918 1932 2414 2008 contemplentur.

710 2032 1013 2093 Narrandi
1074 2033 1227 2093 enim
1293 2034 1539 2111 propria
1613 2038 1885 2111 tempora
1943 2037 2083 2094 sunt
2142 2034 2398 2095 aoristus
2451 2037 2511 2094 et
2573 2034 2782 2111 imper·

541 2136 762 2197 fectum
849 2136 947 2196 vel
1027 2136 1697 2214 plusquamperfectum.
1814 2136 2063 2197 Placido
2138 2137 2319 2215 igitur
2396 2155 2577 2197 cursu
2655 2137 2785 2197 fluit

542 2239 753 2316 oratio,
797 2238 894 2298 ubi
941 2238 1197 2299 aoristus
1245 2239 1405 2298 facta
1435 2242 1695 2317 enarrat,
1736 2238 2149 2317 imperfectum
2198 2259 2270 2300 ea
2308 2240 2584 2316 explicat,
2630 2256 2784 2316 quae

543 2339 917 2400 describendi
979 2359 1162 2401 causa
1222 2341 1570 2401 inseruntur
1588 2338 1683 2411 ³⁶).
1803 2343 1926 2401 Iam
1999 2343 2261 2403 occurrit
2319 2343 2378 2401 in
2442 2343 2556 2402 hoc
2628 2341 2785 2401 iusto

543 2462 739 2505 rerum
787 2444 992 2505 ordine
1038 2444 1236 2503 subito
1282 2461 1572 2519 praesens
1622 2463 1731 2520 pro
1777 2445 2117 2520 praeterito.
2204 2445 2478 2520 Miratur,
2519 2444 2789 2505 subsistit

543 2564 711 2607 mens
738 2545 1030 2607 auditoris
1064 2550 1130 2605 ut
1176 2546 1235 2604 in
1269 2564 1334 2606 re
1366 2547 1607 2606 insolita
1653 2552 1713 2607 ct
1747 2552 1990 2625 praeter
2021 2548 2524 2625 exspectationem
2558 2548 2790 2624 oblata;

544 2666 665 2727 quo
711 2649 796 2726 fit,
843 2653 910 2709 ut
953 2667 1027 2708 ex
1073 2647 1533 2726 praeteritarum
1578 2667 1777 2709 rerum
1827 2650 2110 2711 memoria
2154 2667 2286 2710 sese
2332 2651 2503 2727 quasi
2546 2655 2791 2711 revocet

546 2753 607 2811 in
650 2754 1025 2829 praesentem
1090 2769 1262 2812 suum
1322 2754 1539 2812 statum
1598 2756 1658 2812 et
1703 2770 1880 2829 quam
1941 2753 2448 2813 accuratissimam
2508 2752 2594 2814 rei
2652 2771 2788 2831 pro·

546 2854 793 2932 positae,
838 2854 898 2913 in
931 2872 1050 2932 qua
1081 2854 1288 2914 haeret
1319 2855 1531 2915 mentis
1563 2855 1863 2932 cogitatio,
1906 2855 2148 2932 assequi
2187 2854 2429 2916 studeat
2457 2855 2792 2933 imaginem.

546 2957 681 3030 Qua
744 2975 819 3016 ex
885 2974 1086 3017 rerum
1149 2957 1503 3018 condicione
1569 2958 1744 3017 simul
1799 2959 2162 3036 perspicitur
2221 2958 2371 3018 ratio
2428 2976 2580 3035 quae
2636 2958 2794 3018 inter

546 3059 958 3138 imperfectum
1011 3063 1072 3119 et
1113 3060 1398 3121 aoristum
1448 3064 1508 3120 et
1552 3078 1842 3138 praesens
1887 3061 2235 3122 historicum
2284 3060 2621 3121 intercedit.

719 3276 786 3341 ³⁸)
819 3274 997 3329 Recte
1032 3272 1106 3328 A.
1133 3273 1221 3328 W.
1246 3273 1505 3342 Schlegel
1541 3274 1693 3344 apud
1731 3275 2081 3344 Kruegerum
2119 3274 2216 3329 Gr.
2245 3276 2312 3330 D.
2349 3279 2380 3342 ς
2403 3279 2485 3343 53,
2516 3279 2556 3329 1.
2599 3270 2709 3328 Ad.
2738 3278 2792 3327 7:

548 3361 682 3422 „das
732 3358 1103 3428 Vergangene
1150 3359 1243 3413 nie
1289 3360 1373 3414 als
1419 3358 1805 3429 gegenwiirtig
1852 3361 2229 3416 voi-zustellen
2274 3360 2351 3415 ist
2395 3360 2494 3415 der
2540 3358 2795 3427 Gattung

547 3461 611 3499 so
651 3444 979 3499 wesentlich
1005 3444 1188 3513 eigen,
1226 3444 1358 3500 dass
1384 3444 1484 3499 der
1508 3444 1753 3512 Dichter,
1788 3444 2154 3500 vermuthlich
2179 3444 2322 3500 ohne
2347 3444 2466 3500 sich
2491 3444 2795 3499 besondere

547 3530 718 3584 daran
754 3545 824 3583 zu
861 3528 1147 3596 erinnem,
1184 3529 1275 3584 die
1311 3528 1805 3599 Ausschliessung
1843 3529 1942 3585 des
1977 3532 2215 3586 Priisens
2253 3530 2351 3585 der
2386 3529 2704 3586 Zeitwurter
2737 3528 2795 3583 in

548 3615 648 3670 der
706 3613 1027 3683 Erzlihlung
1084 3612 1514 3684 durchgehends
1578 3615 1966 3670 beobachtet.“
2070 3616 2232 3681 Quod
2298 3616 2443 3670 idem
2506 3613 2796 3670 confirmat

548 3699 794 3756 Kiihner.
831 3701 865 3755 l.
892 3700 924 3757 l.
959 3701 1133 3771 §382,
1159 3705 1207 3754 2.
1280 3696 1470 3764 „Aber
1514 3701 1616 3755 der
1662 3700 1862 3770 ruhige
1897 3702 2020 3755 'Pon
2071 3701 2169 3756 der
2205 3699 2471 3772 epischen
2509 3699 2797 3769 Dichtung

549 3785 905 3843 verschmiiht
929 3785 1127 3841 diesen
1153 3785 1470 3856 Gebrauch3
1494 3787 1549 3840 in
1577 3786 1688 3841 den
1714 3785 2114 3842 Homerischen
2140 3786 2439 3856 Gesangen
2463 3785 2642 3840 findet
2674 3783 2795 3840 sich

548 3872 714 3928 kaum
768 3871 967 3941 irgend
1021 3873 1147 3927 eine
1203 3869 1352 3942 Spur
1407 3871 1592 3926 davon
1628 3877 1711 3941 (η,
1754 3875 1897 3940 104);
1943 3872 2030 3926 ein
2074 3871 2334 3927 Gleiches
2382 3870 2488 3940 gilt
2529 3885 2642 3925 von
2686 3870 2794 3924 den

548 3958 951 4026 Nibelungen.“
991 3987 1056 3996 —
1092 3957 1285 4025 Longe
1328 3956 1437 4011 alia
1481 3972 1618 4011 vero
1668 3962 1757 4011 est
1804 3954 2082 4013 Aeneidis
2130 3955 2400 4012 condicio.
2488 3954 2794 4025 Vergilium

550 4043 709 4112 enim,
744 4057 853 4097 non
891 4041 1137 4096 nativum
1161 4041 1315 4096 illum
1351 4041 1577 4112 quidem
1605 4047 1826 4111 poetam
1854 4041 1953 4097 sed
1991 4041 2304 4112 elegentiae
2328 4039 2796 4096 studiosissimum

550 4143 818 4199 praesens
868 4126 995 4182 hist.
1043 4142 1155 4181 non
1200 4127 1364 4182 modo
1412 4143 1519 4181 non
1571 4126 1885 4197 sprevisse,
1924 4128 2024 4183 sed
2072 4126 2259 4196 potius
2295 4125 2590 4182 affectasse
2638 4125 2804 4180 docet

546 4214 663 4270 Jul.
698 4217 833 4284 Ley.
872 4211 1041 4281 Vei-g.
1077 4218 1294 4282 quaest.
1341 4227 1425 4283 sp.
1452 4213 1494 4267 Ι.
1535 4213 1639 4276 „de
1680 4218 1986 4282 temporum
2023 4219 2163 4268 usu“
2200 4228 2255 4281 p.
2287 4216 2306 4264 1
2334 4226 2455 4279 sqq.

717 4301 785 4366 ³⁸)
833 4297 917 4354 Cf.
955 4297 1138 4353 Ktihn.
1175 4298 1270 4352 l.1.
1305 4297 1483 4368 §38⁶2
1522 4303 1570 4353 6.
