3166 4871
2490 305 2614 367 203

375 482 648 538 vertraut
696 479 818 540 und
864 498 1116 556 gewann
1164 480 1320 540 volle
1365 481 1721 540 Herrschast
1768 481 1912 540 iiber
1956 481 2079 541 sein
2128 480 2349 556 Organ.
2440 487 2615 547 Diese

375 582 782 658 Kunstubung
812 582 1061 653 mochte‚
1107 600 1175 643 so
1219 583 1360 642 sehr
1389 583 1476 642 sie
1520 583 1676 641 auch
1707 588 1914 659 spater
1945 585 2144 644 seiner
2188 587 2614 649 reduerischen

373 682 805 743 Wirksamkeit
833 683 1157 745 forderlioh
1205 703 1344 756 war,
1393 686 1493 744 ihn
1526 684 1680 744 doch
1734 686 2069 746 manchmal
2115 706 2190 747 zu
2235 690 2428 750 einem
2456 690 2614 751 allzu

372 784 783 860 pathetischen
831 786 955 846 und
1016 787 1477 847 theatralischen
1527 787 1828 874 Vortrage
1888 787 2193 850 verleiten.
2281 792 2454 852 Auch
2514 792 2613 853 die

370 887 739 948 wurdevolle
783 889 1075 966 Haltung,
1120 889 1343 950 welche
1391 889 1728 950 Aeschines
1784 890 1873 949 als
1918 891 2159 952 Redner
2213 894 2613 966 beobachtete‚

369 988 478 1047 das
546 989 932 1050 absichtliche
1010 990 1369 1054 Vermeiden
1446 991 1555 1051 der
1638 991 1944 1052 lebhaften
2020 994 2613 1073 Handbewegungen

369 1091 603 1151 mochte
663 1092 758 1151 ich
821 1092 1274 1154 zurflckfuhren
1336 1093 1445 1153 anf
1499 1094 1595 1154 die
1657 1091 1912 1172 Schule,
1982 1095 2078 1155 die
2139 1115 2206 1156 er
2267 1116 2344 1157 an
2406 1099 2610 1160 seinen

367 1193 890 1255 Herrscherrollen
940 1194 1417 1272 durchgemacht
1457 1196 1658 1256 hatte“
1712 1196 1785 1255 cf.
1820 1199 1988 1257 Dem.
2018 1196 2076 1257 d.
2105 1197 2144 1257 f.
2178 1199 2214 1259 1.
2252 1202 2374 1262 ‘252
2420 1198 2613 1273 (420),

367 1299 489 1357 255
535 1294 729 1375 (421),
777 1300 896 1359 189
943 1294 1135 1375 (400),
1181 1300 1260 1359 23
1311 1294 1503 1372 (348).

532 1398 664 1459 Jam
717 1399 795 1459 ad
854 1399 1210 1460 illustriores
1272 1400 1497 1461 accedo
1556 1400 2004 1477 tragoediarum
2062 1406 2323 1476 actores,
2384 1406 2610 1467 Aristo-

364 1500 620 1573 ἀεηιυηι,
665 1502 1111 1577 Neoptolemum
1121 1521 1143 1572 ;
1207 1501 1587 1575 Thessalum,
1633 1503 2113 1577 Athenodorum,
2163 1508 2609 1567 Aristocritum.

362 1602 627 1676 Quorum
690 1605 917 1681 primus
962 1622 1080 1663 una
1141 1624 1272 1664 cum
1320 1605 1555 1681 optimis
1618 1606 1863 1682 tragicis
1909 1606 2299 1669 histrionibus
2354 1627 2608 1670 comme·

363 1710 627 1766 moratur
667 1725 703 1765 a
734 1707 1027 1768 Luciano:
1072 1708 1206 1768 Jov.
1251 1711 1403 1785 trag.
1437 1711 1494 1785 3,
1538 1708 1612 1767 ib.
1651 1711 1756 1785 41,
1800 1709 1955 1785 apol.
1988 1711 2045 1786 5,
2088 1727 2239 1787 quos
2284 1712 2447 1771 locos
2481 1712 2608 1789 jam

361 1825 548 1885 supra
589 1810 943 1886 perscripsi3
1005 1809 1271 1887 ejusdem
1317 1829 1501 1888 supra
1564 1810 1920 1901 mentionem
1970 1810 2117 1882 feci,
2180 1811 2279 1872 ubi
2330 1812 2606 1874 fabellam

360 1929 399 1969 a
440 1909 665 1971 Gellio:
726 1930 781 1971 n.
813 1930 864 1972 a.
895 1913 995 1990 XI,
1028 1915 1082 1985 9,
1109 1916 1145 1973 2
1207 1912 1453 1972 relatam
1517 1913 1774 1972 enotavi.
1882 1913 1946 1971 In
1997 1914 2457 1990 Neoptolemum
2520 1916 2604 1975 in-

361 2011 631 2090 cidimus,
673 2013 773 2072 ubi
809 2013 1150 2091 histriones,
1194 2013 1296 2090 qui
1328 2013 1791 2073 Demosthenem
1840 2015 2133 2074 actionem
2181 2015 2461 2077 docuisse
2489 2021 2606 2078 tra-

361 2113 602 2192 duntur,
647 2116 974 2177 enumerati
1019 2119 1174 2175 sunt.
1265 2116 1616 2175 Uber-iorem
1665 2115 1740 2175 de
1776 2116 2090 2194 utriusque
2134 2118 2440 2179 histrionis
2483 2120 2607 2180 vita

360 2220 420 2276 et
448 2219 579 2277 arte
603 2217 873 2276 notitiam
905 2215 1214 2276 haurimus
1245 2235 1277 2277 e
1304 2218 1725 2278 Demosthenis
1748 2218 2180 2296 Aeschinisque
2210 2221 2604 2298 orationibus3

360 2337 392 2378 e
439 2319 656 2395 quibus
714 2338 834 2380 non
881 2320 1073 2380 solum
1135 2320 1343 2396 quales
1405 2319 1633 2380 fuerint
1687 2321 2006 2381 histriones
2051 2322 2134 2382 illi
2192 2323 2313 2383 duo
2373 2324 2604 2385 nobiles

359 2421 772 2500 intelligemus,
814 2422 921 2483 sed
951 2423 1127 2483 etiam
1175 2422 1390 2500 quibus
1437 2423 1498 2483 in
1544 2422 1858 2500 republica
1902 2422 2356 2487 condicionibus
2386 2429 2602 2505 quarto

357 2524 600 2584 saeculo
641 2525 993 2586 histrionum
1039 2525 1189 2586 ordo
1234 2542 1377 2586 usus
1421 2526 1513 2587 sit.

527 2606 802 2704 viguisse
831 2628 1115 2689 videntur
1148 2628 1556 2690 Aristodemus
1588 2629 2040 2707 Metapontinus
2081 2633 2142 2691 et
2171 2632 2602 2708 Neoptolemus

354 2728 560 2790 codem
607 2729 735 2791 fere
780 2734 1062 2808 tempore,
1108 2737 1399 2810 regnante
1445 2732 1725 2810 Philippo
1771 2732 2132 2804 Macedon03
2195 2732 2272 2793 ad
2318 2734 2431 2795 hoc
2475 2735 2602 2812 qui-

357 2831 489 2893 dem
536 2836 772 2910 tempus
817 2835 1119 2910 pertinent
1163 2852 1561 2911 quaecunque
1609 2834 1683 2894 de
1727 2835 1798 2894 iis
1843 2834 2137 2895 audimus.

526 2934 682 2993 adn:
742 2934 816 2994 cf.
873 2934 1055 2994 schol.
1100 2935 1380 2996 Aeschin.
1414 2937 1490 3012 11,
1528 2941 1604 2996 15»
1657 2935 1819 3008 (30):
1880 2916 2097 3007 Οὗτος
2139 2935 2602 3011 (Aristodemus)

358 3027 748 3094 ἐπεκαλεῖτο
791 3030 916 3114 μὲν
959 3022 1407 3113 Στεμφύλιος,
1455 3034 1977 3107 Μεταποντῖνος
2035 3021 2094 3096 ‹5'
2137 3017 2224 3116 ἦν
2265 3023 2345 3097 τὸ
2389 3032 2602 3116 γένος,

357 3130 469 3194 καὶ
514 3129 701 3195 ἐνίκα
748 3131 847 3208 δὶς
900 3129 1010 3195 ἐπὶ
1059 3132 1427 3217 Ληναὶων.“
1523 3136 1580 3198 Si
1631 3156 1838 3199 verum
1886 3144 2008 3216 est,
2069 3140 2231 3216 quod
2277 3140 2597 3201 scholiasta

357 3238 558 3318 tradit,
603 3241 1075 3316 Metapontinum
1125 3238 1308 3300 fuisse
1339 3240 1779 3300 Aristodemum
1813 3244 1976 3318 natu,
2020 3246 2283 3302 statuere
2313 3243 2599 3321 cogimur,

357 3341 654 3403 civitatem
699 3343 936 3402 atticam
982 3342 1179 3401 datam
1226 3343 1279 3403 ei
1328 3342 1528 3422 fuisse,
1580 3344 1860 3420 quoniam
1912 3344 2092 3420 legati
2139 3344 2594 3406 Atheniensium

357 3463 604 3506 munere
664 3445 906 3505 functus
960 3450 1065 3506 est.
1152 3446 1328 3520 Quod
1388 3445 1601 3507 attinet
1659 3446 1732 3505 ad
1794 3446 1981 3507 verba
2046 3438 2273 3518 ..ἐνίκα
2326 3440 2426 3518 δὶς
2485 3439 2601 3508 ἐπὶ

357 3542 733 3626 Ληναίων“,
777 3547 1115 3626 fragmento
1160 3547 1545 3626 didascalico,
1590 3548 1751 3626 quod
1801 3548 1986 3609 edidit
2016 3548 2317 3610 Bockhius
2363 3568 2413 3610 c.
2441 3551 2478 3611 i.
2507 3570 2596 3629 gr.

357 3669 413 3709 n.
462 3653 581 3711 231
643 3651 732 3717 (...
770 3696 780 3706 .
815 3638 1082 3727 ώνυμος
1140 3641 1347 3723 ἐνίκα,
1409 3669 1461 3711 a.
1493 3650 1669 3728 355),
1729 3656 1788 3710 et
1832 3651 2221 3728 inscriptione
2282 3670 2473 3729 nuper
2532 3653 2592 3713 in

357 3752 552 3814 lucem
611 3753 846 3830 prolata
904 3751 1023 3830 (ap.
1083 3754 1258 3814 Rubi.
1321 3754 1356 3814 l.
1401 3755 1437 3814 l.
1481 3755 1553 3825 11,
1601 3774 1657 3831 p.
1710 3758 1828 3815 112
1876 3773 1927 3814 a.
1977 3751 2326 3827 342—40)
2386 3754 2597 3815 coufir-

355 3860 564 3927 matur‚
609 3853 747 3915 inde
795 3875 831 3915 a
861 3856 1051 3917 medio
1097 3856 1335 3933 quidem
1382 3863 1598 3933 quarto
1629 3857 1872 3917 saeculo
1919 3861 1979 3916 et
2022 3858 2277 3917 comicos
2323 3862 2383 3916 et
2411 3857 2593 3936 tragi-

354 3976 457 4019 cos
503 3958 825 4035 primarum
873 3964 1109 4019 actores
1154 3959 1228 4019 de
1273 3957 1552 4036 praemiis
1598 3960 1918 4036 propositis
1962 3963 2225 4019 certasse
2273 3958 2371 4028 (cf.
2414 3960 2596 4020 inscr.

355 4059 431 4119 ad
475 4080 525 4119 a.
559 4064 681 4122 235
728 4061 1125 4138 pertinentem
1173 4080 1269 4138 ap.
1312 4061 1490 4121 Kohl.
1537 4063 1572 4121 l.
1602 4062 1639 4121 1.
1684 4080 1738 4139 p.
1774 4065 1925 4123 257:
1975 4051 2281 4140 „Kpdmyg
2323 4052 2595 4134 ἐνίκαἽ.

355 4161 677 4235 Quaeritur
736 4167 965 4240 autem,
1028 4162 1085 4223 id
1132 4163 1295 4241 quod
1353 4164 1428 4223 ad
1474 4163 1818 4240 tragoedias
1862 4163 2099 4241 attinet,
2160 4166 2358 4222 utrum
2417 4164 2592 4223 novis

353 4263 529 4324 modo
575 4283 647 4323 an
682 4270 990 4342 poctarum
1023 4269 1217 4327 aetate
1250 4268 1512 4344 priorum
1556 4284 1797 4343 quoque
1829 4265 2048 4325 fabulis
2079 4266 2226 4325 actis
2273 4265 2593 4327 histriones
