3166 4871
2484 339 2609 400 213

367 502 427 562 in
461 503 736 564 convivio
768 503 1043 581 quodam,
1089 506 1164 565 ad
1197 506 1358 582 quod
1394 509 1726 569 Aeschines
1755 509 2006 586 ejusque
2037 510 2206 569 amici
2237 530 2273 569 a
2302 512 2609 572 Phaedimi

367 607 609 681 tyranni
654 605 778 666 filio
823 607 1055 666 invitati
1103 608 1372 679 fuissent,
1420 610 1651 670 mulieri
1700 610 1937 672 cuidam
1971 610 2299 688 Olynthiae
2339 615 2611 689 captivae

371 708 775 784 imposuerint.
902 708 1078 783 Quod
1151 711 1589 772 Demosthenes
1663 731 1782 773 non
1860 714 2161 792 extemplo
2227 714 2288 774 in
2354 715 2611 775 medium

368 809 601 886 profert
622 811 745 889 sed,
775 817 841 872 nt
863 813 1067 873 verbis
1089 815 1215 874 suis
1236 815 1515 892 maJorem
1541 815 1762 875 tribuat
1793 816 1924 887 vim,
1956 815 2150 894 figura
2172 801 2612 894 ηάντίθετον“

371 930 516 973 usus
567 919 743 974 antea
787 917 1064 993 exponit,
1125 917 1287 993 quali
1333 918 1512 977 animi
1562 919 1971 995 magnitudine
2017 917 2273 996 Satyrus
2320 921 2612 981 comoedi-

371 1032 541 1076 arum
601 1023 771 1077 actor
826 1020 1192 1097 praestiterit
1247 1020 1306 1079 in
1368 1022 1645 1081 convivio
1705 1039 1741 1080 a
1797 1021 2081 1097 Philippo
2127 1019 2391 1098 Olyntho
2437 1029 2613 1100 capta

372 1117 733 1197 artificibus,
791 1140 947 1200 quos
1004 1123 1078 1183 ad
1133 1123 1308 1183 ludos
1356 1125 1738 1201 invitaverat,
1784 1124 1954 1185 facto.
2046 1124 2422 1202 Philippum,
2480 1143 2613 1186 cum

373 1223 720 1284 coronasset
751 1225 1023 1301 victores,
1066 1226 1474 1305 interrogasse
1503 1227 1801 1303 Satyrum,
1847 1245 1955 1287 cur
1998 1227 2165 1287 solus
2209 1227 2356 1287 nihil
2402 1246 2437 1287 a
2481 1246 2614 1290 sese

372 1329 634 1401 peteret;
695 1328 1076 1406 respondisse
1122 1328 1503 1407 histrionem,
1560 1347 1714 1405 opus
1760 1329 1868 1388 sibi
1917 1347 2036 1389 non
2083 1348 2214 1390 esse
2263 1329 2382 1390 ulla
2425 1349 2499 1391 ex
2543 1331 2617 1390 iis

374 1425 586 1503 rebus,
644 1446 797 1504 quas
854 1430 1069 1506 reliqui
1128 1431 1513 1508 petivissent,
1580 1450 1753 1491 suum
1815 1435 2012 1491 autem
2071 1430 2431 1492 desiderium
2494 1451 2614 1493 non

374 1526 597 1589 audere
657 1548 722 1590 se
781 1531 1056 1609 proferre
1124 1534 1379 1594 veritum
1445 1551 1520 1593 ne
1585 1533 1884 1609 repulsam
1953 1532 2156 1593 ferret.
2272 1533 2616 1595 Professum

375 1646 507 1689 esse
550 1649 773 1709 regem,
818 1635 1035 1713 cuique
1079 1636 1279 1713 Satyri
1309 1636 1471 1714 preci
1501 1635 1942 1713 qualiscunque
1974 1640 2133 1696 esset
2172 1635 2616 1697 satisfacturum

374 1749 440 1792 se
484 1751 644 1805 esse;
689 1735 909 1797 dixisse
957 1737 1324 1817 histrionem,
1366 1738 1620 1815 Pydnae
1654 1738 1948 1814 hospitem
1981 1742 2162 1813 atque
2205 1740 2458 1798 amicum
2504 1739 2617 1798 sibi

373 1834 557 1897 fuisse
609 1839 1123 1917 Apollophanem3
1196 1860 1316 1920 quo
1392 1841 1577 1901 caede
1649 1840 1888 1901 sublato
1948 1839 2101 1899 filias
2169 1858 2206 1900 a
2266 1842 2620 1901 necessariis

375 1936 621 2015 Olynthi
682 1959 815 2002 esse
867 1942 1204 2021 depositas,
1264 1943 1423 2003 unde
1484 1943 1631 2002 urbe
1701 1948 2048 2018 expugnata
2101 1960 2136 2001 a
2197 1941 2618 2003 Macedonibus

378 2046 588 2116 captae
663 2049 894 2122 essent;
970 2064 1151 2123 quas,
1223 2063 1404 2122 quum
1466 2044 1610 2103 viris
1686 2048 1888 2104 essent
1954 2050 2249 2120 maturae,
2306 2049 2372 2103 ut
2423 2063 2527 2104 rex
2588 2063 2622 2105 e

378 2147 718 2224 captivitate
797 2147 1081 2208 liberaret
1159 2167 1290 2208 sese
1354 2154 1561 2226 petere
1643 2147 1939 2222 simulque
2011 2164 2261 2223 rogare,
2326 2152 2394 2206 nt
2445 2147 2622 2225 quale

377 2259 691 2326 praeterea
749 2251 1068 2330 praeberet
1121 2251 1340 2311 donum
1387 2249 1758 2310 enuntiaret:
1834 2248 2012 2323 Quod
2073 2248 2185 2309 sibi
2234 2267 2352 2309 non
2397 2268 2620 2310 assum-

378 2356 618 2429 pturum
679 2372 744 2414 se
804 2373 937 2414 esse
997 2353 1104 2413 sed
1156 2354 1217 2413 in
1283 2346 1587 2430 virginum
1630 2352 1827 2412 dotem
1875 2352 2251 2412 collaturum.
2338 2350 2622 2413 Gavisum

378 2454 452 2516 de
498 2455 694 2533 Satyri
750 2459 927 2517 animi
991 2456 1399 2536 magnitudine
1444 2456 1799 2546 Philippum·
1857 2461 2175 2533 utrumque
2236 2455 2624 2516 concessisse.

378 2558 586 2629 (idem
614 2567 893 2622 narratur
937 2581 973 2621 a
1020 2560 1191 2622 Diod.
1236 2560 1348 2623 Sic.
1392 2560 1551 2638 XVI,
1599 2555 1723 2631 55).

550 2664 908 2744 Comparare
949 2665 1123 2743 juvat
1167 2666 1365 2725 locum
1409 2663 1569 2723 illum
1618 2681 1740 2740 quo
1786 2661 2114 2722 Aeschines
2160 2660 2243 2735 (d.
2288 2660 2323 2721 s.
2355 2662 2467 2737 leg.
2503 2665 2622 2723 156

382 2765 587 2841 [321])
657 2767 982 2846 respondet
1040 2768 1141 2845 iis,
1209 2786 1367 2846 qnae
1425 2765 1863 2825 Demosthenes
1931 2765 1964 2822 1.
2015 2764 2051 2823 l.
2088 2764 2414 2879 exposuit:
2474 2752 2626 2835 „mig

380 2852 757 2940 δ’άνοσίους
798 2854 1050 2940 ταύτας
1090 2862 1346 2946 τέχνας,
1391 2852 1468 2938 ἃς
1512 2883 1715 2935 οιτος
1758 2853 1931 2941 πρὸς
1982 2881 2145 2933 τοις
2190 2859 2386 2933 νέους
2428 2856 2625 2942 ἐπαγ-

382 2964 688 3047 γέλλεται
749 2965 858 3027 καὶ
912 2964 1222 3049 κέχρηται
1276 2962 1430 3026 νυνὶ
1496 2952 1643 3024 κατ’
1669 2960 1864 3042 ἐμοῦ,
1925 2945 2055 3042 άρα
2112 2959 2479 3043 μέμνησθε,
2538 2953 2629 3036 ὡς

385 3058 831 3149 ἐπιδακρύσας
892 3065 1005 3131 καὶ
1064 3061 1190 3151 τὴν
1218 3053 1497 3131 Ἑλλάδα
1552 3052 2096 3145 κατοδυράμενος
2148 3060 2263 3124 καὶ
2309 3056 2630 3177 Σάτυρον

383 3164 507 3234 τὸν
566 3164 870 3252 κωμικὸν
929 3159 1302 3253 ὑποκριτὴν
1359 3164 1920 3250 προσεπαινέσας,
1983 3154 2088 3228 ὅτι
2151 3162 2389 3244 ξένους
2445 3157 2631 3238 τινὰς

385 3265 597 3338 αὑτοῦ
643 3267 1107 3357 αἰχμαλώτους
1153 3264 1577 3345 σκάπτοντας
1624 3266 1699 3333 έν
1741 3269 1840 3351 τῷ
1874 3265 2225 3332 Φιλίππου
2256 3254 2626 3349 άμπελουρ·

385 3376 510 3460 γὶῳ
570 3375 680 3441 καὶ
740 3374 1133 3459 δεδεμένους
1185 3363 1369 3457 παρὰ
1423 3366 1547 3436 τὸν
1602 3360 1824 3435 πότον
1870 3363 2236 3454 ἐξῃτήσατο
2280 3362 2467 3453 παρὰ
2506 3370 2633 3432 τοῦ

387 3478 761 3556 Φιλίππου,
820 3467 1024 3543 ταί-θ’
1055 3469 1343 3552 ὑποθεὶς
1385 3473 1663 3538 ἐπεῖπεν
1706 3461 2165 3555 ἐντεινόμενος
2207 3466 2461 3556 ταύτην
2502 3462 2631 3555 τὴν

387 3575 615 3663 ὀξεῖαν
670 3581 785 3646 καὶ
844 3575 1121 3646 ἀνόσιον
1173 3574 1442 3663 φωνὴν,
1508 3570 1600 3653 ὡς
1655 3568 1880 3640 δεινὸν
1935 3572 2035 3659 εἴη
2096 3573 2153 3638 εἰ
2212 3566 2250 3639 ὁ
2299 3573 2423 3657 μὲν
2474 3565 2632 3650 τοὺς

389 3683 745 3767 Καρίωνας
794 3684 907 3749 καὶ
959 3681 1266 3759 Ξανθίας
1317 3669 1848 3763 υκοκρινὸμενος
1905 3670 2127 3754 οὕτως
2194 3669 2465 3762 εὐγενὴς
2517 3675 2633 3741 καὶ

384 3782 857 3872 μεγαλόψυχος
888 3786 1169 3871 γένοιτο,
1199 3780 1329 3870 ἐγώ
1375 3772 1477 3849 δΗ
1450 3806 1488 3847 ο
1529 3781 1650 3867 τῆς
1688 3779 1999 3866 μεγίστης
2036 3774 2301 3856 πόλεως
2345 3774 2631 3863 σύμβου-

388 3894 525 3970 λος,
570 3913 608 3955 o
652 3879 811 3967 τοὺς
851 3888 1133 3974 μυρίους
1157 3877 1493 3972 Αρκάδων
1539 3885 1900 3948 νουθετῶν
1944 3905 2026 3946 ου
2072 3876 2462 3965 κατάσχοιμι
2503 3870 2633 3966 τὴν

389 3982 679 4075 υβριν..

563 4098 774 4179 Vides,
877 4098 1233 4161 Aeschinem
1338 4096 1672 4177 depravare
1782 4094 2025 4156 studere
2122 4091 2345 4153 inimici
2451 4091 2635 4151 verba

391 4202 532 4280 (,‚-·-
578 4196 813 4277 ξένους
864 4192 1048 4273 τινὰς
1101 4191 1348 4261 ἑαυτοῦ
1409 4187 1873 4277 αἰχμαλώτους
1926 4184 2355 4263 σκάπτοντας
2410 4185 2483 4251 ὲν
2534 4190 2635 4272 τῷ

401 4297 749 4364 Φιλίππου
795 4289 1270 4384 άμπελουργίῳ
1314 4296 1474 4373 -“),
1520 4300 1684 4378 quod
1732 4319 1848 4361 non
1900 4299 2054 4376 sugit
2098 4297 2632 4373 harpocrationem

2167 4412 2226 4460 14
