3166 4871
1030 267 1116 325 De
1149 269 1356 325 nomin.
1387 268 1450 324 in
1484 286 1650 336 -αιος,
1721 273 1755 338 s
1797 273 1883 325 23.
2495 278 2573 339 77

328 432 543 524 ,πραΰς
607 447 729 505 iou.
801 433 1020 525 κρηΰς
1085 466 1388 524 nunquam
1451 452 1542 507 est
1603 448 1742 509 iota.
1842 447 2125 525 Plerique
2188 468 2226 509 a
2286 448 2413 510 rad.
2466 446 2577 524 pre

329 565 526 609 amare
587 547 902 626 derivant,
960 553 1027 609 ut
1087 550 1260 626 Bopp
1321 540 1396 610 in‘
1444 552 1524 627 gl.
1583 568 1630 610 s.
1658 569 1716 609 v.
1764 546 1905 628 pri,
1967 552 2109 610 Pott
2150 551 2269 610 EF.
2299 548 2387 629 1¹,
2435 548 2576 628 208,

222 679 228 685 ·
330 649 573 713 Curtius
617 651 713 711 Et.
760 671 817 711 n.
847 646 998 729 379,
1050 652 1202 712 Fick
1230 652 1276 730 I,
1307 648 1461 730 680,
1523 652 1904 713 conferentes
1961 671 2075 713 ser.
2109 647 2222 727 pri
2275 653 2575 714 delectare

328 752 616 830 gaudere,
657 752 755 812 zd.
792 747 891 826 fri
934 771 1155 833 amare,
1197 754 1463 833 laudare,
1506 759 1614 832 got
1649 750 1853 829 frijon
1897 738 2184 833 ἀγαπᾶν,
2228 755 2431 816 theod.
2463 760 2577 816 vet.

322 851 468 929 [νᾶα
512 857 830 933 strenuus,
875 857 1100 934 iaetus,
1143 857 1291 916 slav.
1335 862 1454 916 vet.
1487 857 1723 931 prejati
1763 856 2081 934 providere
2101 902 2117 935 ‚
2162 876 2408 935 curare,
2446 859 2574 931 pra·-

313 956 504 1031 ‚tmen
565 957 809 1018 amicus.
903 957 1022 1019 Sed
1085 959 1256 1019 obest
1313 960 1456 1019 huic
1516 959 1851 1036 veriloquio
1913 978 1955 1017 α
2013 960 2370 1036 productum
2433 964 2493 1019 et
2553 977 2577 1017 ι

329 1059 560 1138 elisum,
603 1060 767 1136 quod
811 1060 943 1139 ipse
990 1060 1232 1122 Curtius
1276 1062 1614 1139 confitetur,
1658 1061 1696 1122 1.
1726 1063 1764 1122 l.
1809 1062 1998 1140 „doch
2043 1062 2230 1123 bietet
2271 1061 2397 1121 sich
2443 1062 2577 1121 cine

327 1163 519 1239 vollig
564 1164 1044 1239 entsprecheude
1103 1165 1378 1242 analogie
1439 1165 1536 1225 fiir
1602 1164 1699 1225 die
1760 1165 2101 1244 herleitung
2162 1184 2279 1225 von
2322 1154 2577 1242 ,πράΐος
2626 1176 2633 1185 “

329 1283 436 1324 aus
479 1282 606 1343 πρι
652 1258 866 1326 nicht.“
951 1269 1168 1344 Neque
1215 1285 1401 1345 germ.
1440 1268 1593 1341 frao
1638 1271 1801 1328 recte
1848 1287 1921 1327 ex
1949 1268 2081 1327 rad.
2119 1269 2225 1342 pri
2253 1268 2577 1345 derivatur,

331 1386 514 1444 quum
560 1368 763 1428 thema
808 1370 883 1430 sit
917 1372 1103 1443 fram,
1149 1369 1227 1430 cf.
1264 1371 1542 1443 fhamjan
1577 1370 1874 1443 srwida.
1960 1368 2355 1443 Quamobrem
2398 1370 2575 1428 etiam

329 1459 574 1549 πράως
617 1489 692 1531 ex
736 1472 1019 1549 πραῐιος
1067 1478 1268 1533 natum
1315 1477 1495 1550 puto,
1540 1472 1870 1550 eademque
1913 1473 2145 1550 origine
2201 1474 2396 1532 ortum
2456 1490 2579 1547 qua

328 1591 513 1651 germ.
553 1572 849 1646 sramjan.
937 1576 1031 1634 Ex
1075 1576 1256 1655 πραῶ
1300 1576 1428 1635 sive
1472 1574 1692 1636 suffixo
1737 1591 1802 1633 ιο
1847 1574 2183 1635 derivatum
2241 1574 2577 1652 πραῘ-ιος,

328 1654 604 1752 πρά-ως
646 1672 862 1758 πρᾷος
904 1673 1139 1755 πρᾶος,
1185 1679 1312 1737 sive
1356 1677 1595 1756 adiecto
1640 1679 1772 1738 suff.
1802 1695 1844 1736 u
1874 1678 2165 1757 xpaf-vg
2194 1678 2310 1737 ion.
2340 1665 2577 1755 πρηύς.

329 1779 546 1856 ltaque
606 1777 767 1838 baud
823 1779 1027 1856 inepte
1085 1779 1255 1840 Benf.
1315 1781 1467 1840 Wzl.
1512 1781 1597 1858 ΙΙ,
1651 1776 1763 1837 321
1833 1783 1893 1839 et
1953 1780 2104 1840 Ebel
2156 1780 2261 1838 KZ
2306 1775 2577 1856 v1,212

331 1881 622 1941 adhibent
681 1870 939 1961 πρηνής
1006 1883 1108 1942 lat.
1161 1898 1400 1956 promes
1469 1900 1583 1943 scr.
1632 1898 1915 1956 pravana
1984 1881 2341 1958 inclinatus,
2412 1879 2576 1957 quod

329 1988 579 2047 auctore
634 1984 749 2043 lex.
808 1985 1110 2060 Petropol.
1172 2003 1245 2044 ex
1283 2000 1412 2059 pra
1468 1984 1807 2045 derivatum
1866 1989 1959 2044 est
2016 1987 2083 2043 ut
2122 1988 2352 2057 premat
2404 1983 2577 2043 locus

332 2087 460 2147 sive
504 2085 606 2145 via
649 2085 913 2146 declivis.
1001 2087 1172 2160 Quae
1228 2087 1564 2147 intercedat
1622 2088 1777 2147 inter
1820 2086 2039 2147 suffixa
2092 2090 2197 2161 vat
2251 2090 2312 2146 et
2363 2101 2437 2144 va
2486 2083 2580 2157 (ut

331 2194 451 2248 mu
494 2192 556 2249 et
598 2186 719 2261 ma)
762 2189 1200 2267 propinquitas,
1245 2208 1419 2250 nemo
1463 2189 1672 2268 nescit,
1714 2190 1918 2265 itaque
1948 2188 2206 2249 fortasse
2236 2189 2320 2247 sic
2352 2187 2573 2248 factum

331 2296 446 2352 est:
484 2306 616 2366 pra
658 2322 741 2331 —
779 2306 1008 2366 pra-va
1047 2322 1136 2334 —-
1170 2293 1469 2367 pra-v-ja.
1560 2291 1650 2353 cf.
1694 2279 1950 2371 πρηών.

499 2386 611 2456 28.
700 2383 910 2473 (iate,
955 2384 1163 2474 (iq-to,
1208 2385 1393 2474 ρειο.
1484 2383 1714 2477 ῥᾴδιος
1773 2399 1835 2456 et
1876 2381 2164 2474 ρηΐδιος,
2220 2411 2376 2472 quae
2438 2392 2575 2453 inde

331 2497 408 2558 ab
435 2498 698 2558 Homero
741 2498 870 2557 sola
911 2497 1036 2558 fere
1083 2503 1342 2576 regnant
1384 2499 1446 2558 in
1478 2495 1687 2575 lingua
1716 2498 1966 2573 Graeca,
2012 2498 2155 2574 quin
2187 2496 2575 2558 vetustiorem

332 2600 634 2677 quandam
690 2604 754 2659 et
805 2600 1222 2678 simpliciorem
1284 2600 1532 2661 formam
1588 2589 1776 2680 ῥάιος
1829 2600 1927 2658 vel
1983 2588 2172 2678 ρήιος
2229 2618 2418 2676 regno
2477 2618 2574 2659 ex-

331 2702 623 2780 pulerint,
677 2721 795 2763 uon
851 2706 1048 2780 potest
1102 2703 1376 2764 dubitari.
1468 2704 1661 2763 Huius
1711 2702 1994 2780 adjectivi
2039 2701 2387 2763 vetustioris
2432 2702 2578 2761 satis

333 2805 521 2865 multa
578 2804 864 2865 habemus
926 2806 1178 2883 reliquia
1251 2809 1312 2866 et
1381 2805 1652 2884 vestigia.
1708 2796 1906 2887 ῥᾷος
1978 2805 2218 2882 saepius
2280 2793 2578 2864 testantur

330 2908 738 2984 grammatici:
784 2909 896 2968 EM
927 2903 1027 2986 92,
1060 2905 1140 2965 43
1185 2902 1298 2966 καὶ
1343 2896 1530 2994 (mim
1575 2897 1751 2986 ῥᾶος.
1843 2906 2043 2985 Apoll.
2087 2905 2163 2966 de
2196 2906 2331 2966 adv.
2364 2903 2505 2986 567,
2537 2904 2576 2963 6

331 3000 639 3087 baraton,
700 2993 818 3084 ἀφ’
870 2991 954 3070 οὗ
1009 3000 1184 3070 κατὰ
1240 3004 1627 3089 συναίρεσιν
1685 2999 1766 3069 τὸ
1826 2999 2073 3091 ῥᾳδίως
2117 2999 2303 3066 καθὰ
2345 3002 2461 3066 καὶ
2504 3000 2578 3066 ἐν

331 3095 615 3188 ὀνόμασι
655 3101 738 3171 τὸ
781 3100 1048 3190 ραΐδιος
1092 3108 1204 3172 καὶ
1242 3103 1432 3192 &amq
1469 3106 1582 3171 καὶ
1617 3109 1818 3181 λωῖος
1846 3105 1963 3170 καὶ
2005 3109 2216 3170 amoc
2261 3109 2383 3182 (Sic
2416 3111 2579 3187 cod.;

331 3214 575 3274 Ahrens
633 3215 693 3274 in
756 3214 956 3276 iibello
1018 3215 1113 3275 cui
1173 3216 1522 3294 inscriptum
1587 3219 1711 3274 est:
1773 3201 1944 3295 ,ξΡᾷ,
2007 3213 2102 3272 ein
2166 3213 2409 3289 Beitrag
2471 3231 2591 3271 zur

329 3316 746 3395 griechischen
795 3318 1168 3396 Etymologie
1217 3318 1335 3378 und
1383 3308 1930 3394 Lexicographie“,
1974 3333 2179 3393 progr.
2224 3313 2332 3374 des
2377 3315 2522 3391 Lyn.
2553 3316 2581 3373 I

334 3421 611 3481 Hannov.
661 3416 856 3497 1873,
899 3440 955 3497 p.
986 3417 1024 3477 6
1071 3425 1193 3480 not.
1253 3420 1340 3479 sic
1398 3418 1701 3479 emendari
1747 3418 1958 3496 jubet:
2011 3407 2091 3477 τὸ
2151 3408 2407 3496 ραΐδιος
2466 3411 2582 3475 καὶ

333 3510 563 3603 ῥᾴδιος
591 3516 707 3580 καὶ
736 3511 923 3601 ράιος
953 3517 1067 3581 καὶ
1096 3512 1301 3604 ῥᾷος).
1388 3521 1692 3598 Hesych.:
1737 3511 1943 3602 ῥᾷον·
1977 3503 2253 3598 εὐχερές,
2297 3515 2582 3595 κοῦφον,

335 3608 612 3694 εὐτελές.
702 3625 908 3686 Phoc:
952 3615 1154 3704 ῥᾶον·
1217 3609 1476 3701 εὐχερές
1500 3670 1515 3694 ,
1560 3609 1867 3683 εὔκολον.
1958 3624 2071 3682 EM
2120 3619 2261 3700 700,
2308 3619 2388 3678 42
2433 3609 2580 3701 ῥηΐ-

334 3720 478 3798 διος
522 3772 537 3784 .
586 3726 602 3785 ἰ
649 3772 661 3784 .
712 3711 849 3788 ἀπὸ
892 3723 1017 3786 τοῦ
1061 3716 1252 3804 ῥᾶος,
1312 3714 1496 3804 ῥάου.
1590 3725 1728 3785 Alia
1771 3745 1826 3784 v.
1870 3742 1969 3801 ap.
2024 3725 2171 3784 Ahr.
2201 3724 2240 3783 l.
2270 3724 2306 3783 l.
2353 3722 2581 3783 Adver-

334 3830 495 3891 bium
541 3818 724 3909 ῥήια
769 3828 929 3905 apud
973 3828 1258 3904 Hippocr.
1291 3827 1473 3888 morb.
1507 3828 1646 3886 mul.
1682 3828 1809 3887 Vol.
1840 3827 1914 3905 11,
1959 3845 2016 3902 p.
2047 3821 2171 3882 627
2218 3824 2308 3885 ed.
2340 3824 2577 3884 Kuehu.

338 3932 630 4008 Hesych.:
691 3920 844 4010 ῥήια
904 3925 1015 3989 καὶ
1069 3917 1192 4010 ῥηΐ
1193 3925 1303 3989 δια
1362 3916 1643 4007 ὁμοίως·
1706 3913 1989 4007 εὐχερῶς
2044 3917 2253 4005 μάλα,
2316 3917 2577 4008 ῥᾳδίως.

335 4035 591 4095 Brevior
633 4033 829 4094 forma
872 4023 1055 4112 ῥεῖα
1098 4051 1281 4108 saepe
1325 4031 1485 4110 apud
1532 4032 1891 4109 Homerum,
1946 4030 2108 4107 apud
2169 4048 2345 4105 quem
2403 4025 2579 4086 etiam

337 4154 360 4195 ι
421 4137 568 4196 eliso
632 4126 784 4216 ῥέα,
846 4135 1007 4211 quod
1069 4152 1251 4212 saepe
1308 4123 1838 4212 μονοσυλλάβως
1903 4130 2411 4209 pronuntiandum
2476 4130 2584 4186 est.

337 4240 544 4317 Ipsum
589 4238 957 4320 adjectivum
1019 4227 1249 4315 ῥεῖος
1312 4239 1613 4300 servatum
1679 4239 1809 4298 erat
1851 4237 1912 4295 in
1958 4234 2216 4296 dialecto
2261 4229 2584 4312 Cypriam
