3166 4871
597 295 721 355 242
1626 290 1887 344 Zaeher

595 468 946 546 simplicium
1011 485 1121 546 ιμο
1167 474 1226 528 et
1269 484 1350 527 ιο.
1437 468 1835 541 Quamobrem
1883 469 1957 528 ad
2005 470 2236 529 illorum
2285 488 2455 530 usum
2507 470 2843 547 intelligen-

596 570 735 631 dum
783 571 858 630 de
903 572 995 630 his
1039 572 1205 648 prius
1236 571 1645 648 quaerendum
1679 577 1785 631 est.
1860 574 2060 648 Atque
2090 572 2287 632 suffixi
2315 590 2402 651 μο
2435 578 2557 633 tres
2587 574 2841 631 maxime

603 680 746 734 sunt
806 673 1286 751 significationes.
1375 675 1635 733 Primum
1698 673 1774 732 ad
1835 675 2134 735 abstracta
2177 694 2210 734 e
2254 676 2455 735 verbis
2514 675 2845 735 derivanda

594 777 945 852 adhibetur,
1007 782 1072 836 ut
1116 764 1381 854 άρδμός,
1425 766 1698 854 κομμός,
1744 768 2005 856 σεισμός
2037 778 2132 853 al„
2175 778 2390 838 deinde
2436 779 2512 837 ad
2558 782 2841 837 concreta

597 880 893 958 verbalia,
951 882 1080 939 sive
1124 880 1320 937 activa
1367 879 1491 937 sive
1538 881 1783 956 passiva
1829 881 2093 957 notione,
2157 886 2222 939 ut
2264 866 2534 956 ἄνεμος,
2594 868 2838 956 βωμός,

594 972 851 1060 δεσμός,
899 971 1196 1060 ἐρετμόν,
1241 970 1511 1057 θεσμός,
1558 972 1795 1059 θυμός,
1841 968 2148 1060 ὄρχαμος,
2205 971 2575 1060 πλόκαμος,
2620 975 2841 1055 φαίδι-

591 1098 714 1162 μος
760 1087 837 1145 al.
909 1085 1024 1145 Sed
1056 1087 1232 1144 etiam
1266 1103 1298 1143 e
1345 1085 1686 1144 nominibus
1731 1104 2021 1162 persaepe
2070 1087 2181 1143 hoc
2226 1086 2441 1144 suffixo
2489 1085 2841 1144 derivantur

594 1189 856 1263 nomina,
924 1188 1005 1247 ita
1071 1191 1300 1264 tamen,
1373 1191 1439 1245 ut
1495 1205 1731 1265 semper
1792 1192 1931 1246 aute
1988 1178 2061 1263 μ’
2093 1188 2218 1246 sive
2280 1188 2502 1247 vocalis
2564 1188 2839 1246 thematis

592 1291 898 1368 prototypi
963 1290 1156 1349 finalis
1221 1293 1484 1348 mutetur
1547 1290 1607 1348 in
1669 1307 1720 1361 ι,
1789 1291 1915 1350 sive
1972 1307 1995 1346 ι
2056 1289 2363 1349 inferatur.
2470 1290 2838 1366 significatio

592 1394 768 1453 huius
813 1392 1012 1452 suffixi
1056 1410 1166 1469 ιμο
1213 1394 1456 1469 propria
1499 1411 1619 1452 non
1666 1398 1773 1468 est,
1819 1393 1923 1452 sed
1972 1394 2126 1452 idem
2174 1394 2298 1452 fere
2330 1378 2627 1469 siguificat
2655 1398 2837 1471 atque

590 1513 654 1555 ιο
715 1513 821 1554 ικο
887 1501 946 1555 et
1008 1496 1126 1554 alia
1187 1495 1491 1555 eiusmodi.
1594 1496 1787 1555 Huius
1856 1497 2092 1572 generis
2162 1500 2303 1555 suut
2362 1515 2417 1555 v.
2463 1514 2514 1554 e.
2580 1488 2839 1571 αἴσιμος

590 1586 872 1676 ἄλκιμος
917 1582 1151 1675 ἅλιμος
1196 1583 1483 1674 άνθιμος
1522 1587 1836 1675 δρόσιμος
1867 1587 2222 1677 ἐλλόγιμος
2253 1599 2360 1671 (=
2393 1591 2467 1655 ἐν
2501 1587 2680 1675 λόγῳ
2713 1583 2836 1663 ὧν)

589 1692 922 1780 κάρπιμος
968 1689 1242 1777 κύδιμος
1288 1688 1557 1777 λόγιμος
1605 1689 1915 1777 λόγχιμος
1958 1701 2034 1759 al.
2122 1700 2236 1761 Sed
2294 1706 2435 1759 suut
2479 1701 2655 1759 etiam
2702 1718 2835 1777 per-

591 1807 777 1866 multa
820 1807 880 1863 in
928 1820 1074 1881 ιμος
1120 1807 1179 1862 et
1223 1814 1411 1879 σιμος
1457 1820 1613 1878 quae
1660 1803 1887 1861 verbali
1952 1808 2198 1863 utantur
2258 1802 2719 1879 significatione,
2772 1808 2839 1861 ut

589 1897 942 1986 ἕμβόλιμος
987 1906 1142 1966 idem
1189 1906 1350 1982 quod
1399 1898 1779 1983 ἐμβληθεὶς,
1827 1894 2099 1985 γόνιμος
2130 1908 2400 1983 gignens,
2442 1896 2722 1983 μόνιμος
2753 1930 2835 1950 =

592 2001 906 2088 ἔμμονος,
978 1998 1321 2085 πόμπιμος
1365 2028 1446 2053 π
1491 2001 1782 2085 πέμπων
1847 2014 1907 2067 et
1970 1998 2423 2086 πεμπόμενος,
2497 2000 2837 2086 ἐρείψιμος

591 2113 908 2189 collapsus,
955 2100 1233 2188 λύσιμος
1276 2111 1518 2170 solvens
1564 2111 1639 2169 al.
1714 2110 1825 2169 His
1871 2110 2166 2169 accedunt
2208 2112 2326 2170 alia
2370 2111 2635 2170 verbalia
2680 2129 2836 2187 quae

591 2216 687 2275 vel
731 2215 927 2275 active
974 2215 1132 2291 quod
1182 2215 1318 2291 quis
1367 2214 1566 2273 facere
1613 2217 1811 2291 potest
1854 2214 1950 2272 vel
1996 2214 2233 2289 passive
2279 2213 2438 2289 quod
2478 2212 2603 2272 fieri
2636 2216 2837 2290 potest

589 2319 945 2395 exprimunt,
989 2317 1147 2393 quod
1183 2334 1292 2374 nos
1322 2316 1556 2391 syllaba
1586 2314 1742 2387 -ῠαν,
1789 2316 1987 2374 Latini
2023 2316 2258 2393 adjecto
2290 2317 2419 2374 -ilis
2448 2314 2611 2374 -bilis
2654 2315 2834 2376 deno·

590 2424 747 2499 tant,
792 2424 858 2479 ut
903 2406 1234 2497 ἀγώγιμος
1280 2418 1442 2496 quod
1487 2420 1583 2496 agi
1633 2418 1768 2478 duci
1816 2418 1941 2495 regi
1988 2422 2209 2496 potest,
2270 2419 2468 2497 agilis,
2513 2407 2836 2495 ἐδώδιμος

588 2523 664 2583 ad
710 2522 1007 2582 edendum
1053 2525 1260 2599 aptus,
1302 2510 1585 2599 μάχιμος
1628 2522 1730 2597 qui
1776 2538 2052 2598 pugnare
2098 2525 2319 2598 potest,
2362 2539 2631 2599 pugnax,
2673 2521 2835 2580 belli·

588 2643 763 2685 eosus
793 2625 871 2684 al.
944 2624 1061 2684 Sed
1107 2624 1350 2684 fallatur
1396 2623 1615 2699 siquis
1660 2627 1831 2702 putet
1872 2624 2023 2683 haee
2066 2625 2308 2683 nomina
2352 2644 2425 2685 ex
2456 2624 2604 2702 ipsis
2634 2624 2834 2683 verbis

587 2727 765 2787 ducta
820 2745 951 2788 esse
1009 2727 1245 2803 adjecto
1304 2727 1588 2804 primario
1644 2726 1749 2786 illo
1798 2725 2013 2785 suffixo
2056 2743 2142 2803 μο
2190 2726 2351 2804 quod
2398 2726 2832 2804 participialem

585 2828 764 2889 habet
808 2829 1317 2907 significationem.
1392 2830 1544 2888 Nam
1593 2828 1811 2889 radicis
1857 2828 2050 2887 forma
2079 2829 2303 2889 eumin
2335 2828 2574 2888 modum
2608 2833 2833 2888 mutata

583 2932 883 3008 quomodo
945 2932 1159 2992 mutari
1223 2930 1375 2990 solet
1424 2932 1482 2990 in
1545 2930 1880 2990 nominibus
1948 2931 2314 3008 simplicibus
2375 2930 2833 2991 denominativis

584 3035 719 3095 luce
765 3035 990 3095 clarius
1034 3033 1404 3094 demonstrat
1448 3017 1807 3111 ἀγώγιμος,
1853 3019 2185 3110 ἀοίδιμος,
2233 3021 2606 3111 ἐμβόλιμος,
2653 3022 2829 3110 γόνι-

580 3156 724 3218 μος,
756 3126 1099 3215 ἐδώδιμος,
1127 3126 1428 3215 μόνιμος,
1457 3124 1759 3214 μόριμος,
1788 3124 2086 3213 νόμιμος,
2117 3124 2460 3213 κούριμος,
2488 3123 2832 3211 πόμπιμος

584 3260 702 3302 ιιοιι
748 3242 867 3301 alia
911 3241 1142 3300 ratione
1189 3244 1329 3298 nata
1375 3257 1506 3299 esse
1551 3257 1729 3315 quam
1778 3239 2020 3298 nomina
2073 3239 2130 3297 iu
2189 3255 2335 3308 αιος
2380 3237 2605 3298 verbali
2626 3238 2829 3314 -signi-

583 3343 865 3404 ficatione
910 3344 1142 3402 utentia
1189 3342 1263 3401 de
1309 3342 1526 3417 quibus
1570 3341 1882 3418 superiore
1929 3341 2124 3417 eapite
2171 3342 2400 3418 egimus
2444 3359 2501 3417 p.
2539 3335 2657 3395 186
2681 3357 2834 3415 sqq„

582 3446 817 3504 scilicet
861 3446 965 3522 sic,
1025 3448 1090 3504 nt
1134 3443 1350 3503 suffixo
1397 3461 1506 3521 ιμο
1551 3442 1914 3520 amplificata
1958 3444 2076 3503 sint
2118 3442 2726 3521 simplieia'verbalia
2766 3443 2827 3500 in

583 3563 620 3605 ο
668 3546 1010 3606 desinentia
1055 3546 1147 3619 (ut
1191 3546 1310 3605 alia
1355 3564 1598 3622 quoque
1643 3545 1944 3623 adjectiva
1990 3564 2097 3622 per
2128 3563 2236 3623 ιμο
2269 3543 2633 3623 amplificata
2663 3551 2830 3604 sunt:

580 3637 788 3718 καλός
844 3637 1194 3726 κάλλιμος,
1258 3632 1505 3726 ἥσυχος
1565 3634 1930 3725 ἡσύχιμος),
1990 3666 2241 3724 quorum
2298 3666 2488 3725 parva
2534 3647 2825 3723 quaedam

584 3769 723 3828 pars
769 3769 980 3811 revera
1025 3750 1431 3827 usurpabatur
1475 3748 1567 3821 (ut
1612 3734 1899 3826 άγυογός,
1945 3734 2170 3819 άοιδός
2215 3749 2343 3828 aL),
2399 3750 2518 3808 aba
2562 3750 2623 3808 in
2670 3768 2829 3808 conr-

578 3854 788 3932 positis
848 3857 1072 3913 tantam
1135 3852 1452 3913 exstabant
1510 3849 1605 3924 (ut
1648 3850 1917 3924 -βολος,
1964 3868 2218 3930 -γονος,
2264 3868 2537 3930 -μουος,
2584 3866 2826 3928 -νομος

578 3953 902 4034 -ποινος),
973 3957 1096 4015 alia
1168 3954 1407 4015 omniuo
1483 3973 1603 4014 non
1673 3955 2120 4031 usurpabantur
2186 3955 2243 4014 in
2316 3952 2646 4031 loquend0‚
2719 3952 2823 4012 sed

577 4060 815 4119 illorum
883 4057 1299 4136 fingendorum
1381 4073 1564 4116 eausa
1624 4058 1804 4117 tacite
1865 4057 2286 4134 cogitabantur
2354 4056 2603 4129 (frustra
2667 4055 2821 4114 enim

576 4162 873 4240 primitiva
945 4159 1320 4237 quaesiveris
1386 4177 1600 4218 vocum
1670 4148 1967 4235 δόκιμος,
2041 4159 2202 4235 quod
2269 4177 2305 4217 a
2370 4151 2589 4217 δοκέω
2656 4176 2823 4234 repe·

575 4266 776 4342 titum,
847 4263 883 4324 i.
929 4283 986 4341 q.
1059 4254 1365 4336 ἔνδοξος,·
1437 4250 1787 4339 κούριμος,
1867 4261 2029 4338 quod
2102 4281 2139 4319 a
2212 4250 2430 4338 κουρά
2501 4260 2821 4336 repetitum
