3166 4871
490 272 583 347 „48

1571 447 1671 511 62.

622 610 635 619 .
670 551 964 648 Ὀρτυγίη
1009 585 1110 639 τις
1153 574 1367 627 κεῖται
1412 561 1486 627 ἐν
1528 553 1852 650 ἠεροειδέι
1896 560 2152 650 πόντῳ,

675 664 1024 749 Τρινακίης
1066 659 1514 750 καθύπερθεν
1560 656 1646 730 ἵν’
1693 656 1996 748 Ἀλφειοῦ
2039 662 2251 751 στόμα
2293 662 2538 749 βλύζει,

663 760 1069 850 μισγόμενον
1113 779 1359 855 πηγαῖς
1404 758 1742 855 εὗρρείτης
1790 761 2238 856 Ἀρεθούσης,

1566 993 1666 1057 63.

672 1101 770 1173 Οὔ
816 1126 886 1173 σε
929 1102 1138 1195 μάχης
1180 1104 1397 1193 μόνον
1443 1099 1574 1196 ἔργ’
1621 1109 1894 1191 ἐφέπειν
1935 1110 2078 1196 χερὶ
2131 1113 2380 1191 Φοῖβος
2424 1103 2691 1197 άνιόγει,

667 1201 815 1275 ἄλλ’
861 1202 1084 1294 άπάτῃ
1127 1213 1251 1295 μὲν
1296 1208 1423 1296 ἔχει
1470 1224 1667 1296 γαῖαν
1713 1213 2100 1298 Μεσσηνίδα
2148 1210 2328 1293 λαός,

664 1324 811 1389 ταῖς
857 1303 916 1378 δ’
963 1305 1195 1391 αὐταῖς
1240 1314 1575 1398 τέχναισιν
1622 1309 1952 1381 ἁλώσεται
1998 1308 2240 1401 αἷσπερ
2285 1310 2604 1403 ὑπῆρξεν.

1564 1540 1665 1604 64.

668 1651 891 1733 Κῦδός
935 1673 1041 1722 σοι
1083 1656 1405 1740 πολέμοιο
1455 1655 1633 1723 διδοῖ
1673 1652 1867 1734 θεός·
1918 1647 2060 1722 ἀλλ’
2105 1647 2418 1724 ἀπάταισι

663 1754 927 1843 φράζου
970 1750 1059 1844 μὴ
1102 1755 1423 1846 Σπάρτης
1467 1755 1696 1836 δόλιος
1742 1753 1937 1844 λόχος
1981 1756 2225 1845 ἐχθρὸς
2270 1752 2544 1843 ἀνέλθῃ.

661 1862 987 1946 κρείσσων
1032 1853 1113 1947 δὴ
1157 1858 1282 1947 γὰρ
1329 1851 1510 1948 Ἄρης
1555 1863 1801 1927 κείνων
1846 1856 2084 1948 εὐήρεα
2126 1864 2332 1949 τείχη,

661 1965 773 2029 καί
817 1954 880 2029 τ’
924 1955 1167 2049 ἐχυρὸν
1210 1961 1613 2049 στεφάνωμα
1654 1957 1940 2052 πικροὺς
1984 1961 2359 2051 οἰκήτορας.
2387 1961 2560 2048 ἕξει,

535 2072 572 2130 5
663 2070 805 2133 τῶν
849 2064 971 2134 δύο
1020 2069 1400 2152 συντυχίαις
1442 2072 1754 2153 κρυπτοῦ
1802 2064 2008 2153 λόχου
2053 2065 2544 2163 ἐξαναδύντων.

663 2293 770 2369 62)
816 2298 993 2356 Pane.
1022 2297 1076 2356 V
1109 2295 1166 2373 7,
1196 2294 1264 2357 3:
1308 2342 1321 2355 .
1371 2342 1383 2355 .
1441 2284 1479 2357 ὁ
1536 2287 1700 2369 θεὸς
1747 2283 2003 2376 Ἀρχίαν
2056 2287 2180 2357 τὸν
2233 2292 2611 2376 Κορίνθιον
2668 2291 2734 2369 ἐς

490 2389 617 2460 τὸν
676 2396 1146 2480 Συρακουσῶν
1205 2384 1652 2460 ἀποστέλλων
1707 2387 2016 2480 οἰκισμὸν
2068 2395 2178 2460 καὶ
2233 2390 2388 2460 τάδε
2447 2388 2590 2460 εἷπε
2649 2390 2734 2459 τὰ

492 2494 650 2583 ἔπη·
698 2488 993 2582 Ὀρτυγίη
1039 2520 1140 2573 τις
1183 2501 1326 2561 κτλ.

660 2626 715 2665 v.
747 2602 817 2666 3:
854 2599 1261 2684 μισγομένου
1293 2608 1446 2666 coni.
1477 2605 1740 2667 Siebelis.
1772 2601 1794 2684 ΙΙ
1854 2599 2191 2686 ἐυρρείτης
2221 2607 2385 2684 Sylb.
2416 2606 2733 2667 Bekkerus

489 2708 768 2771 Siebelis:
802 2693 1142 2788 εὖριπείης
1173 2708 1439 2769 defendit
1468 2708 1880 2770 Blomfieldius
1909 2709 1987 2769 ad
2020 2710 2233 2770 Aesch.
2265 2698 2474 2786 Aga1i1.
2511 2705 2646 2769 183.
2679 2705 2702 2788 ΙΙ

660 2831 698 2870 v
752 2810 818 2871 1:
863 2811 940 2871 cf.
984 2810 1095 2872 od.
1128 2812 1215 2871 111
1245 2808 1403 2871 292:

798 2904 935 2973 ἔστι
981 2908 1057 2973 δέ
1096 2932 1195 2985 τις
1241 2904 1433 2995 λισσὴ
1478 2905 1704 2974 αἰπεῖά
1748 2932 1817 2974 τε
1864 2908 1955 2986 εἰς
1999 2900 2128 2975 ἅλα
2168 2908 2382 2996 πέτρη

797 3009 1066 3094 ἐσχατιῇ
1108 3006 1450 3096 Γόρτυνος
1494 3010 1570 3076 ἐν
1613 3002 1924 3098 ἠεροειδέι
1972 3008 2224 3096 πόντῳ.

659 3139 715 3179 v.
746 3117 812 3180 2;
858 3104 1186 3200 Ὀρτυγίης
1230 3110 1671 3200 καθύπερθεν
1718 3119 1829 3181 od.
1859 3123 1965 3181 XV
2001 3119 2142 3181 404.
2175 3117 2198 3200 ΙΙ

662 3222 739 3283 cf.
783 3224 995 3301 Poppo
1040 3223 1115 3283 ad
1161 3224 1354 3284 Thuc.
1386 3225 1468 3283 VI
1501 3221 1558 3300 3,
1588 3220 1645 3282 2.

664 3321 771 3399 63)
818 3326 1121 3387 Diodorus
1150 3326 1292 3386 VIII
1328 3322 1421 3399 13,
1454 3322 1523 3384 2:
1581 3311 1689 3384 ὅτι
1745 3317 1812 3386 οἱ
1866 3314 2385 3405 Λακεδαιμόνιοι
2435 3343 2728 3386 καταπο-

489 3418 808 3507 νούμενοι
836 3415 971 3487 ὑπὸ
1002 3423 1401 3506 Μεσσηνίων
1432 3417 1738 3507 ἔπεμψαν
1768 3421 1861 3499 εἰς
1892 3418 2212 3503 Δελφοὺς·
2242 3416 2283 3507 ἡ
2318 3422 2390 3488 δὲ
2419 3420 2694 3509 ἔχρησεν
2714 3444 2727 3457 ·

493 3519 590 3591 Οὔ
635 3542 706 3590 σε
751 3529 891 3590 κτλ.

658 3634 813 3694 adde
858 3635 1037 3694 Paus,
1070 3633 1149 3693 IV
1189 3630 1282 3714 12,
1317 3632 1368 3693 1.
1459 3635 1598 3694 Eue.
1644 3653 1732 3711 pr.
1776 3653 1865 3695 ev.
1894 3637 1947 3694 V
1979 3631 2078 3694 27.

657 3756 713 3797 v.
760 3737 824 3796 1:
882 3724 1149 3815 ἄνωγεν
1208 3738 1384 3797 Pane.
1445 3738 1585 3797 Eue.
1618 3731 1639 3815 ΙΙ
1716 3734 1786 3797 3:
1843 3732 2105 3816 τέχναις
2157 3754 2256 3808 τις
2310 3738 2526 3798 Euseb.
2559 3731 2582 3814 ΙΙ
2663 3735 2728 3796 1:

488 3830 688 3919 ἔργον
731 3831 1002 3914 ἐφέπειν
1046 3837 1325 3900 od.X1v
1360 3835 1499 3899 195.
1532 3833 1553 3917 n

658 3939 767 4015 64)
812 3944 986 4003 Paua.
1019 3944 1101 4002 IV
1142 3938 1247 4019 12,
1288 3939 1360 4001 3.
1420 3926 1942 4021 Αριστόδημος.
1994 3987 2007 4001 .
2054 3935 2295 4020 πέμπει
2357 3935 2468 3999 καὶ
2526 3925 2730 4013 αυτὸς

489 4038 933 4156 ἐρησομένους
957 4031 1082 4104 τὸν
1105 4035 1306 4105 θεόν·
1336 4032 1378 4123 ἡ
1405 4039 1475 4103 δὲ
1500 4038 1728 4104 Πυθία
1753 4039 1980 4120 σφίσιι
2012 4035 2313 4124 ἔχρησεν·
2345 4037 2565 4114 Κῦδος
2583 4035 2728 4104 ’κτλ.

656 4168 715 4208 v.
745 4144 815 4208 3.
861 4139 918 4206 εἰ
961 4167 1069 4225 pro
1119 4135 1199 4226 δή
1245 4147 1415 4217 codd.
1470 4127 1513 4228 ἦ
1563 4138 1687 4227 γὰρ
1749 4147 2048 4210 Camerar.
2107 4148 2170 4209 C.
2228 4146 2433 4209 Odofr.
2493 4147 2729 4225 Muller,

487 4236 572 4330 δὴ
617 4240 744 4329 γὰρ
789 4249 1149 4311 Lobeekius.
1183 4245 1205 4328 ΙΙ
1297 4247 1361 4308 4:
1408 4244 1520 4308 καὶ
1562 4247 1791 4328 χοριῦι
1835 4251 1930 4310 vel
1970 4245 2199 4330 χορῶν
2243 4251 2417 4311 codd.
2473 4251 2570 4310 vel
2614 4246 2728 4310 καί
