<?xml version="1.0" encoding="UTF-8"?>
<!DOCTYPE html PUBLIC "-//W3C//DTD XHTML 1.0 Transitional//EN"
    "http://www.w3.org/TR/xhtml1/DTD/xhtml1-transitional.dtd">
<html xmlns="http://www.w3.org/1999/xhtml" xml:lang="en" lang="en">
 <head>
  <title>
</title>
<meta http-equiv="Content-Type" content="text/html;charset=utf-8" />
  <meta name='ocr-system' content='tesseract 3.04.00' />
  <meta name='ocr-capabilities' content='ocr_page ocr_carea ocr_par ocr_line ocrx_word'/>
</head>
<body>
  <div class='ocr_page' id='page_1' title='image "./dissertationesp00hallgoog_0548.png"; bbox 0 0 3166 4871; ppageno 0'>
   <div class='ocr_carea' id='block_1_1' title="bbox 527 264 647 326">
    <p class='ocr_par' dir='ltr' id='par_1_1' title="bbox 527 264 647 326">
     <span class='ocr_line' id='line_1_1' title="bbox 527 264 647 326; baseline 0 0"><span class='ocrx_word' id='word_1_1' title='bbox 527 264 647 326; x_wconf 83' lang='lat'><strong>190</strong></span> 
     </span>
    </p>
   </div>
   <div class='ocr_carea' id='block_1_2' title="bbox 524 439 2798 4329">
    <p class='ocr_par' dir='ltr' id='par_1_2' title="bbox 524 439 2760 619">
     <span class='ocr_line' id='line_1_2' title="bbox 524 439 2760 516; baseline 0.004 -19"><span class='ocrx_word' id='word_1_2' title='bbox 524 439 798 516; x_wconf 85' lang='lat' dir='ltr'><strong>quidem,</strong></span> <span class='ocrx_word' id='word_1_3' title='bbox 865 447 932 499; x_wconf 86' lang='lat' dir='ltr'><strong>ut</strong></span> <span class='ocrx_word' id='word_1_4' title='bbox 1005 443 1464 505; x_wconf 83' lang='lat' dir='ltr'><strong>clarissimorum</strong></span> <span class='ocrx_word' id='word_1_5' title='bbox 1530 451 1591 505; x_wconf 87' lang='lat' dir='ltr'><strong>et</strong></span> <span class='ocrx_word' id='word_1_6' title='bbox 1636 452 1938 507; x_wconf 88' lang='lat' dir='ltr'><strong>oratorum</strong></span> <span class='ocrx_word' id='word_1_7' title='bbox 2006 455 2067 507; x_wconf 88' lang='lat' dir='ltr'><strong>ct</strong></span> <span class='ocrx_word' id='word_1_8' title='bbox 2124 447 2472 507; x_wconf 73' lang='lat' dir='ltr'><strong>histrionum</strong></span> <span class='ocrx_word' id='word_1_9' title='bbox 2522 446 2760 505; x_wconf 91' lang='lat' dir='ltr'><strong>nomina</strong></span> 
     </span>
     <span class='ocr_line' id='line_1_3' title="bbox 524 542 1103 619; baseline 0.01 -21"><span class='ocrx_word' id='word_1_10' title='bbox 524 559 595 599; x_wconf 87' lang='lat' dir='ltr'><strong>ea</strong></span> <span class='ocrx_word' id='word_1_11' title='bbox 640 542 1103 619; x_wconf 79' lang='lat' dir='ltr'><strong>implicarentur.</strong></span> 
     </span>
    </p>

    <p class='ocr_par' dir='ltr' id='par_1_3' title="bbox 525 644 2769 1545">
     <span class='ocr_line' id='line_1_4' title="bbox 698 644 2760 730; baseline 0.003 -28"><span class='ocrx_word' id='word_1_12' title='bbox 698 644 908 706; x_wconf 87' lang='lat' dir='ltr'><strong>Altero</strong></span> <span class='ocrx_word' id='word_1_13' title='bbox 956 646 1087 707; x_wconf 91' lang='lat' dir='ltr'><strong>loco</strong></span> <span class='ocrx_word' id='word_1_14' title='bbox 1134 646 1336 722; x_wconf 87' lang='lat' dir='ltr'><strong>(anon.</strong></span> <span class='ocrx_word' id='word_1_15' title='bbox 1366 651 1540 727; x_wconf 88' lang='lat' dir='ltr'><strong>proll.</strong></span> <span class='ocrx_word' id='word_1_16' title='bbox 1570 653 1720 712; x_wconf 89' lang='lat' dir='ltr'><strong>rhet.</strong></span> <span class='ocrx_word' id='word_1_17' title='bbox 1755 657 1809 729; x_wconf 90' lang='lat'><strong>6,</strong></span> <span class='ocrx_word' id='word_1_18' title='bbox 1856 674 1908 730; x_wconf 88' lang='lat' dir='ltr'><strong>p.</strong></span> <span class='ocrx_word' id='word_1_19' title='bbox 1943 654 2047 721; x_wconf 83' lang='lat'><strong>35)</strong></span> <span class='ocrx_word' id='word_1_20' title='bbox 2093 652 2279 712; x_wconf 91' lang='lat' dir='ltr'><strong>Polus</strong></span> <span class='ocrx_word' id='word_1_21' title='bbox 2308 651 2517 711; x_wconf 90' lang='lat' dir='ltr'><strong>histrio</strong></span> <span class='ocrx_word' id='word_1_22' title='bbox 2551 652 2760 710; x_wconf 89' lang='lat' dir='ltr'><strong>Demo·</strong></span> 
     </span>
     <span class='ocr_line' id='line_1_5' title="bbox 525 746 2762 832; baseline 0.004 -29"><span class='ocrx_word' id='word_1_23' title='bbox 525 746 788 805; x_wconf 74' lang='lat' dir='ltr'><strong>sthcnom</strong></span> <span class='ocrx_word' id='word_1_24' title='bbox 850 750 1140 810; x_wconf 82' lang='lat' dir='ltr'><strong>actionem</strong></span> <span class='ocrx_word' id='word_1_25' title='bbox 1189 751 1469 813; x_wconf 74' lang='lat' dir='ltr'><strong>docuisse</strong></span> <span class='ocrx_word' id='word_1_26' title='bbox 1514 753 1797 831; x_wconf 82' lang='lat' dir='ltr'><strong>traditur;</strong></span> <span class='ocrx_word' id='word_1_27' title='bbox 1867 754 2206 832; x_wconf 88' lang='lat' dir='ltr'><strong>disputatur</strong></span> <span class='ocrx_word' id='word_1_28' title='bbox 2248 754 2283 812; x_wconf 91' lang='lat' dir='ltr'><strong>l.</strong></span> <span class='ocrx_word' id='word_1_29' title='bbox 2328 754 2365 812; x_wconf 82' lang='lat' dir='ltr'><strong>l.</strong></span> <span class='ocrx_word' id='word_1_30' title='bbox 2410 753 2485 812; x_wconf 91' lang='lat' dir='ltr'><strong>de</strong></span> <span class='ocrx_word' id='word_1_31' title='bbox 2531 754 2762 813; x_wconf 88' lang='lat' dir='ltr'><strong>actione</strong></span> 
     </span>
     <span class='ocr_line' id='line_1_6' title="bbox 525 839 2764 935; baseline 0.004 -31"><span class='ocrx_word' id='word_1_32' title='bbox 525 847 581 905; x_wconf 84' lang='lat' dir='ltr'><strong>iu</strong></span> <span class='ocrx_word' id='word_1_33' title='bbox 631 847 987 910; x_wconf 81' lang='lat' dir='ltr'><strong>rhetoricam</strong></span> <span class='ocrx_word' id='word_1_34' title='bbox 1052 853 1311 931; x_wconf 83' lang='lat' dir='ltr'><strong>inducta,</strong></span> <span class='ocrx_word' id='word_1_35' title='bbox 1372 856 1544 933; x_wconf 89' lang='lat' dir='ltr'><strong>cujus</strong></span> <span class='ocrx_word' id='word_1_36' title='bbox 1611 853 1929 934; x_wconf 79' lang='grc' dir='ltr'><strong><em>,,πρῶ’τον</em></strong></span> <span class='ocrx_word' id='word_1_37' title='bbox 1986 850 2293 935; x_wconf 79' lang='grc' dir='ltr'><strong><em>λέγουσιν</em></strong></span> <span class='ocrx_word' id='word_1_38' title='bbox 2333 839 2764 934; x_wconf 64' lang='grc' dir='ltr'><strong><em>Ἀνδρόνικον</em></strong></span> 
     </span>
     <span class='ocr_line' id='line_1_7' title="bbox 527 942 2766 1039; baseline 0.003 -32"><span class='ocrx_word' id='word_1_39' title='bbox 527 942 876 1031; x_wconf 63' lang='grc' dir='ltr'><strong><em>εἰσηγητὴν</em></strong></span> <span class='ocrx_word' id='word_1_40' title='bbox 920 948 1230 1031; x_wconf 78' lang='grc' dir='ltr'><strong><em>γενέσθαι</em></strong></span> <span class='ocrx_word' id='word_1_41' title='bbox 1289 947 1415 1016; x_wconf 80' lang='grc' dir='ltr'><strong>τὸν</strong></span> <span class='ocrx_word' id='word_1_42' title='bbox 1459 945 1854 1038; x_wconf 73' lang='grc' dir='ltr'><strong><em>ὑποκριτὴν,</em></strong></span> <span class='ocrx_word' id='word_1_43' title='bbox 1912 955 2039 1019; x_wconf 84' lang='grc' dir='ltr'><strong>τοῦ</strong></span> <span class='ocrx_word' id='word_1_44' title='bbox 2084 952 2560 1039; x_wconf 78' lang='grc' dir='ltr'><strong><em>Δημοσθένους</em></strong></span> <span class='ocrx_word' id='word_1_45' title='bbox 2609 951 2766 1032; x_wconf 82' lang='grc' dir='ltr'><strong><em>,περὶ</em></strong></span> 
     </span>
     <span class='ocr_line' id='line_1_8' title="bbox 525 1042 2765 1140; baseline 0.004 -31"><span class='ocrx_word' id='word_1_46' title='bbox 525 1042 649 1131; x_wconf 84' lang='grc' dir='ltr'><strong>τὴν</strong></span> <span class='ocrx_word' id='word_1_47' title='bbox 694 1048 835 1112; x_wconf 78' lang='grc' dir='ltr'><strong>τῶν</strong></span> <span class='ocrx_word' id='word_1_48' title='bbox 879 1045 1106 1135; x_wconf 85' lang='grc' dir='ltr'><strong><em>λόγων</em></strong></span> <span class='ocrx_word' id='word_1_49' title='bbox 1151 1049 1473 1136; x_wconf 74' lang='grc' dir='ltr'><strong><em>ἐπίδειξιν</em></strong></span> <span class='ocrx_word' id='word_1_50' title='bbox 1503 1044 2120 1140; x_wconf 70' lang='grc' dir='ltr'><strong><em>ἀποτυγχάνοντος,</em></strong></span> <span class='ocrx_word' id='word_1_51' title='bbox 2165 1055 2278 1120; x_wconf 84' lang='grc' dir='ltr'><strong>καὶ</strong></span> <span class='ocrx_word' id='word_1_52' title='bbox 2322 1045 2427 1120; x_wconf 78' lang='grc' dir='ltr'><strong>ὅτι</strong></span> <span class='ocrx_word' id='word_1_53' title='bbox 2455 1052 2765 1139; x_wconf 78' lang='grc' dir='ltr'><strong><em>μέγιστον</em></strong></span> 
     </span>
     <span class='ocr_line' id='line_1_9' title="bbox 528 1141 2763 1243; baseline 0.004 -31"><span class='ocrx_word' id='word_1_54' title='bbox 528 1144 607 1212; x_wconf 82' lang='grc' dir='ltr'><strong>τὸ</strong></span> <span class='ocrx_word' id='word_1_55' title='bbox 653 1141 1144 1236; x_wconf 63' lang='grc' dir='ltr'><strong><em>ὑποκρίνεσθαι</em></strong></span> <span class='ocrx_word' id='word_1_56' title='bbox 1189 1156 1301 1220; x_wconf 82' lang='grc' dir='ltr'><strong>καὶ</strong></span> <span class='ocrx_word' id='word_1_57' title='bbox 1347 1149 1710 1243; x_wconf 81' lang='grc' dir='ltr'><strong><em>ῥητορικὸν</em></strong></span> <span class='ocrx_word' id='word_1_58' title='bbox 1765 1150 2039 1240; x_wconf 78' lang='grc' dir='ltr'><strong><em>ὄφελος,</em></strong></span> <span class='ocrx_word' id='word_1_59' title='bbox 2095 1153 2348 1243; x_wconf 80' lang='grc' dir='ltr'><strong><em>μάρτυς</em></strong></span> <span class='ocrx_word' id='word_1_60' title='bbox 2389 1147 2597 1233; x_wconf 66' lang='grc' dir='ltr'><strong><em>αίτός</em></strong></span> <span class='ocrx_word' id='word_1_61' title='bbox 2642 1157 2763 1242; x_wconf 88' lang='grc' dir='ltr'><strong>Δη-</strong></span> 
     </span>
     <span class='ocr_line' id='line_1_10' title="bbox 528 1248 2768 1347; baseline 0.003 -32"><span class='ocrx_word' id='word_1_62' title='bbox 528 1251 879 1339; x_wconf 76' lang='grc' dir='ltr'><strong><em>μοσθένης.</em></strong></span> <span class='ocrx_word' id='word_1_63' title='bbox 1009 1248 1400 1344; x_wconf 75' lang='grc' dir='ltr'><strong><em>Ἐρωτηθεὶς</em></strong></span> <span class='ocrx_word' id='word_1_64' title='bbox 1463 1263 1631 1344; x_wconf 83' lang='grc' dir='ltr'><strong><em>γοῦν</em></strong></span> <span class='ocrx_word' id='word_1_65' title='bbox 1700 1283 1903 1339; x_wconf 81' lang='grc' dir='ltr'><strong><em>ποτε,</em></strong></span> <span class='ocrx_word' id='word_1_66' title='bbox 1981 1261 2048 1325; x_wconf 83' lang='grc' dir='ltr'><em>τί</em></span> <span class='ocrx_word' id='word_1_67' title='bbox 2112 1252 2197 1325; x_wconf 74' lang='grc' dir='ltr'><strong>ἂν</strong></span> <span class='ocrx_word' id='word_1_68' title='bbox 2263 1258 2363 1347; x_wconf 76' lang='grc' dir='ltr'><strong>εἴη</strong></span> <span class='ocrx_word' id='word_1_69' title='bbox 2429 1252 2768 1346; x_wconf 75' lang='grc' dir='ltr'><strong><em>ῥητορικὴ,</em></strong></span> 
     </span>
     <span class='ocr_line' id='line_1_11' title="bbox 529 1347 2769 1448; baseline 0.002 -28"><span class='ocrx_word' id='word_1_70' title='bbox 529 1347 899 1440; x_wconf 71' lang='grc' dir='ltr'><strong><em>ὑπόκρισις,</em></strong></span> <span class='ocrx_word' id='word_1_71' title='bbox 946 1353 1092 1444; x_wconf 79' lang='grc' dir='ltr'><strong>ἔφη,</strong></span> <span class='ocrx_word' id='word_1_72' title='bbox 1145 1350 1233 1445; x_wconf 79' lang='grc' dir='ltr'><strong>ἣν</strong></span> <span class='ocrx_word' id='word_1_73' title='bbox 1279 1357 1359 1447; x_wconf 80' lang='grc' dir='ltr'><strong>δὴ</strong></span> <span class='ocrx_word' id='word_1_74' title='bbox 1405 1363 1511 1427; x_wconf 81' lang='grc' dir='ltr'><strong>καὶ</strong></span> <span class='ocrx_word' id='word_1_75' title='bbox 1560 1359 1977 1448; x_wconf 65' lang='grc' dir='ltr'><strong><em>τελεώτερον</em></strong></span> <span class='ocrx_word' id='word_1_76' title='bbox 2021 1363 2262 1439; x_wconf 77' lang='grc' dir='ltr'><strong><em>Πῶλος</em></strong></span> <span class='ocrx_word' id='word_1_77' title='bbox 2307 1355 2345 1428; x_wconf 86' lang='grc' dir='ltr'>ὁ</span> <span class='ocrx_word' id='word_1_78' title='bbox 2398 1354 2769 1448; x_wconf 75' lang='grc' dir='ltr'><strong><em>ὑποκριτὴς</em></strong></span> 
     </span>
     <span class='ocr_line' id='line_1_12' title="bbox 531 1450 1482 1545; baseline 0.006 -22"><span class='ocrx_word' id='word_1_79' title='bbox 531 1459 788 1543; x_wconf 76' lang='grc' dir='ltr'><strong><em>λέγεται</em></strong></span> <span class='ocrx_word' id='word_1_80' title='bbox 832 1450 1041 1525; x_wconf 78' lang='grc' dir='ltr'><strong><em>αὐτὸν</em></strong></span> <span class='ocrx_word' id='word_1_81' title='bbox 1083 1459 1482 1545; x_wconf 73' lang='grc' dir='ltr'><strong>ἐκόιδάξαι.“</strong></span> 
     </span>
    </p>

    <p class='ocr_par' dir='ltr' id='par_1_4' title="bbox 534 1568 2778 3195">
     <span class='ocr_line' id='line_1_13' title="bbox 704 1568 2770 1651; baseline 0.001 -23"><span class='ocrx_word' id='word_1_82' title='bbox 704 1568 858 1629; x_wconf 86' lang='lat' dir='ltr'><strong>Satis</strong></span> <span class='ocrx_word' id='word_1_83' title='bbox 918 1574 1119 1631; x_wconf 91' lang='lat' dir='ltr'><strong>notum</strong></span> <span class='ocrx_word' id='word_1_84' title='bbox 1168 1577 1283 1644; x_wconf 86' lang='lat' dir='ltr'><strong>est,</strong></span> <span class='ocrx_word' id='word_1_85' title='bbox 1343 1579 1571 1651; x_wconf 89' lang='lat' dir='ltr'><strong>quanta</strong></span> <span class='ocrx_word' id='word_1_86' title='bbox 1630 1574 1974 1635; x_wconf 80' lang='lat' dir='ltr'><strong>assiduitate</strong></span> <span class='ocrx_word' id='word_1_87' title='bbox 2032 1592 2175 1635; x_wconf 91' lang='lat' dir='ltr'><strong>usus</strong></span> <span class='ocrx_word' id='word_1_88' title='bbox 2220 1574 2654 1633; x_wconf 79' lang='lat' dir='ltr'><strong>Demosthenes</strong></span> <span class='ocrx_word' id='word_1_89' title='bbox 2709 1575 2770 1631; x_wconf 91' lang='lat' dir='ltr'><strong>et</strong></span> 
     </span>
     <span class='ocr_line' id='line_1_14' title="bbox 535 1672 2769 1754; baseline 0 -23"><span class='ocrx_word' id='word_1_90' title='bbox 535 1672 775 1749; x_wconf 88' lang='lat' dir='ltr'><strong>quantis</strong></span> <span class='ocrx_word' id='word_1_91' title='bbox 820 1677 1069 1733; x_wconf 86' lang='lat' dir='ltr'><strong>naturae</strong></span> <span class='ocrx_word' id='word_1_92' title='bbox 1134 1674 1568 1753; x_wconf 85' lang='lat' dir='ltr'><strong>impedimentis</strong></span> <span class='ocrx_word' id='word_1_93' title='bbox 1614 1677 1910 1754; x_wconf 82' lang='lat' dir='ltr'><strong>superatis</strong></span> <span class='ocrx_word' id='word_1_94' title='bbox 1955 1695 2238 1737; x_wconf 89' lang='lat' dir='ltr'><strong>summam</strong></span> <span class='ocrx_word' id='word_1_95' title='bbox 2272 1674 2535 1754; x_wconf 33' lang='lat' dir='ltr'><strong>,dicendi</strong></span> <span class='ocrx_word' id='word_1_96' title='bbox 2581 1677 2769 1733; x_wconf 87' lang='lat' dir='ltr'><strong>artem</strong></span> 
     </span>
     <span class='ocr_line' id='line_1_15' title="bbox 535 1775 2768 1855; baseline 0 -21"><span class='ocrx_word' id='word_1_97' title='bbox 535 1775 1004 1853; x_wconf 82' lang='lat' dir='ltr'><strong>expugnaverit3</strong></span> <span class='ocrx_word' id='word_1_98' title='bbox 1049 1795 1302 1855; x_wconf 87' lang='lat' dir='ltr'><strong>magnus</strong></span> <span class='ocrx_word' id='word_1_99' title='bbox 1348 1783 1543 1839; x_wconf 83' lang='lat' dir='ltr'><strong>exstat</strong></span> <span class='ocrx_word' id='word_1_100' title='bbox 1588 1797 1869 1840; x_wconf 84' lang='lat' dir='ltr'><strong>numerus</strong></span> <span class='ocrx_word' id='word_1_101' title='bbox 1900 1778 2247 1839; x_wconf 84' lang='lat' dir='ltr'><strong>fabellarum</strong></span> <span class='ocrx_word' id='word_1_102' title='bbox 2274 1778 2369 1837; x_wconf 67' lang='lat' dir='ltr'><strong>sad</strong></span> <span class='ocrx_word' id='word_1_103' title='bbox 2410 1775 2768 1837; x_wconf 78' lang='lat' dir='ltr'><strong>indefessam</strong></span> 
     </span>
     <span class='ocr_line' id='line_1_16' title="bbox 539 1878 2769 1960; baseline 0 -23"><span class='ocrx_word' id='word_1_104' title='bbox 539 1878 954 1940; x_wconf 86' lang='lat' dir='ltr'><strong>Demosthenis</strong></span> <span class='ocrx_word' id='word_1_105' title='bbox 1014 1879 1379 1958; x_wconf 77' lang='lat' dir='ltr'><strong>diligentiam</strong></span> <span class='ocrx_word' id='word_1_106' title='bbox 1443 1880 1858 1942; x_wconf 85' lang='lat' dir='ltr'><strong>illustrandam</strong></span> <span class='ocrx_word' id='word_1_107' title='bbox 1917 1880 2422 1960; x_wconf 79' lang='lat' dir='ltr'><strong>excogitatarum3</strong></span> <span class='ocrx_word' id='word_1_108' title='bbox 2477 1878 2769 1957; x_wconf 90' lang='lat' dir='ltr'><strong>quidquid</strong></span> 
     </span>
     <span class='ocr_line' id='line_1_17' title="bbox 535 1982 2774 2046; baseline 0 -6"><span class='ocrx_word' id='word_1_109' title='bbox 535 1986 730 2041; x_wconf 90' lang='lat' dir='ltr'><strong>autem</strong></span> <span class='ocrx_word' id='word_1_110' title='bbox 778 1982 851 2042; x_wconf 91' lang='lat' dir='ltr'><strong>de</strong></span> <span class='ocrx_word' id='word_1_111' title='bbox 896 1983 1151 2043; x_wconf 83' lang='lat' dir='ltr'><strong>assiduis</strong></span> <span class='ocrx_word' id='word_1_112' title='bbox 1183 1985 1606 2046; x_wconf 88' lang='lat' dir='ltr'><strong>Demosthenis</strong></span> <span class='ocrx_word' id='word_1_113' title='bbox 1651 1986 1710 2044; x_wconf 91' lang='lat' dir='ltr'><strong>in</strong></span> <span class='ocrx_word' id='word_1_114' title='bbox 1759 1983 2014 2045; x_wconf 88' lang='lat' dir='ltr'><strong>dicendo</strong></span> <span class='ocrx_word' id='word_1_115' title='bbox 2060 1983 2273 2044; x_wconf 90' lang='lat' dir='ltr'><strong>studiis</strong></span> <span class='ocrx_word' id='word_1_116' title='bbox 2317 1982 2636 2043; x_wconf 87' lang='lat' dir='ltr'><strong>memoriae</strong></span> <span class='ocrx_word' id='word_1_117' title='bbox 2682 1987 2774 2041; x_wconf 85' lang='lat' dir='ltr'><strong>est</strong></span> 
     </span>
     <span class='ocr_line' id='line_1_18' title="bbox 534 2083 2774 2164; baseline 0 -22"><span class='ocrx_word' id='word_1_118' title='bbox 534 2083 816 2144; x_wconf 84' lang='lat' dir='ltr'><strong>traditum</strong></span> <span class='ocrx_word' id='word_1_119' title='bbox 865 2085 922 2145; x_wconf 92' lang='lat' dir='ltr'><strong>id</strong></span> <span class='ocrx_word' id='word_1_120' title='bbox 970 2086 1209 2164; x_wconf 89' lang='lat' dir='ltr'><strong>quidem</strong></span> <span class='ocrx_word' id='word_1_121' title='bbox 1253 2087 1578 2159; x_wconf 84' lang='lat' dir='ltr'><strong>confirmat,</strong></span> <span class='ocrx_word' id='word_1_122' title='bbox 1627 2093 1923 2150; x_wconf 84' lang='lat' dir='ltr'><strong>oratorem</strong></span> <span class='ocrx_word' id='word_1_123' title='bbox 1971 2086 2113 2148; x_wconf 92' lang='lat' dir='ltr'><strong>nulli</strong></span> <span class='ocrx_word' id='word_1_124' title='bbox 2150 2085 2414 2147; x_wconf 85' lang='lat' dir='ltr'><strong>defuisse</strong></span> <span class='ocrx_word' id='word_1_125' title='bbox 2462 2084 2774 2162; x_wconf 84' lang='lat' dir='ltr'><strong>occasioni,</strong></span> 
     </span>
     <span class='ocr_line' id='line_1_19' title="bbox 536 2187 2775 2269; baseline 0 -23"><span class='ocrx_word' id='word_1_126' title='bbox 536 2206 607 2246; x_wconf 84' lang='lat' dir='ltr'><strong>ex</strong></span> <span class='ocrx_word' id='word_1_127' title='bbox 656 2207 776 2264; x_wconf 92' lang='lat' dir='ltr'><strong>qua</strong></span> <span class='ocrx_word' id='word_1_128' title='bbox 806 2187 882 2248; x_wconf 91' lang='lat' dir='ltr'><strong>ad</strong></span> <span class='ocrx_word' id='word_1_129' title='bbox 915 2188 1149 2251; x_wconf 90' lang='lat' dir='ltr'><strong>dicendi</strong></span> <span class='ocrx_word' id='word_1_130' title='bbox 1182 2195 1366 2252; x_wconf 81' lang='lat' dir='ltr'><strong>artem</strong></span> <span class='ocrx_word' id='word_1_131' title='bbox 1415 2191 1753 2269; x_wconf 86' lang='lat' dir='ltr'><strong>augendam</strong></span> <span class='ocrx_word' id='word_1_132' title='bbox 1792 2190 2052 2251; x_wconf 84' lang='lat' dir='ltr'><strong>fructum</strong></span> <span class='ocrx_word' id='word_1_133' title='bbox 2101 2207 2314 2267; x_wconf 85' lang='lat' dir='ltr'><strong>capere</strong></span> <span class='ocrx_word' id='word_1_134' title='bbox 2344 2191 2548 2267; x_wconf 87' lang='lat' dir='ltr'><strong>posset</strong></span> <span class='ocrx_word' id='word_1_135' title='bbox 2577 2206 2775 2264; x_wconf 88' lang='lat' dir='ltr'><strong>neque</strong></span> 
     </span>
     <span class='ocr_line' id='line_1_20' title="bbox 535 2288 2773 2371; baseline 0 -24"><span class='ocrx_word' id='word_1_136' title='bbox 535 2288 741 2350; x_wconf 87' lang='lat' dir='ltr'><strong>dubito</strong></span> <span class='ocrx_word' id='word_1_137' title='bbox 786 2309 896 2367; x_wconf 90' lang='lat' dir='ltr'><strong>pro</strong></span> <span class='ocrx_word' id='word_1_138' title='bbox 942 2296 1104 2352; x_wconf 86' lang='lat' dir='ltr'><strong>certo</strong></span> <span class='ocrx_word' id='word_1_139' title='bbox 1138 2311 1391 2365; x_wconf 79' lang='lat' dir='ltr'><strong>sumere,</strong></span> <span class='ocrx_word' id='word_1_140' title='bbox 1436 2292 1602 2371; x_wconf 89' lang='lat' dir='ltr'><strong>quod</strong></span> <span class='ocrx_word' id='word_1_141' title='bbox 1648 2295 1784 2370; x_wconf 89' lang='lat' dir='ltr'><strong>plus</strong></span> <span class='ocrx_word' id='word_1_142' title='bbox 1815 2295 1998 2353; x_wconf 90' lang='lat' dir='ltr'><strong>semel</strong></span> <span class='ocrx_word' id='word_1_143' title='bbox 2042 2312 2079 2353; x_wconf 84' lang='lat' dir='ltr'><strong>a</strong></span> <span class='ocrx_word' id='word_1_144' title='bbox 2125 2289 2523 2369; x_wconf 85' lang='lat' dir='ltr'><strong>scriptoribus</strong></span> <span class='ocrx_word' id='word_1_145' title='bbox 2560 2308 2773 2349; x_wconf 91' lang='lat' dir='ltr'><strong>memo·</strong></span> 
     </span>
     <span class='ocr_line' id='line_1_21' title="bbox 534 2392 2774 2470; baseline 0 -18"><span class='ocrx_word' id='word_1_146' title='bbox 534 2397 718 2470; x_wconf 90' lang='lat' dir='ltr'><strong>ratur,</strong></span> <span class='ocrx_word' id='word_1_147' title='bbox 765 2394 1222 2457; x_wconf 88' lang='lat' dir='ltr'><strong>Demosthenem</strong></span> <span class='ocrx_word' id='word_1_148' title='bbox 1284 2395 1608 2457; x_wconf 89' lang='lat' dir='ltr'><strong>histriones</strong></span> <span class='ocrx_word' id='word_1_149' title='bbox 1654 2394 1880 2457; x_wconf 89' lang='lat' dir='ltr'><strong>nobiles</strong></span> <span class='ocrx_word' id='word_1_150' title='bbox 1933 2395 2145 2458; x_wconf 83' lang='lat' dir='ltr'><strong>adiisse</strong></span> <span class='ocrx_word' id='word_1_151' title='bbox 2206 2399 2266 2456; x_wconf 88' lang='lat' dir='ltr'><strong>et</strong></span> <span class='ocrx_word' id='word_1_152' title='bbox 2309 2395 2542 2455; x_wconf 88' lang='lat' dir='ltr'><strong>actione</strong></span> <span class='ocrx_word' id='word_1_153' title='bbox 2585 2392 2658 2453; x_wconf 88' lang='lat' dir='ltr'><strong>ab</strong></span> <span class='ocrx_word' id='word_1_154' title='bbox 2704 2392 2774 2453; x_wconf 87' lang='lat' dir='ltr'><strong>iis</strong></span> 
     </span>
     <span class='ocr_line' id='line_1_22' title="bbox 536 2495 2774 2576; baseline 0.002 -23"><span class='ocrx_word' id='word_1_155' title='bbox 536 2495 833 2555; x_wconf 85' lang='lat' dir='ltr'><strong>eruditum</strong></span> <span class='ocrx_word' id='word_1_156' title='bbox 912 2515 1061 2558; x_wconf 89' lang='lat' dir='ltr'><strong>csse.</strong></span> <span class='ocrx_word' id='word_1_157' title='bbox 1184 2498 1371 2576; x_wconf 87' lang='lat' dir='ltr'><strong>Cujus</strong></span> <span class='ocrx_word' id='word_1_158' title='bbox 1433 2500 1801 2576; x_wconf 86' lang='lat' dir='ltr'><strong>potissimum</strong></span> <span class='ocrx_word' id='word_1_159' title='bbox 1866 2499 2169 2559; x_wconf 90' lang='lat' dir='ltr'><strong>histrionis</strong></span> <span class='ocrx_word' id='word_1_160' title='bbox 2231 2497 2504 2558; x_wconf 88' lang='lat' dir='ltr'><strong>doctrina</strong></span> <span class='ocrx_word' id='word_1_161' title='bbox 2561 2497 2774 2557; x_wconf 88' lang='lat' dir='ltr'><strong>Demo·</strong></span> 
     </span>
     <span class='ocr_line' id='line_1_23' title="bbox 536 2596 2778 2680; baseline 0.001 -25"><span class='ocrx_word' id='word_1_162' title='bbox 536 2596 780 2661; x_wconf 85' lang='lat' dir='ltr'><strong>sthenes</strong></span> <span class='ocrx_word' id='word_1_163' title='bbox 810 2600 887 2658; x_wconf 90' lang='lat' dir='ltr'><strong>sit</strong></span> <span class='ocrx_word' id='word_1_164' title='bbox 918 2617 1076 2665; x_wconf 76' lang='lat' dir='ltr'><strong>usus,</strong></span> <span class='ocrx_word' id='word_1_165' title='bbox 1124 2619 1305 2677; x_wconf 88' lang='lat' dir='ltr'><strong>quum</strong></span> <span class='ocrx_word' id='word_1_166' title='bbox 1338 2601 1411 2660; x_wconf 90' lang='lat' dir='ltr'><strong>ab</strong></span> <span class='ocrx_word' id='word_1_167' title='bbox 1459 2601 1577 2661; x_wconf 86' lang='lat' dir='ltr'><strong>alio</strong></span> <span class='ocrx_word' id='word_1_168' title='bbox 1609 2602 1905 2680; x_wconf 85' lang='lat' dir='ltr'><strong>scriptore</strong></span> <span class='ocrx_word' id='word_1_169' title='bbox 1948 2601 2103 2661; x_wconf 90' lang='lat' dir='ltr'><strong>alius</strong></span> <span class='ocrx_word' id='word_1_170' title='bbox 2148 2606 2506 2660; x_wconf 84' lang='lat' dir='ltr'><strong>memoretur</strong></span> <span class='ocrx_word' id='word_1_171' title='bbox 2551 2599 2778 2677; x_wconf 88' lang='lat' dir='ltr'><strong>histrio,</strong></span> 
     </span>
     <span class='ocr_line' id='line_1_24' title="bbox 536 2701 2775 2780; baseline 0.001 -19"><span class='ocrx_word' id='word_1_172' title='bbox 536 2702 719 2761; x_wconf 88' lang='lat' dir='ltr'><strong>statui</strong></span> <span class='ocrx_word' id='word_1_173' title='bbox 753 2701 878 2779; x_wconf 88' lang='lat' dir='ltr'><strong>jam</strong></span> <span class='ocrx_word' id='word_1_174' title='bbox 929 2702 1153 2780; x_wconf 89' lang='lat' dir='ltr'><strong>nequit.</strong></span> <span class='ocrx_word' id='word_1_175' title='bbox 1241 2704 1428 2765; x_wconf 91' lang='lat' dir='ltr'><strong>Polus</strong></span> <span class='ocrx_word' id='word_1_176' title='bbox 1474 2723 1595 2765; x_wconf 90' lang='lat' dir='ltr'><strong>uno</strong></span> <span class='ocrx_word' id='word_1_177' title='bbox 1640 2704 1755 2766; x_wconf 92' lang='lat' dir='ltr'><strong>hoc</strong></span> <span class='ocrx_word' id='word_1_178' title='bbox 1799 2704 1930 2766; x_wconf 92' lang='lat' dir='ltr'><strong>loco</strong></span> <span class='ocrx_word' id='word_1_179' title='bbox 1980 2704 2439 2764; x_wconf 87' lang='lat' dir='ltr'><strong>Demosthenem</strong></span> <span class='ocrx_word' id='word_1_180' title='bbox 2500 2701 2775 2764; x_wconf 88' lang='lat' dir='ltr'><strong>docuisse</strong></span> 
     </span>
     <span class='ocr_line' id='line_1_25' title="bbox 538 2803 2776 2886; baseline 0 -22"><span class='ocrx_word' id='word_1_181' title='bbox 538 2803 813 2883; x_wconf 82' lang='lat' dir='ltr'><strong>traditur,</strong></span> <span class='ocrx_word' id='word_1_182' title='bbox 872 2806 1057 2866; x_wconf 89' lang='lat' dir='ltr'><strong>etita</strong></span> <span class='ocrx_word' id='word_1_183' title='bbox 1111 2805 1380 2884; x_wconf 87' lang='lat' dir='ltr'><strong>quidem,</strong></span> <span class='ocrx_word' id='word_1_184' title='bbox 1444 2810 1507 2867; x_wconf 91' lang='lat' dir='ltr'><strong>ut</strong></span> <span class='ocrx_word' id='word_1_185' title='bbox 1567 2806 2136 2886; x_wconf 84' lang='lat' dir='ltr'><strong>primo-Andronici</strong></span> <span class='ocrx_word' id='word_1_186' title='bbox 2197 2806 2413 2884; x_wconf 83' lang='lat' dir='ltr'><strong>tragici</strong></span> <span class='ocrx_word' id='word_1_187' title='bbox 2471 2804 2776 2867; x_wconf 84' lang='lat' dir='ltr'><strong>histrionis</strong></span> 
     </span>
     <span class='ocr_line' id='line_1_26' title="bbox 537 2906 2777 2989; baseline 0.001 -23"><span class='ocrx_word' id='word_1_188' title='bbox 537 2906 859 2986; x_wconf 86' lang='lat' dir='ltr'><strong>disciplina</strong></span> <span class='ocrx_word' id='word_1_189' title='bbox 904 2913 1106 2970; x_wconf 80' lang='lat' dir='ltr'><strong>orator</strong></span> <span class='ocrx_word' id='word_1_190' title='bbox 1150 2909 1224 2969; x_wconf 91' lang='lat' dir='ltr'><strong>sit</strong></span> <span class='ocrx_word' id='word_1_191' title='bbox 1268 2928 1440 2984; x_wconf 87' lang='lat' dir='ltr'><strong>usus,</strong></span> <span class='ocrx_word' id='word_1_192' title='bbox 1486 2916 1698 2989; x_wconf 88' lang='lat' dir='ltr'><strong>postea</strong></span> <span class='ocrx_word' id='word_1_193' title='bbox 1743 2908 1926 2972; x_wconf 86' lang='lat' dir='ltr'><strong>Polus</strong></span> <span class='ocrx_word' id='word_1_194' title='bbox 1969 2910 2360 2971; x_wconf 87' lang='lat' dir='ltr'><strong>eruditionem</strong></span> <span class='ocrx_word' id='word_1_195' title='bbox 2408 2909 2539 2987; x_wconf 86' lang='lat' dir='ltr'><strong>ejus</strong></span> <span class='ocrx_word' id='word_1_196' title='bbox 2582 2908 2777 2969; x_wconf 85' lang='lat' dir='ltr'><strong>absol-</strong></span> 
     </span>
     <span class='ocr_line' id='line_1_27' title="bbox 539 3000 2778 3093; baseline 0 -23"><span class='ocrx_word' id='word_1_197' title='bbox 539 3012 693 3071; x_wconf 83' lang='lat' dir='ltr'><strong>verit</strong></span> <span class='ocrx_word' id='word_1_198' title='bbox 735 3001 1215 3093; x_wconf 77' lang='grc' dir='ltr'><strong><em>(,,τελεώτερον</em></strong></span> <span class='ocrx_word' id='word_1_199' title='bbox 1249 3045 1327 3053; x_wconf 90' lang='lat'>-</span> <span class='ocrx_word' id='word_1_200' title='bbox 1358 3000 1795 3090; x_wconf 74' lang='grc' dir='ltr'><strong>ἐκδιδάξαι“)τ</strong></span> <span class='ocrx_word' id='word_1_201' title='bbox 1839 3013 2023 3074; x_wconf 89' lang='lat' dir='ltr'><strong>Polus</strong></span> <span class='ocrx_word' id='word_1_202' title='bbox 2052 3013 2236 3091; x_wconf 82' lang='lat' dir='ltr'><strong>igitur</strong></span> <span class='ocrx_word' id='word_1_203' title='bbox 2268 3012 2323 3071; x_wconf 90' lang='lat' dir='ltr'><strong>h.</strong></span> <span class='ocrx_word' id='word_1_204' title='bbox 2354 3014 2392 3071; x_wconf 89' lang='lat' dir='ltr'><strong>l.</strong></span> <span class='ocrx_word' id='word_1_205' title='bbox 2439 3011 2778 3073; x_wconf 84' lang='lat' dir='ltr'><strong>nominatus</strong></span> 
     </span>
     <span class='ocr_line' id='line_1_28' title="bbox 543 3114 1623 3195; baseline -0.001 -20"><span class='ocrx_word' id='word_1_206' title='bbox 543 3114 887 3176; x_wconf 85' lang='lat' dir='ltr'><strong>Andronico</strong></span> <span class='ocrx_word' id='word_1_207' title='bbox 934 3116 1191 3177; x_wconf 88' lang='lat' dir='ltr'><strong>nobilior</strong></span> <span class='ocrx_word' id='word_1_208' title='bbox 1240 3116 1623 3195; x_wconf 88' lang='lat' dir='ltr'><strong>significatur.</strong></span> 
     </span>
    </p>

    <p class='ocr_par' dir='ltr' id='par_1_5' title="bbox 539 3216 2798 4329">
     <span class='ocr_line' id='line_1_29' title="bbox 710 3216 2779 3297; baseline -0.001 -19"><span class='ocrx_word' id='word_1_209' title='bbox 710 3216 1043 3295; x_wconf 83' lang='lat' dir='ltr'><strong>Satyrum</strong></span> <span class='ocrx_word' id='word_1_210' title='bbox 1096 3220 1534 3297; x_wconf 81' lang='lat' dir='ltr'><strong>tragoediarum</strong></span> <span class='ocrx_word' id='word_1_211' title='bbox 1586 3224 1846 3281; x_wconf 90' lang='lat' dir='ltr'><strong>actorem</strong></span> <span class='ocrx_word' id='word_1_212' title='bbox 1894 3218 1968 3277; x_wconf 88' lang='lat' dir='ltr'><strong>de</strong></span> <span class='ocrx_word' id='word_1_213' title='bbox 2012 3218 2414 3278; x_wconf 88' lang='lat' dir='ltr'><strong>Demosthene</strong></span> <span class='ocrx_word' id='word_1_214' title='bbox 2461 3217 2614 3277; x_wconf 88' lang='lat' dir='ltr'><strong>bene</strong></span> <span class='ocrx_word' id='word_1_215' title='bbox 2661 3234 2779 3276; x_wconf 89' lang='lat' dir='ltr'><strong>me-</strong></span> 
     </span>
     <span class='ocr_line' id='line_1_30' title="bbox 543 3317 2778 3399; baseline -0 -19"><span class='ocrx_word' id='word_1_216' title='bbox 543 3321 720 3381; x_wconf 89' lang='lat' dir='ltr'><strong>ritum</strong></span> <span class='ocrx_word' id='word_1_217' title='bbox 767 3338 898 3381; x_wconf 87' lang='lat' dir='ltr'><strong>esse</strong></span> <span class='ocrx_word' id='word_1_218' title='bbox 942 3340 1150 3399; x_wconf 88' lang='lat' dir='ltr'><strong>parum</strong></span> <span class='ocrx_word' id='word_1_219' title='bbox 1201 3322 1588 3398; x_wconf 86' lang='lat' dir='ltr'><strong>probabiliter</strong></span> <span class='ocrx_word' id='word_1_220' title='bbox 1619 3321 1974 3382; x_wconf 85' lang='lat' dir='ltr'><strong>Plutarchus</strong></span> <span class='ocrx_word' id='word_1_221' title='bbox 2020 3319 2204 3380; x_wconf 80' lang='lat' dir='ltr'><strong>refert</strong></span> <span class='ocrx_word' id='word_1_222' title='bbox 2248 3321 2414 3379; x_wconf 89' lang='lat' dir='ltr'><strong>Dem.</strong></span> <span class='ocrx_word' id='word_1_223' title='bbox 2444 3319 2587 3378; x_wconf 87' lang='lat' dir='ltr'><strong>vn:</strong></span> <span class='ocrx_word' id='word_1_224' title='bbox 2632 3317 2778 3380; x_wconf 90' lang='lat' dir='ltr'><strong>Ora·</strong></span> 
     </span>
     <span class='ocr_line' id='line_1_31' title="bbox 539 3421 2776 3501; baseline -0.001 -18"><span class='ocrx_word' id='word_1_225' title='bbox 539 3427 729 3484; x_wconf 88' lang='lat' dir='ltr'><strong>torem</strong></span> <span class='ocrx_word' id='word_1_226' title='bbox 792 3443 973 3500; x_wconf 91' lang='lat' dir='ltr'><strong>quum</strong></span> <span class='ocrx_word' id='word_1_227' title='bbox 1035 3425 1285 3500; x_wconf 87' lang='lat' dir='ltr'><strong>primum</strong></span> <span class='ocrx_word' id='word_1_228' title='bbox 1349 3425 1408 3485; x_wconf 90' lang='lat' dir='ltr'><strong>in</strong></span> <span class='ocrx_word' id='word_1_229' title='bbox 1468 3426 1801 3486; x_wconf 88' lang='lat' dir='ltr'><strong>contionem</strong></span> <span class='ocrx_word' id='word_1_230' title='bbox 1864 3423 2149 3501; x_wconf 87' lang='lat' dir='ltr'><strong>prodiiset</strong></span> <span class='ocrx_word' id='word_1_231' title='bbox 2202 3426 2452 3500; x_wconf 86' lang='lat' dir='ltr'><strong>propter</strong></span> <span class='ocrx_word' id='word_1_232' title='bbox 2507 3421 2776 3482; x_wconf 84' lang='lat' dir='ltr'><strong>vitiosam</strong></span> 
     </span>
     <span class='ocr_line' id='line_1_32' title="bbox 542 3524 2784 3605; baseline 0 -20"><span class='ocrx_word' id='word_1_233' title='bbox 542 3525 860 3587; x_wconf 88' lang='lat' dir='ltr'><strong>verborum</strong></span> <span class='ocrx_word' id='word_1_234' title='bbox 906 3528 1456 3605; x_wconf 88' lang='lat' dir='ltr'><strong>pronuntiationem</strong></span> <span class='ocrx_word' id='word_1_235' title='bbox 1490 3529 1752 3588; x_wconf 90' lang='lat' dir='ltr'><strong>tumultu</strong></span> <span class='ocrx_word' id='word_1_236' title='bbox 1785 3547 1821 3587; x_wconf 90' lang='lat' dir='ltr'><strong>a</strong></span> <span class='ocrx_word' id='word_1_237' title='bbox 1849 3527 2074 3605; x_wconf 88' lang='lat' dir='ltr'><strong>populo</strong></span> <span class='ocrx_word' id='word_1_238' title='bbox 2105 3528 2418 3601; x_wconf 86' lang='lat' dir='ltr'><strong>exceptum</strong></span> <span class='ocrx_word' id='word_1_239' title='bbox 2467 3524 2542 3584; x_wconf 90' lang='lat' dir='ltr'><strong>de</strong></span> <span class='ocrx_word' id='word_1_240' title='bbox 2572 3524 2784 3585; x_wconf 85' lang='lat' dir='ltr'><strong>rostris</strong></span> 
     </span>
     <span class='ocr_line' id='line_1_33' title="bbox 542 3626 2779 3708; baseline -0.001 -19"><span class='ocrx_word' id='word_1_241' title='bbox 542 3628 839 3691; x_wconf 87' lang='lat' dir='ltr'><strong>decedere</strong></span> <span class='ocrx_word' id='word_1_242' title='bbox 888 3634 1158 3690; x_wconf 90' lang='lat' dir='ltr'><strong>coactum</strong></span> <span class='ocrx_word' id='word_1_243' title='bbox 1206 3629 1421 3707; x_wconf 79' lang='lat' dir='ltr'><strong>fuisse3</strong></span> <span class='ocrx_word' id='word_1_244' title='bbox 1467 3632 1722 3708; x_wconf 88' lang='lat' dir='ltr'><strong>primum</strong></span> <span class='ocrx_word' id='word_1_245' title='bbox 1756 3631 2091 3690; x_wconf 88' lang='lat' dir='ltr'><strong>Eunomum</strong></span> <span class='ocrx_word' id='word_1_246' title='bbox 2121 3627 2418 3687; x_wconf 85' lang='lat' dir='ltr'><strong>Thracem</strong></span> <span class='ocrx_word' id='word_1_247' title='bbox 2462 3626 2779 3688; x_wconf 87' lang='lat' dir='ltr'><strong>admodum</strong></span> 
     </span>
     <span class='ocr_line' id='line_1_34' title="bbox 542 3728 2781 3809; baseline -0.002 -18"><span class='ocrx_word' id='word_1_248' title='bbox 542 3751 743 3793; x_wconf 86' lang='lat' dir='ltr'><strong>senem</strong></span> <span class='ocrx_word' id='word_1_249' title='bbox 794 3732 1168 3792; x_wconf 86' lang='lat' dir='ltr'><strong>adhortatum</strong></span> <span class='ocrx_word' id='word_1_250' title='bbox 1233 3750 1360 3794; x_wconf 86' lang='lat' dir='ltr'><strong>esse</strong></span> <span class='ocrx_word' id='word_1_251' title='bbox 1410 3733 1901 3809; x_wconf 84' lang='lat' dir='ltr'><strong>Demosthenem,</strong></span> <span class='ocrx_word' id='word_1_252' title='bbox 1959 3750 2032 3790; x_wconf 89' lang='lat' dir='ltr'><strong>ne</strong></span> <span class='ocrx_word' id='word_1_253' title='bbox 2093 3730 2352 3790; x_wconf 89' lang='lat' dir='ltr'><strong>animum</strong></span> <span class='ocrx_word' id='word_1_254' title='bbox 2416 3728 2781 3804; x_wconf 87' lang='lat' dir='ltr'><strong>demitteret;</strong></span> 
     </span>
     <span class='ocr_line' id='line_1_35' title="bbox 544 3830 2781 3915; baseline -0.001 -21"><span class='ocrx_word' id='word_1_255' title='bbox 544 3837 754 3896; x_wconf 77' lang='lat' dir='ltr'><strong>Iterum</strong></span> <span class='ocrx_word' id='word_1_256' title='bbox 789 3837 1037 3915; x_wconf 84' lang='lat' dir='ltr'><strong>exploso</strong></span> <span class='ocrx_word' id='word_1_257' title='bbox 1070 3839 1345 3914; x_wconf 86' lang='lat' dir='ltr'><strong>Satyrum</strong></span> <span class='ocrx_word' id='word_1_258' title='bbox 1393 3837 1740 3898; x_wconf 88' lang='lat' dir='ltr'><strong>histrionem</strong></span> <span class='ocrx_word' id='word_1_259' title='bbox 1772 3837 1824 3895; x_wconf 89' lang='lat' dir='ltr'><strong>ei</strong></span> <span class='ocrx_word' id='word_1_260' title='bbox 1860 3835 2095 3895; x_wconf 82' lang='lat' dir='ltr'><strong>obviam</strong></span> <span class='ocrx_word' id='word_1_261' title='bbox 2128 3833 2348 3894; x_wconf 83' lang='lat' dir='ltr'><strong>factum</strong></span> <span class='ocrx_word' id='word_1_262' title='bbox 2398 3837 2458 3892; x_wconf 91' lang='lat' dir='ltr'><strong>et</strong></span> <span class='ocrx_word' id='word_1_263' title='bbox 2503 3830 2781 3892; x_wconf 86' lang='lat' dir='ltr'><strong>fortunae</strong></span> 
     </span>
     <span class='ocr_line' id='line_1_36' title="bbox 542 3919 2783 4018; baseline -0.003 -19"><span class='ocrx_word' id='word_1_264' title='bbox 542 3941 909 4018; x_wconf 84' lang='lat' dir='ltr'><strong>iniquitatem</strong></span> <span class='ocrx_word' id='word_1_265' title='bbox 984 3941 1258 4017; x_wconf 83' lang='lat' dir='ltr'><strong>querenti</strong></span> <span class='ocrx_word' id='word_1_266' title='bbox 1332 3938 1745 4016; x_wconf 87' lang='lat' dir='ltr'><strong>respondisse:</strong></span> <span class='ocrx_word' id='word_1_267' title='bbox 1826 3921 2112 4017; x_wconf 57' lang='lat'><strong>„542121975</strong></span> <span class='ocrx_word' id='word_1_268' title='bbox 2177 3929 2405 4014; x_wconf 80' lang='grc' dir='ltr'><strong><em>λέγεις,</em></strong></span> <span class='ocrx_word' id='word_1_269' title='bbox 2460 3919 2518 3991; x_wconf 76' lang='grc' dir='ltr'>ὦ</span> <span class='ocrx_word' id='word_1_270' title='bbox 2574 3919 2783 4013; x_wconf 86' lang='grc' dir='ltr'><em>Δημό-</em></span> 
     </span>
     <span class='ocr_line' id='line_1_37' title="bbox 541 4022 2785 4121; baseline -0.004 -18"><span class='ocrx_word' id='word_1_271' title='bbox 541 4041 803 4117; x_wconf 68' lang='grc' dir='ltr'><strong><em>σθενες,</em></strong></span> <span class='ocrx_word' id='word_1_272' title='bbox 867 4027 1011 4101; x_wconf 73' lang='grc' dir='ltr'><strong><em>ἀλλ’</em></strong></span> <span class='ocrx_word' id='word_1_273' title='bbox 1072 4032 1205 4121; x_wconf 75' lang='grc' dir='ltr'><strong>ἐγώ</strong></span> <span class='ocrx_word' id='word_1_274' title='bbox 1256 4030 1339 4100; x_wconf 83' lang='grc' dir='ltr'><strong>τὸ</strong></span> <span class='ocrx_word' id='word_1_275' title='bbox 1399 4034 1621 4101; x_wconf 77' lang='grc' dir='ltr'><strong><em>αἴτιον</em></strong></span> <span class='ocrx_word' id='word_1_276' title='bbox 1664 4029 1930 4118; x_wconf 72' lang='grc' dir='ltr'><strong><em>ἰάσομαι</em></strong></span> <span class='ocrx_word' id='word_1_277' title='bbox 1989 4032 2266 4118; x_wconf 77' lang='grc' dir='ltr'><strong><em>ταχέως,</em></strong></span> <span class='ocrx_word' id='word_1_278' title='bbox 2324 4022 2408 4096; x_wconf 71' lang='grc' dir='ltr'><strong>ἄν</strong></span> <span class='ocrx_word' id='word_1_279' title='bbox 2468 4053 2581 4115; x_wconf 84' lang='grc' dir='ltr'><strong>μοι</strong></span> <span class='ocrx_word' id='word_1_280' title='bbox 2639 4032 2785 4095; x_wconf 75' lang='grc' dir='ltr'><strong>τῶν</strong></span> 
     </span>
     <span class='ocr_line' id='line_1_38' title="bbox 547 4122 2798 4225; baseline -0.004 -20"><span class='ocrx_word' id='word_1_281' title='bbox 547 4131 915 4225; x_wconf 76' lang='grc' dir='ltr'><strong><em>Εὐριπίδου</em></strong></span> <span class='ocrx_word' id='word_1_282' title='bbox 958 4135 1114 4205; x_wconf 83' lang='grc' dir='ltr'><strong><em>τινὰ</em></strong></span> <span class='ocrx_word' id='word_1_283' title='bbox 1156 4130 1416 4225; x_wconf 79' lang='grc' dir='ltr'><strong><em>ῥήσεων</em></strong></span> <span class='ocrx_word' id='word_1_284' title='bbox 1459 4130 1500 4223; x_wconf 78' lang='grc' dir='ltr'>ἢ</span> <span class='ocrx_word' id='word_1_285' title='bbox 1543 4136 1983 4219; x_wconf 76' lang='grc' dir='ltr'><strong><em>Σοφοκλέους</em></strong></span> <span class='ocrx_word' id='word_1_286' title='bbox 2020 4130 2347 4220; x_wconf 77' lang='grc' dir='ltr'><strong><em>ἐθελήσῃς</em></strong></span> <span class='ocrx_word' id='word_1_287' title='bbox 2392 4133 2605 4199; x_wconf 77' lang='grc' dir='ltr'><strong><em>εἰπεῖν</em></strong></span> <span class='ocrx_word' id='word_1_288' title='bbox 2648 4122 2798 4197; x_wconf 76' lang='grc' dir='ltr'><em>ἀπὸ.</em></span> 
     </span>
     <span class='ocr_line' id='line_1_39' title="bbox 544 4230 2783 4329; baseline -0.004 -20"><span class='ocrx_word' id='word_1_289' title='bbox 544 4239 931 4329; x_wconf 46' lang='grc' dir='ltr'><strong>στόματος.66</strong></span> <span class='ocrx_word' id='word_1_290' title='bbox 1045 4233 1383 4318; x_wconf 78' lang='grc' dir='ltr'><strong><em>Εἰπόντος</em></strong></span> <span class='ocrx_word' id='word_1_291' title='bbox 1446 4240 1516 4306; x_wconf 77' lang='grc' dir='ltr'><strong>δὲ</strong></span> <span class='ocrx_word' id='word_1_292' title='bbox 1589 4243 1713 4305; x_wconf 86' lang='grc' dir='ltr'><strong>τοῦ</strong></span> <span class='ocrx_word' id='word_1_293' title='bbox 1784 4238 2254 4325; x_wconf 74' lang='grc' dir='ltr'><strong><em>Δημοσθένους</em></strong></span> <span class='ocrx_word' id='word_1_294' title='bbox 2321 4230 2783 4321; x_wconf 79' lang='grc' dir='ltr'><strong><em>μεταλαβόντα</em></strong></span> 
     </span>
    </p>
   </div>
  </div>
 </body>
</html>
