3166 4871
588 332 669 393 82
957 389 966 396 ,
1586 327 1763 384 Zach
1782 341 1850 382 er

755 501 1070 587 κεραὶα,
1116 503 1280 584 quod
1326 511 1386 567 et
1430 507 1624 583 ipsum
1672 525 1858 568 cornu
1902 504 2205 584 significat
2246 506 2406 583 apud
2453 508 2838 584 posteriores,

587 608 949 689 Oppianum,
994 609 1386 689 Nicandrum,
1431 613 1491 669 et
1536 608 1829 687 quidquid
1876 611 2085 670 cornui
2129 610 2317 670 simile
2360 612 2466 688 est,
2526 611 2835 670 cornicula

584 713 946 773 insectorum
991 730 1087 788 ap.
1131 712 1404 792 Aristot,
1464 730 1695 772 cornua
1739 712 1971 772 lunaria
2015 731 2109 790 ap.
2152 712 2337 791 Arat,
2390 712 2660 789 aliasque
2702 729 2833 773 res:

584 816 658 875 ab
707 815 923 875 Atticis
968 815 1293 893 praecipue
1339 814 1416 875 ad
1463 818 1758 882 antennas
1802 814 2178 876 denotandas
2224 815 2634 876 adhibebatur.

753 923 1142 992 κνεφαῖος
1200 916 1363 995 apud
1421 922 1577 994 trag.
1622 921 1683 979 et
1737 918 1866 996 An,
1925 922 1986 978 et
2039 902 2627 998 ἅκροκνεφατος
2680 917 2832 978 Hsd.

585 1037 679 1095 op.
726 1015 848 1076 367
887 1019 1154 1096 ,originis
1200 1023 1399 1079 notam
1448 1020 1507 1078 in
1553 1020 1754 1080 fronte
1801 1023 2036 1096 gerunt.
2123 1019 2217 1080 Ad
2262 1020 2417 1080 idem
2462 1023 2831 1098 prototypon

584 1121 992 1182 revocandum
1039 1124 1132 1181 est
1172 1121 1478 1183 Theocriti

755 1228 1196 1300 σκνιφαῖος.
1297 1225 1395 1286 Sic
1453 1224 1609 1284 enim
1666 1224 1726 1284 in
1773 1225 2011 1301 optimis
2072 1224 2381 1285 codicibus
2438 1228 2530 1286 est
2599 1220 2702 1302 16,
2747 1219 2830 1282 93

584 1316 735 1400 βόες
765 1312 824 1385 δ’
855 1310 1189 1405 ἄγελαδὸν
1220 1318 1286 1396 ἐς
1317 1311 1534 1385 αὐλὰν
1565 1310 1941 1405 Ἐρχόμεναι
1973 1333 2332 1402 σκνιφαϊον
2361 1315 2834 1386 ἐπισπεύόοιεν

584 1416 835 1509 ὃδίτην.
940 1428 1116 1503 Quod
1176 1433 1237 1490 et
1294 1433 1562 1490 veterum
1625 1434 1686 1490 et
1743 1430 2146 1490 recentiorum
2184 1430 2478 1491 'nonnulli
2536 1430 2830 1506 interpre-

581 1536 787 1592 tantur
829 1531 1086 1610 tardum,
1127 1532 1233 1591 sed
1278 1531 1617 1608 significare
1659 1549 1892 1610 „serum
1940 1531 2111 1606 (Hor.
2155 1536 2266 1593 sat.
2308 1532 2384 1611 II,
2430 1529 2490 1611 7,
2532 1526 2661 1609 93),
2715 1531 2829 1591 sub

583 1639 816 1695 noctem
863 1633 1034 1708 (Hor.
1080 1634 1174 1694 od.
1224 1632 1277 1712 1,
1308 1631 1366 1711 9,
1401 1629 1501 1702 19)
1550 1634 1903 1710 migrantem
1948 1654 2060 1712 per
2104 1608 2556 1714 crepusdulum,
2599 1637 2830 1711 postea·

584 1756 761 1815 quam
794 1738 920 1815 jam
969 1728 1080 1794 ἐπὶ
1123 1730 1373 1810 κνέφας
1415 1716 1689 1815 ἦλθενί,
1733 1740 1801 1798 ut
1828 1737 2009 1797 vertit
2036 1737 2422 1814 Fritzschius,
2466 1735 2831 1797 demonstra-

581 1845 682 1900 tur
725 1841 842 1900 hac
884 1838 1173 1916 Hesychii
1217 1839 1449 1915 glossa:
1495 1827 1820 1914 σκνιφόν·
1868 1825 2167 1919 ἀμυδρὸν
2207 1834 2482 1914 βλέπον.
2548 1823 2833 1899 Ἀττικοὶ

581 1933 704 2022 γὰρ
756 1936 871 2001 καὶ
929 1931 1008 1999 τὸ
1065 1930 1304 2011 σκότος
1362 1936 1644 2017 σκνὶφος
1702 1935 1989 2020 λέγουσι.
2049 1938 2295 2018 σκνιφῗ
2353 1928 2530 2022 ἄκρα
2585 1929 2833 2021 ἡμέρας

582 2040 694 2103 καὶ
754 2034 1036 2123 ἑσπέρας
1074 2041 1261 2103 »λεῖοι
1330 2043 1441 2118 (sic
1502 2043 1724 2121 codex,
1787 2039 2071 2121 σκνὶφος
2122 2075 2205 2085 --
2260 2028 2501 2103 Ἠλεῖοι
2560 2042 2832 2116 Mulsum).

582 2147 698 2209 Sed
743 2146 817 2208 de
865 2148 1164 2224 scriptura
1220 2147 1528 2207 veteribus
1588 2166 1707 2207 non
1766 2147 2096 2208 constabat.
2182 2147 2336 2208 Nam
2382 2152 2444 2207 et
2484 2148 2592 2207 illo
2635 2146 2830 2208 Theo·

583 2250 716 2310 criti
760 2250 893 2310 loco
937 2249 1040 2310 alii
1088 2253 1149 2309 et
1193 2250 1333 2310 boni
1382 2249 1621 2310 codices
1664 2249 1891 2310 habent
1936 2257 2316 2329 σκνιπαϊον,
2357 2253 2419 2310 et
2461 2249 2650 2311 schol.
2692 2249 2834 2309 dicit

584 2354 761 2412 haec:
827 2357 1224 2424 σκιπνατον,
1285 2340 1673 2431 ἑσπερινόν,
1734 2338 1777 2431 ἢ
1835 2342 2022 2430 παρὰ
2075 2342 2203 2431 τὴν
2256 2346 2508 2411 σκίπαν
2550 2344 2833 2430 (σκντπα

583 2454 880 2515 Hoescbel
909 2453 986 2513 ad
1016 2454 1156 2513 Phr.
1190 2449 1315 2511 399
1360 2454 1525 2532 Lob.,
1571 2448 1824 2513 σκίπνα
1867 2452 2119 2528 Hemst.)
2162 2441 2204 2534 ἢ
2246 2445 2432 2535 παρὰ
2467 2444 2548 2513 τὸ
2579 2448 2833 2529 κνέφας

580 2551 945 2636 πεποίηται
982 2554 1394 2633 („explicatius
1425 2555 1676 2617 dixisset
1702 2542 1745 2635 ἢ
1774 2547 1960 2635 παρὰ
1989 2546 2069 2616 τὸ
2100 2563 2404 2633 οκντφος,
2448 2546 2527 2615 τὸ
2556 2550 2831 2633 κνέφας,

580 2651 982 2738 πεποίηται“
1025 2658 1203 2718 Dind.
1231 2659 1293 2718 in
1338 2656 1514 2731 thes.)
1557 2652 1728 2736 κνὶφ
1773 2648 1900 2738 γὰρ
1932 2648 2112 2738 ζῷόν
2140 2651 2278 2719 ἐστι
2312 2651 2826 2739 βραδυκίνητον.

582 2763 659 2822 Et
703 2760 917 2821 Pollux
964 2756 1023 2838 2,
1066 2757 1179 2821 65:
1243 2749 1533 2820 σκνιπόν
1588 2755 1662 2819 δὲ
1705 2750 1832 2820 τὸν
1876 2746 2179 2839 ’ἀμυδρὸν
2222 2755 2560 2836 βλέποντα
2604 2760 2829 2840 Σιμω-

582 2858 767 2943 νίδης
811 2850 849 2922 ὁ
895 2852 1310 2941 ἰαμβοποιός.
1355 2863 1450 2932 (fr.
1501 2859 1577 2921 19
1623 2862 1796 2941 ng.)
1850 2849 1893 2942 ἢ
1932 2853 2189 2939 τυφλὸς
2231 2850 2273 2943 ἦ
2316 2881 2418 2935 τις
2460 2853 2744 2935 anmatos
2786 2851 2829 2943 ἢ

578 2959 747 3044 μέγα
789 2959 1095 3040 βλέπων,
1156 2965 1256 3025 nbi
1302 2965 1665 3043 exemplaria
1709 2966 1947 3027 variant
1988 2966 2148 3028 inter
2195 2955 2515 3041 σκνιπόν,
2562 2955 2855 3039 σκιπόν,ι

582 3056 933 3149 σκιρπνόν,
980 3072 1041 3129 et
1082 3069 1141 3128 in
1187 3070 1364 3129 versu
1410 3067 1548 3129 Sim.
1590 3069 1748 3129 inter
1790 3054 1832 3147 ἦ
1879 3085 1979 3139 τις
2025 3059 2334 3143 σκνιπός,
2395 3055 2436 3148 ἢ
2481 3058 2742 3142 κνιπός,
2784 3054 2827 3147 ἢ

578 3164 930 3250 πίκνηπος.
1022 3170 1238 3248 Neque
1281 3173 1480 3231 tamen
1528 3170 1791 3231 dubitari
1836 3189 2015 3248 posse
2059 3171 2325 3250 videtur,
2386 3172 2531 3249 quin
2576 3165 2829 3247 κνέφας

579 3291 654 3332 ex
714 3266 1008 3348 σκνέφας
1075 3278 1273 3333 ortum
1331 3274 1410 3334 sit
1467 3274 1656 3342 (Curt.
1712 3272 1854 3352 ΕΜ,
1911 3268 2089 3353 695),
2155 3275 2327 3334 cuius
2381 3273 2535 3335 aliae
2595 3272 2823 3335 formae

579 3374 803 3434 fuerint
847 3381 1130 3449 σκνϊφος
1175 3379 1235 3434 et
1281 3381 1586 3455 σκντφας,
1629 3377 1789 3437 unde
1832 3375 2140 3436 Theocriti
2188 3383 2557 3452 σκνιφαῖος.

751 3474 1082 3546 λεπατος
1133 3477 1375 3554 saepius
1418 3478 1581 3555 apud
1628 3479 1795 3557 Eur„
1839 3498 1877 3539 a
1921 3473 2154 3557 λέπας,
2198 3479 2360 3557 quod
2403 3480 2543 3541 licet
2587 3478 2826 3540 casibus

577 3577 834 3656 obliquis
879 3597 997 3638 non
1040 3578 1382 3640 inveniatur
1426 3585 1800 3658 usurpatum,
1843 3586 2041 3642 tamen
2085 3582 2297 3659 procul
2342 3582 2528 3642 dubio
2559 3581 2823 3642 eiusdem

576 3679 816 3758 generis
861 3685 952 3741 est
996 3686 1180 3760 atque
1225 3675 1449 3755 δέπας,
1494 3676 1710 3762 γέρας,
1754 3679 1960 3762 γῆρας
2003 3684 2078 3744 al.

746 3766 1071 3855 οὖδαῑος
1129 3781 1319 3862 Orph.
1376 3786 1520 3864 Arg.
1563 3784 1712 3862 Lyc.
1757 3787 1938 3846 Anth.
1997 3768 2488 3856 κατόυδαϊος
2541 3787 2597 3847 h.
2641 3787 2824 3848 Merc.

575 3884 724 3945 Hsd.
768 3872 1217 3958 ὑπουδατος
1262 3886 1418 3965 Opp.
1464 3888 1621 3947 Plnt.
1665 3880 2104 3960 ἐπουδατος
2148 3890 2412 3969 Hesych.

741 3989 811 4048 In
858 3989 971 4049 hac
1017 3990 1207 4050 classe
1255 3990 1430 4050 etiam
1477 3990 1911 4050 numerandum
1958 3991 2099 4050 mihi
2145 3992 2386 4053 videtur

738 4107 981 4169 χαιος.
1070 4088 1174 4151 A‘r.
1219 4091 1361 4169 Lys.
1406 4087 1521 4151 91:
1578 4086 1680 4163 τίς
1739 4076 1799 4151 ‹5'
1858 4079 2063 4173 ἁτέρα
2116 4099 2308 4165 πατς,·
2359 4125 2444 4134 -
2491 4086 2650 4173 χαΐα
2706 4088 2822 4154 ναὶ

573 4182 673 4252 τώ
734 4183 888 4266 σιώ,
954 4188 1296 4273 Κορινθία
1356 4178 1413 4251 δ’
1473 4172 1587 4273 αὖ,
1652 4197 1713 4254 et
1775 4191 1935 4253 1157
2000 4181 2183 4256 οὔπα
2245 4181 2507 4276 γυναῖκ’
2569 4182 2821 4258 ὄπωπα

569 4289 965 4375 χαϊωτέραν.
1052 4296 1249 4357 Schol.
1292 4295 1370 4355 ad
1415 4314 1571 4356 vers.
1618 4293 1731 4356 91:
1792 4284 1961 4376 χαΐα
2006 4283 2159 4357 ἀντὶ
2200 4295 2327 4357 τοῦ
2373 4283 2633 4379 ἀγαθὴ
2673 4292 2819 4377 μέν,
