3166 4871
530 293 655 355 420

702 469 795 528 Ad
868 489 1043 547 quam
1106 471 1515 548 quaestionem
1579 473 2018 552 instituendam,
2078 475 2361 552 quoniam
2410 478 2476 534 ut
2518 475 2773 533 vidimus

531 571 606 631 de
668 571 891 650 majore
956 579 1128 651 parte
1184 575 1493 635 titulorum
1542 594 1588 636 s.
1633 595 1676 636 s.
1723 596 1834 654 pro
1880 582 2045 637 certo
2090 579 2346 655 proponi
2396 596 2513 637 non
2561 581 2776 654 potest,

530 675 606 734 ad
640 681 839 735 utrum
871 695 1064 750 genus
1110 678 1441 739 iterationis
1486 679 1785 740 referendi
1816 681 1960 756 sint,
2005 700 2202 758 neque
2247 685 2444 741 tamen
2494 698 2770 757 magnum

532 778 851 838 discrimen
925 781 1080 839 inter
1139 785 1458 858 utrumque
1523 800 1719 859 genus
1778 784 1836 843 in
1904 785 2018 845 hac
2089 802 2156 844 re
2228 783 2410 844 fuisse
2481 784 2778 859 videatur,

533 900 741 942 omnes
785 883 997 943 titulos
1044 900 1090 942 s.
1134 902 1178 943 s.
1228 888 1433 945 1—-14
1479 885 1753 946 conferre
1800 886 1953 945 licet.

707 986 795 1045 Ex
846 989 1131 1062 quattuor
1177 985 1383 1046 decem
1430 989 1899 1064 primipilaribus
1946 989 2034 1049 bis
2077 990 2175 1049 vel
2219 989 2454 1066 iterum,
2513 988 2778 1064 exceptis

532 1089 725 1148 tribus
781 1086 899 1149 Sex
946 1088 1203 1149 Aulieno
1250 1087 1340 1162 (1)
1384 1091 1577 1151 Paulo
1623 1090 1877 1152 Aemilio
1924 1090 2013 1165 (8)
2059 1093 2127 1153 L.
2172 1092 2435 1170 Cirpinio
2479 1089 2611 1164 (13)
2658 1110 2774 1150 om-

532 1210 639 1252 nes
701 1197 1157 1269 procuraturam
1220 1198 1614 1269 acceperunt;
1676 1213 1750 1254 ex
1813 1194 2005 1254 tribus
2057 1194 2175 1254 illis
2219 1194 2442 1256 Paulus
2495 1193 2778 1254 Aemilius

533 1299 594 1354 et
657 1294 962 1370 Cirpinius
1025 1314 1099 1354 an
1160 1296 1339 1355 altius
1399 1298 1670 1372 provecti
1725 1295 1846 1356 sint
1899 1297 2218 1374 nescimus,
2278 1315 2410 1356 cum
2456 1296 2612 1356 tituli
2656 1314 2774 1355 non

536 1396 918 1473 sepulcrales,
962 1396 1068 1456 sed
1119 1398 1419 1457 honorarii
1469 1401 1527 1456 et
1572 1399 1727 1457 vivis
1771 1399 1949 1476 positi
1997 1417 2128 1458 esse
2173 1399 2523 1474 videantur-3
2566 1399 2778 1458 tertius

535 1499 771 1558 Aulieni
804 1500 1259 1575 antiquissimus
1305 1505 1395 1560 est
1439 1502 1716 1576 omnium,
1759 1501 2016 1578 Augusti
2061 1505 2120 1561 et
2146 1500 2370 1561 Tiberii
2410 1499 2779 1577 temporibus

532 1600 918 1678 tribuendus;
1001 1602 1179 1678 hujus
1240 1603 1550 1678 provectio
1613 1621 1746 1662 cum
1809 1622 1846 1661 a
1907 1603 2148 1680 reliquis
2207 1613 2454 1681 prorsus
2527 1602 2780 1678 differat,

534 1705 782 1764 iteratus
854 1705 1253 1781 primipilatus
1325 1723 1396 1764 eo
1458 1708 1726 1781 tempore
1788 1705 2051 1765 nondum
2112 1711 2231 1765 tam
2292 1705 2541 1765 firmiter
2599 1723 2774 1781 quam

535 1811 746 1884 postea
792 1808 1150 1867 constitutus
1195 1806 1379 1867 fuisse
1425 1825 1623 1884 neque
1668 1813 1893 1867 certum
1940 1791 2134 1869 locum
2189 1810 2249 1869 in
2296 1810 2586 1868 honorum
2633 1807 2780 1866 mili·

536 1910 750 1969 tarium
814 1909 1022 1969 ordine
1066 1910 1194 1986 jam
1252 1909 1579 1969 obtinuisse
1642 1908 1895 1970 videtur.
1993 1910 2116 1971 Sub
2164 1909 2413 1971 Claudio
2459 1928 2601 1970 vero
2649 1928 2777 1970 eam

537 2013 610 2072 iis
672 2011 998 2072 commodis
1059 2011 1274 2088 quibus
1334 2018 1545 2089 postea
1599 2012 1827 2089 floruit,
1886 2016 2155 2073 ornatam
2219 2031 2349 2072 esse
2417 2012 2777 2073 concludere

534 2116 679 2175 licet
722 2134 797 2175 ex
844 2114 1032 2174 titulis
1077 2117 1117 2175 8
1161 2121 1222 2175 et
1270 2119 1364 2175 10.

707 2219 1158 2294 Nonnunquam
1220 2216 1553 2276 secundum
1615 2217 2037 2294 primipilatum
2097 2217 2476 2295 praefectura
2531 2217 2782 2294 legionis

538 2321 805 2398 proxime
837 2322 1111 2396 sequitur
1142 2317 1267 2393 (13.
1302 2323 1380 2381 14
1413 2320 1670 2380 fortasse
1716 2320 1892 2379 etiam
1922 2317 2005 2393 4),
2052 2339 2246 2397 neque
2293 2322 2613 2398 quidquam
2649 2339 2782 2397 pro·

537 2424 790 2485 habilius
836 2428 942 2493 est,
990 2443 1170 2501 quam
1217 2442 1338 2498 cos,
1383 2424 1483 2500 qui
1533 2442 1643 2483 sua
1689 2429 1904 2501 sponte
1951 2422 2027 2483 ad
2068 2424 2492 2502 primipilatum
2534 2423 2783 2500 legionis

536 2528 855 2600 redierant,
900 2526 976 2585 ad
1023 2526 1463 2602 praefecturam
1511 2525 1777 2603 ejusdem
1826 2527 2080 2603 legionis
2111 2533 2416 2603 promotos
2446 2544 2596 2587 esse.
2667 2527 2782 2586 Ta·

538 2650 671 2692 men
735 2630 921 2690 multo
989 2631 1234 2707 saepius
1290 2634 1688 2706 procuratura
1746 2632 1939 2690 statim
2003 2630 2314 2707 primipilis
2371 2632 2582 2690 iterum
2647 2629 2785 2687 data

537 2732 778 2792 videtur
825 2749 958 2791 esse
1003 2728 1376 2805 (9—12).⁴⁹)

707 2836 1148 2894 Procuraturas
1208 2853 1266 2911 p.
1311 2853 1368 2911 p.
1429 2835 1642 2894 iterum
1703 2834 2071 2911 acceperuut
2131 2834 2307 2894 valde
2360 2838 2785 2911 quaestuosas3

536 2938 599 2998 in
651 2938 925 2997 undecim
973 2936 1162 2996 titulis
1209 2934 1424 3013 (2—7,
1469 2940 1697 3014 9—12‚
1745 2933 1848 3008 14)
1892 2936 2315 3014 septemdecim
2351 2943 2784 3013 procuraturae

540 3042 770 3116 insunt,
829 3057 1080 3117 quarum
1131 3038 1337 3099 decem
1384 3039 1820 3116 provinciales,
1884 3039 2151 3116 quinque
2198 3040 2462 3099 urbanae
2506 3043 2663 3114 sunt,
2706 3037 2782 3097 de

542 3143 775 3203 duobus
835 3161 952 3201 non
1015 3142 1200 3217 liquet
1244 3142 1327 3215 (4.
1373 3137 1455 3213 9).
1551 3140 2012 3201 Provincialium
2057 3160 2162 3201 sex
2207 3148 2348 3201 sunt
2392 3140 2783 3200 ducenariae:

540 3244 967 3321 Lugdunensis
999 3250 1059 3303 et
1089 3244 1454 3320 Aquitaniae
1486 3242 1567 3316 (7.
1600 3246 1722 3319 14),
1766 3244 2044 3317 Belgicae
2076 3239 2182 3314 (5),
2230 3243 2575 3302 Britanniae
2606 3239 2785 3313 (3.7),

540 3346 849 3409 Sardiniae
917 3344 1073 3421 (12);
1161 3346 1428 3422 reliquae
1495 3352 1638 3404 sunt
1699 3346 2091 3404 centenariae.
2113 3342 2193 3417 ⁵⁰)
2311 3345 2378 3404 In
2453 3343 2784 3404 officiorum

541 3450 907 3509 urbanorum
962 3466 1211 3508 numero
1274 3451 1366 3507 ter
1426 3465 1712 3507 summam
1775 3451 2228 3522 procuraturam
2282 3466 2354 3519 „a
2397 3444 2788 3523 rationibus“,

542 3571 697 3630 quae
741 3552 1081 3612 trecenaria
1127 3550 1257 3626 suit,
1299 3552 1636 3610 invenimus
1681 3547 1762 3623 (7.
1814 3547 1936 3622 14).

710 3770 781 3835 ⁴⁰)
814 3766 999 3821 Wilm.
1045 3764 1171 3835 eph.
1220 3767 1394 3835 epigr.
1442 3766 1470 3819 I
1519 3782 1571 3834 p.
1615 3770 1699 3819 101
1745 3764 2143 3833 primipilatum
2180 3764 2428 3834 proxime
2463 3769 2594 3817 ante
2628 3778 2786 3831 prae-

544 3852 813 3907 fecturam
851 3852 1091 3919 legionis
1126 3853 1385 3906 iteratum
1422 3857 1810 3919 argumentum
1849 3865 1975 3904 esse
2003 3850 2253 3921 judicat,
2290 3863 2452 3919 quam
2486 3854 2607 3904 arte
2632 3863 2787 3916 prae-

541 3937 760 3993 fectura
794 3937 1226 4007 primipilaritati
1253 3936 1452 4006 juncta
1488 3934 1673 3990 fuerit.

715 4026 780 4088 ⁵⁰)
818 4022 902 4076 De
939 4029 1360 4091 procuratorum
1396 4021 1666 4089 gradibus
1702 4020 1771 4075 cf.
1809 4018 2146 4087 Hirschfeld,
2182 4019 2214 4074 l.
2243 4036 2290 4073 c.
2327 4035 2381 4087 p.
2409 4023 2523 4073 241.
2583 4019 2788 4072 Procu-

542 4116 690 4162 rator
735 4107 1049 4172 Sardiniae,
1096 4108 1191 4176 qui
1238 4107 1402 4161 simul
1438 4106 1761 4174 provinciae
1799 4112 2083 4174 praeerat,
2129 4105 2585 4174 procuratoribus
2622 4102 2789 4155 maxi-

543 4209 750 4247 marum
800 4192 1209 4260 provinciarum
1258 4207 1361 4261 par
1406 4191 1786 4263 aestimandus
1834 4197 1941 4245 est.
2006 4188 2119 4257 (Cf.
2167 4188 2511 4253 Hirschfeld3
2561 4188 2630 4241 de
2669 4187 2790 4240 Sar-

546 4278 713 4345 dinia,
751 4277 1043 4352 provincia
1078 4277 1463 4345 procuratoria
1497 4277 1565 4330 cf.
1605 4276 1778 4347 Marq.
1815 4276 1843 4329 1
1878 4292 1931 4344 p.
1970 4278 2076 4343 48.)
