3166 4871
601 254 683 317 20
1602 246 1861 305 Zacher

597 429 726 508 geri
772 429 1065 489 vocabula
1110 446 1363 505 quorum
1426 428 1658 504 duplex
1705 434 1795 489 est
1839 429 2063 509 forma,
2128 432 2316 492 altera
2372 433 2436 492 in
2483 450 2589 491 αιο
2651 435 2846 494 altera

597 533 658 591 in
704 547 814 611 ηιο
860 531 1155 591 desinens.
1243 529 1475 604 Quibus
1522 532 1792 590 collectis
1853 536 1913 592 et
1977 534 2288 610 percensis
2351 535 2399 594 si
2459 535 2694 611 parebit
2739 537 2845 596 has

598 633 821 693 formas
866 653 985 694 non
1031 633 1449 694 terminatione
1491 634 1620 693 sola
1662 635 1819 694 inter
1880 653 1945 695 se
2010 636 2290 715 differre,
2350 636 2456 696 sed
2526 638 2700 697 etiam
2746 640 2845 698 vel

596 736 966 797 formationis
1009 738 1242 796 ratione
1288 736 1386 795 vel
1427 732 1876 815 significatione,
1921 738 1970 797 si
2015 738 2251 815 parebit
2294 738 2500 799 eadem
2548 740 2844 800 vocabula

599 840 776 900 etiam
825 855 922 897 ειο
952 832 1388 898 'terminatione
1431 839 1550 915 uti,
1596 842 1656 898 et
1700 857 1856 915 quae
1903 840 1962 898 in
2009 855 2120 918 ηιο
2167 840 2451 900 desinunt
2493 841 2678 901 multo
2725 861 2840 901 ma-

598 943 692 1018 gis
738 960 869 1000 cum
914 941 987 1000 iis
1036 941 1353 1000 concinere
1382 927 1551 1016 ‘quae
1599 958 1696 998 ειο
1742 959 1918 1017 quam
1965 959 2118 1016 quae
2166 957 2274 999 αιο
2334 943 2397 1001 in
2441 942 2558 1003 fine
2602 944 2843 1022 habeut,

596 1043 727 1105 fieri
771 1062 889 1104 non
933 1045 1157 1120 poterit
1198 1043 1341 1119 quin
1380 1043 1571 1120 judex
1617 1061 1847 1119 aequus
1906 1046 1967 1102 et
2010 1043 2110 1120 qui
2158 1044 2459 1120 ingentem
2507 1046 2838 1105 multitudi-

601 1165 737 1206 nem
783 1146 1213 1207 vocahulorum
1260 1147 1320 1205 in
1367 1162 1475 1225 ηιο
1520 1163 1556 1204 a
1600 1145 1849 1206 vocibus
1910 1146 1969 1205 in
2020 1162 2116 1203 ειο
2176 1146 2605 1222 pullulantium
2654 1149 2839 1226 respi-

597 1250 732 1327 ciat,
777 1249 887 1309 has
933 1247 1156 1308 formas
1202 1248 1261 1307 in
1308 1264 1418 1327 ηιο
1465 1247 1808 1307 desinentes
1853 1247 2158 1325 abjudicet
2187 1267 2223 1307 a
2252 1249 2588 1309 terminatis
2622 1252 2680 1309 in
2714 1268 2841 1330 αιο,

595 1351 839 1411 addicat
883 1351 953 1411 iis
999 1368 1153 1426 quae
1200 1367 1297 1408 ειο
1343 1351 1403 1410 in
1448 1349 1565 1409 fine
1610 1350 1848 1409 habent.

766 1453 969 1530 Atque
1013 1454 1267 1531 primum
1315 1452 1557 1529 quidem
1603 1453 1751 1528 ipso,
1796 1456 1863 1512 ut
1903 1453 1990 1511 ita
2033 1452 2261 1532 dicam,
2306 1472 2558 1533 corpore
2604 1455 2842 1516 diversa

595 1561 738 1617 sunt
783 1557 901 1616 duo
959 1556 1391 1615 vocabulorum
1434 1555 1634 1634 paria,
1694 1551 2011 1633 βορραϊος
2062 1544 2334 1635 βορήιος
2389 1561 2450 1616 et
2508 1555 2838 1628 κλοπατος

595 1648 957 1737 κλωπήιος.
1050 1659 1204 1717 Nam
1248 1653 1631 1736 βορραῑος
1677 1662 1738 1716 et
1781 1646 2130 1735 βορήιος
2174 1658 2250 1718 ab
2296 1660 2505 1719 eodem
2568 1660 2665 1719 illa
2710 1662 2837 1737 qui·

596 1762 730 1822 dem
777 1761 1071 1821 vocabulo
1117 1760 1488 1819 descendunt
1525 1754 1785 1839 βορέας,
1830 1760 1938 1820 sed
1969 1756 2285 1839 βορραϊος
2330 1779 2404 1822 ex
2451 1761 2642 1822 forma
2683 1759 2836 1840 βορ-

599 1861 737 1943 ρᾶς,
782 1881 937 1941 quae
982 1881 1056 1923 ex
1101 1859 1335 1940 βορρᾶς
1396 1862 1840 1922 assimulatione
1900 1861 2095 1941 facta,
2156 1862 2489 1924 derivatum
2551 1882 2683 1924 esse
2748 1882 2837 1923 ar-

596 1969 726 2045 guit
769 1984 808 2045 ρ
873 1966 1132 2043 duplex,
1189 1954 1461 2043 βορήιος
1518 1968 1751 2043 autem,
1823 1964 1986 2042 quod
2053 1969 2145 2025 est
2203 1984 2298 2042 ap.
2342 1967 2714 2027 Herodotum
2778 1973 2837 2027 et

594 2069 873 2149 Apollon.
918 2067 1142 2145 Rhod.,
1185 2069 1438 2127 ionicam
1486 2068 1661 2128 modo
1705 2067 1955 2127 formam
2002 2085 2132 2127 esse
2175 2087 2285 2146 pro
2343 2071 2523 2128 attico
2554 2059 2836 2147 βόρειος,

593 2172 757 2249 quod
804 2173 899 2232 vel
945 2170 1143 2231 suffixi
1193 2188 1255 2228 ιο
1302 2189 1452 2248 ope,
1525 2167 1882 2247 βορε-ιος,
1957 2172 2051 2230 vel
2099 2169 2314 2230 suffixo
2377 2188 2473 2230 ειο
2520 2171 2833 2232 formatum

591 2272 901 2353 βορ-ειος,
947 2276 1214 2350 apparet.
1306 2272 1533 2332 Deinde
1579 2271 2003 2348 κλοπαῑος,
2049 2291 2169 2349 quo
2202 2274 2541 2351 Aeschylus
2573 2278 2632 2334 et
2660 2275 2832 2334 Plato

593 2377 685 2438 usi
729 2381 904 2454 sunt,
966 2375 1095 2437 eius
1153 2375 1579 2435 vocabulorum
1644 2377 1883 2453 generis
1927 2378 2055 2453 est,
2117 2393 2274 2454 quae
2319 2394 2356 2434 a
2397 2376 2600 2437 verbis
2660 2377 2837 2437 mutis

594 2480 948 2540 derivantur
1009 2483 1069 2539 et
1114 2483 1388 2555 agentem
1435 2480 1687 2538 maxime
1734 2478 2106 2557 significant,
2165 2478 2241 2538 de
2304 2480 2520 2557 quihus
2585 2479 2644 2538 in
2705 2479 2833 2539 loco

594 2581 654 2656 (ξ
702 2579 781 2638 70
826 2580 981 2660 sqq.)
1044 2565 1237 2640 fusius
1313 2581 1781 2659 disputabimus;
1871 2581 2204 2642 derivatum
2281 2587 2374 2641 est
2448 2601 2484 2640 a
2541 2576 2830 2639 κλέπτω.

591 2685 804 2762 Longe
857 2684 1159 2744 diversum
1226 2672 1647 2761 κλωπήιος
1705 2684 1864 2760 apud
1925 2685 2037 2761 Ap.
2082 2683 2270 2743 Rhod.
2330 2687 2390 2743 et
2435 2685 2672 2743 Maxim.
2739 2703 2830 2744 ca·

591 2788 801 2865 tarch.,
847 2787 1008 2862 quod
1055 2805 1091 2846 a
1134 2776 1332 2862 κλώψ
1378 2785 1479 2845 vel
1520 2775 1873 2857 κλωπεύω,
1921 2786 2079 2846 unde
2126 2786 2300 2845 etiam
2347 2779 2668 2844 κλωπεία.

760 2889 1209 2966 Significatione
1266 2888 1551 2948 differunt
1608 2889 1864 2964 primum
1925 2894 2340 2966 νυμφαῑος
2401 2892 2720 2965 ι-ὐμφαῑ
2735 2903 2832 2946 ον

591 2996 652 3052 et
696 2980 1118 3070 νυμφήιος
1162 2978 1478 3069 νυμφὴι
1497 3007 1587 3048 ον
1630 2991 1746 3069 ita,
1792 2995 1857 3050 ut
1903 2979 2231 3067 νυμφήιος
2278 2978 2612 3068 νυμφήιον
2657 2990 2824 3067 peni-

588 3098 686 3155 tus
733 3095 1107 3155 consentiant
1144 3111 1281 3154 cum
1312 3082 1631 3169 νύμφειος
1661 3099 2006 3170 νυμφεῖον.
2098 3093 2252 3152 Nam
2286 3097 2618 3169 νυμφαῑος
2648 3093 2826 3168 signi-

588 3196 729 3257 ficat
772 3196 935 3274 quod
979 3196 1058 3257 ad
1104 3196 1419 3274 Nymphas
1464 3196 1763 3273 pertinet,
1823 3201 2165 3273 νυμφαῑον
2224 3195 2428 3255 fanum
2491 3194 2590 3254 vel
2632 3195 2828 3255 locum

588 3300 886 3376 Nymphis
930 3317 1198 3359 sacrum:
1258 3287 1578 3375 νύμφειος
1623 3298 1785 3375 apud
1831 3298 1971 3358 Eur.
2016 3298 2186 3358 Pind.
2232 3298 2412 3357 Anth.
2459 3301 2552 3356 est
2594 3297 2829 3373 nuptia·
2917 3337 2934 3346 -

587 3402 661 3461 lis
707 3402 802 3461 vel
847 3401 1140 3479 quidquid
1186 3401 1262 3462 ad
1293 3419 1571 3478 sponsam
1606 3405 1931 3478 nuptamve
1959 3401 2237 3478 pertinet,
2283 3406 2612 3477 νυμφεῖον
2660 3397 2825 3476 apud

588 3503 769 3580 Soph.
812 3505 1107 3564 thalamus
1154 3504 1465 3582 nuptialis,
1508 3511 1797 3582 νυμφεῖα
1843 3504 2004 3582 apud
2050 3503 2303 3563 eundem
2349 3503 2688 3579 nuptiarum
2737 3519 2829 3561 so·

587 3607 823 3667 lemnia.
938 3607 1129 3667 Plane
1195 3608 1433 3667 easdem
1500 3607 1967 3686 significationes
2031 3604 2256 3666 habent
2329 3593 2660 3683 νυμφήιος
2733 3622 2829 3679 ap.

587 3709 805 3788 Nonn„
850 3699 1187 3787 νυμφήιον
1232 3710 1490 3786 Gallim„
1551 3699 1850 3787 νυμφήια
1896 3729 1989 3786 ap.
2034 3707 2259 3768 Mosch.
2304 3737 2386 3746 —
2433 3707 2616 3767 Aliud
2661 3706 2827 3766 diffe-

587 3813 816 3872 tentiae
860 3830 1053 3890 genus
1092 3812 1407 3873 intercedit
1434 3811 1592 3872 inter
1637 3806 1970 3888 δοχαῑος
2016 3799 2377 3889 δοχήιον,
2423 3815 2827 3889 τροπαῖος

585 3903 1035 3993 τροπήιον,
1082 3902 1423 3994 ὑόραῑος
1466 3900 1845 3992 ὑδρήιον.
1937 3915 2090 3974 Nam
2135 3914 2275 3973 licet
2318 3918 2641 3993 τροπετον
2703 3930 2826 3971 non

586 4015 663 4077 sit
707 4021 1025 4095 servatum,
1083 4023 1279 4078 tamen
1326 4035 1399 4077 ea
1446 4017 1877 4077 vocabulorum
1926 4004 2202 4094 ὀόχήιον
2246 4004 2585 4095 τροπήιον
2629 4001 2827 4093 ὑδρή-

587 4134 696 4178 ιον
740 4119 1091 4196 significatio
1138 4125 1260 4197 est,
1316 4124 1383 4179 ut
1426 4137 1545 4178 non
1593 4120 1828 4195 possint
1870 4137 1987 4178 non
2035 4137 2145 4196 pro
2192 4113 2457 4194 ὀόχετον
2503 4122 2828 4196 τροπεῐον

585 4208 857 4302 ὑδρεῖον
902 4221 1060 4282 dicta
1103 4237 1250 4282 esse.
1336 4223 1467 4281 Hoc
1515 4222 1670 4282 enim
1733 4219 1931 4280 suffixi
1993 4220 2283 4280 neutralis
2330 4236 2471 4278 ειον
2514 4218 2824 4296 proprium
