3166 4871
979 251 1066 307 De
1101 252 1307 308 nomin.
1343 253 1402 307 in
1437 272 1603 320 -αιος,
1673 258 1707 320 3
1745 259 1826 308 7¹.
2460 260 2577 321 195

323 432 467 494 1181.
555 430 674 493 Sed
720 420 891 511 βολή
935 450 1245 509 uunquam
1301 431 1603 510 significat
1653 431 1955 510 impetum.
2047 433 2261 510 Itaque
2304 429 2580 505 βολαῖος
2610 490 2626 515 ,

324 534 549 595 rectius
595 554 632 595 a
675 523 906 608 βάλλω
951 535 1341 613 repetendum
1388 534 1646 612 videtur,
1691 540 1758 596 ut
1799 534 2096 614 significet
2123 540 2248 597 aut·
2270 535 2580 613 irretitum,

316 636 488 715 jactu
537 637 686 697 retis
731 625 965 715 (βόλῳ)
1011 643 1282 715 captum,
1340 641 1470 717 aut,
1526 637 1691 714 quod
1734 637 1924 715 magis
1969 637 2195 714 placet,
2228 637 2435 715 jaculo
2485 637 2578 698 vel

325 739 588 799 tridente
633 756 1004 817 percussum,
1049 758 1183 800 nam
1231 743 1298 800 ut
1342 758 1520 817 nunc,
1563 740 1651 800 sic
1694 741 1872 800 etiam
1919 746 2044 801 tum
2079 740 2301 817 jaculis
2332 738 2579 813 (triden-

325 840 508 915 tibus)
553 841 769 919 thynni
815 842 1242 902 occidebantur
1273 840 1486 915 (echol.
1510 843 1612 902 Ar.
1635 843 1817 921 Veep.
1850 838 2037 903 1087:
2083 831 2576 917 θυννάζοντες·

324 941 755 1017 κεντοῦντες,
808 931 899 1015 ὡς
941 932 1105 1015 τούς
1149 933 1450 1016 θύννους
1493 951 1636 1016 τοῖς
1678 933 2045 1024 τριόδουσι,
2087 941 2576 1024 μεταφορικῶς.

325 1047 520 1108 saida
595 1035 1083 1122 θυννάζοντες
1150 1030 1305 1106 άντὶ
1366 1043 1492 1106 τοῦ
1556 1043 2161 1121 κατακεντοῦντες,
2228 1037 2387 1117 τοὺς
2452 1036 2576 1126 γὰρ

321 1138 663 1227 μεγάλους
720 1138 1025 1219 θύννους
1082 1137 1471 1228 τριόδουσιν
1533 1138 1930 1228 ἐλάμβανον.
2016 1150 2165 1211 Item
2213 1148 2472 1226 Hesych.
2517 1152 2577 1209 et

323 1252 499 1311 Phot.
544 1252 696 1311 Pliu.
740 1252 818 1312 N.
861 1253 935 1311 Η.
979 1252 1089 1330 ΙΧ,
1141 1249 1250 1330 15,
1294 1249 1418 1323 51).
1504 1253 1672 1313 Haec
1730 1251 1972 1312 videtur
2030 1269 2161 1313 csse
2219 1249 2574 1329 significatio

326 1373 543 1415 versus
587 1357 804 1431 poetae
849 1354 1063 1430 tragici
1109 1372 1145 1413 a
1189 1353 1346 1413 Plut.
1394 1355 1461 1413 V.
1506 1353 1745 1414 Lucull.
1791 1372 1842 1413 c.
1893 1352 1917 1411 1
1972 1360 2032 1414 et
2075 1355 2226 1414 Mor.
2268 1373 2326 1431 p.
2356 1351 2479 1410 554
2510 1355 2577 1414 F.

325 1457 522 1517 allati:
589 1444 850 1527 θύννος
904 1452 1177 1529 βολαῖος
1235 1450 1531 1535 πέλαγος
1575 1443 1669 1528 ὡς
1714 1451 2097 1535 διαστροβεῖ
2106 1503 2125 1531 ,
2192 1461 2259 1518 ut
2308 1457 2577 1533 thynnus

324 1561 497 1621 hasta
541 1576 869 1637 percussus
912 1559 1185 1637 palpitat.
2680 1544 2685 1551 “

496 1649 1028 1734 άναβόλαιον,
1079 1666 1444 1724 ornamenta
1499 1660 1815 1722 mulierum
1861 1660 1993 1735 (der
2024 1658 2394 1740 ausschlag),
2450 1661 2577 1737 qui·

324 1768 437 1828 bus
481 1770 729 1844 pectora
772 1769 833 1825 et
875 1765 1105 1825 humeri
1149 1769 1571 1844 proteguntur.
1658 1765 1906 1826 Hieron.
1947 1764 2010 1825 iu
2055 1765 2155 1826 Ee.
2187 1762 2245 1842 4,
2292 1761 2345 1825 1.
2390 1763 2575 1825 vestie

322 1869 685 1948 pontificalis
727 1868 890 1946 apud
934 1850 1228 1929 Athenas.

496 1959 969 2046 ἐπιβόλαιον
1030 1972 1068 2031 i.
1105 1990 1162 2049 q.
1221 1962 1558 2051 ἐπίβλημα
1619 1971 1838 2032 Ezech.
1891 1967 1984 2048 13,
2034 1966 2127 2032 18.
2171 1966 2270 2029 21.
2330 1969 2576 2046 Joseph.

325 2076 397 2135 A.
441 2076 496 2136 J.
542 2071 600 2151 6,
653 2072 748 2153 11,
792 2071 849 2133 4.
895 2074 1008 2152 Ap.
1052 2074 1234 2150 Soph.
1280 2074 1316 2134 l.
1360 2075 1532 2134 Hom.
1577 2092 1624 2134 e.
1653 2093 1710 2134 v,
1743 2060 2005 2151 Ἑανός;
2050 2073 2198 2132 Poll.
2228 2068 2286 2151 6,
2335 2070 2429 2131 10.

496 2164 1025 2256 περιβόλαιον
1069 2201 1152 2222 =
1198 2170 1598 2256 περίβλημα,
1645 2177 2069 2254 velamentum,
2097 2176 2242 2236 Eur.
2264 2175 2419 2235 Plut.
2443 2174 2575 2234 Gal.

495 2267 1013 2359 προβόλαιος.
1061 2268 1481 2359 προβόλαιον
1527 2268 1695 2358 δόρυ
1723 2278 1905 2339 Tbcr.
1936 2275 2038 2355 24,
2075 2274 2211 2337 123.
2256 2264 2294 2337 ὃ
2326 2266 2573 2356 προβό-

326 2381 515 2455 λαιος
560 2381 638 2444 de
683 2383 857 2443 hasta
899 2400 1060 2443 orac.
1104 2400 1200 2460 ap.
1243 2381 1385 2444 Hdt.
1432 2378 1497 2462 7,
1547 2377 1684 2443 148.
1772 2381 1937 2443 Idem
1997 2399 2127 2443 esse
2182 2386 2364 2460 atque
2407 2397 2572 2460 προ-

321 2475 743 2564 βαλλόμενος
786 2489 973 2563 patet.

497 2576 1005 2668 συμβόλαιον.
1092 2589 1288 2649 Huius
1332 2588 1611 2649 vocabuli
1652 2588 1856 2649 variae
1902 2593 2045 2650 sunt
2087 2587 2576 2666 significationes,

324 2710 482 2770 quae
543 2697 742 2752 tamen
802 2709 1009 2764 omnee
1065 2690 1249 2751 multo
1307 2690 1521 2752 melius
1579 2692 1949 2752 conveniunt
2007 2709 2142 2752 cum
2188 2690 2369 2751 verbo
2416 2701 2572 2768 συμ-

321 2783 602 2868 βάλλειν
651 2781 1151 2872 συμβάλλεσθαι
1198 2812 1374 2871 quam
1406 2811 1540 2854 cum
1571 2794 1946 2856 substantivo
1979 2781 2300 2871 συμβολή.
2379 2792 2431 2853 1.
2460 2793 2495 2853 i.
2518 2812 2575 2870 q.

323 2887 698 2974 σύμβολον,
761 2901 927 2973 nota,
988 2897 1253 2974 signum,
1314 2895 1599 2956 indicium
1662 2894 1821 2958 undc
1884 2895 2026 2972 quis
2060 2896 2417 2972 intellegere
2476 2896 2573 2955 vel

322 3001 632 3077 conjicere
690 2999 917 3076 aliquid
977 3000 1168 3086 possit
1225 2995 1596 3076 (quanquam
1655 3017 1776 3059 non
1835 2999 1981 3059 satie
2025 3001 2216 3075 patet,
2275 2997 2572 3074 quomodo

321 3103 475 3162 haec
521 3102 775 3163 nominis
804 3101 1157 3177 significatio
1190 3106 1321 3162 orta
1350 3102 1457 3179 εἰη
1501 3100 1759 3161 fortasse
1789 3101 2033 3178 proprie
2064 3100 2375 3162 causativa
2406 3097 2574 3171 erat).

322 3202 382 3265 2.
426 3209 702 3283 pactum,
759 3208 1155 3281 conventum,
1208 3193 1288 3263 τὸ
1343 3191 1898 3282 συμβαλλόμενον
1942 3191 2464 3279 (συμβάλλεσθαί
2508 3219 2571 3260 τι

322 3308 400 3369 de
443 3300 655 3386 eliqua
697 3325 765 3367 re
796 3304 1161 3378 convenire).
1233 3307 1390 3367 Hinc
1419 3306 1780 3370 abstractior
1810 3304 2163 3384 significatio
2193 3305 2574 3385 comercium,

322 3430 373 3472 e.
403 3430 454 3471 c.
483 3412 627 3471 Eur.
657 3408 941 3488 Ion.411,
969 3428 1128 3488 quae
1159 3428 1279 3470 non
1311 3413 1510 3487 potest
1539 3409 1676 3470 elici
1709 3428 1784 3470 ex
1815 3398 2111 3488 συμβολή
2144 3415 2210 3469 ut
2237 3414 2378 3488 pote
2409 3408 2571 3487 quod

321 3513 684 3574 vocabulum
732 3531 1040 3590 nunquam
1085 3531 1214 3573 eam
1261 3513 1615 3574 sententiam
1647 3512 1881 3573 habeat.
1957 3509 2012 3572 3.
2057 3514 2315 3590 pecunia
2344 3512 2573 3573 credita

321 3605 701 3692 vel‘debita,
759 3632 943 3693 quum
1003 3602 1404 3693 συμβάλλειν
1462 3616 1640 3675 etiam
1694 3614 1987 3692 significet
2030 3616 2347 3693 pecuniam
2390 3615 2568 3676 alicui

323 3717 591 3779 credere.
637 3748 720 3758 —-
763 3717 952 3778 Plane
997 3717 1274 3778 diversae
1317 3721 1458 3777 eunt
1503 3718 1670 3777 vocis
1717 3706 2015 3798 συμβολή
2070 3716 2569 3795 significationes:

323 3821 689 3899 conjunctio,
734 3821 1138 3898 commissura,
1173 3819 1485 3898 junctura,
1528 3820 1859 3899 conflictae,
1903 3838 2286 3898 congressus,
2330 3820 2569 3882 collatio

322 3943 478 4002 quae
523 3922 591 3983 fit
634 3923 887 4001 singulis
931 3924 991 3983 in
1038 3940 1369 4000 commune,
1411 3923 1712 3984 collectae.

493 4016 988 4105 συμβόλαιος
1045 4025 1408 4103 adjectivum
1469 4025 1652 4087 semel
1709 4027 2009 4104 reperitur
2052 4027 2247 4088 Thuc.
2289 4027 2338 4104 1,
2384 4022 2485 4102 77,
2535 4023 2561 4082 1

322 4119 806 4209 ἐλασσούμενοι
837 4122 912 4188 ἐν
932 4134 1080 4200 ταῖς
1103 4122 1533 4206 συμβολαὶαις
1553 4119 1728 4209 πρὸς
1750 4120 1910 4200 τούς
1940 4118 2317 4207 ξυμμάχους
2342 4121 2570 4196 δίκαις.

322 4234 453 4295 Hoc
499 4233 635 4294 loco
665 4226 1090 4322 ἱσυμβολαίας
1136 4225 1324 4299 δίκας
1368 4231 1522 4292 idem
1570 4251 1701 4292 esse
1748 4231 1910 4310 quod
1956 4232 2091 4292 aliie
2134 4232 2282 4291 locis
2317 4232 2568 4290 vocatur
