<?xml version="1.0" encoding="UTF-8"?>
<!DOCTYPE html PUBLIC "-//W3C//DTD XHTML 1.0 Transitional//EN"
    "http://www.w3.org/TR/xhtml1/DTD/xhtml1-transitional.dtd">
<html xmlns="http://www.w3.org/1999/xhtml" xml:lang="en" lang="en">
 <head>
  <title>
</title>
<meta http-equiv="Content-Type" content="text/html;charset=utf-8" />
  <meta name='ocr-system' content='tesseract 3.04.00' />
  <meta name='ocr-capabilities' content='ocr_page ocr_carea ocr_par ocr_line ocrx_word'/>
</head>
<body>
  <div class='ocr_page' id='page_1' title='image "./dissertationesp00hallgoog_0608.png"; bbox 0 0 3166 4871; ppageno 0'>
   <div class='ocr_carea' id='block_1_1' title="bbox 539 256 662 317">
    <p class='ocr_par' dir='ltr' id='par_1_1' title="bbox 539 256 662 317">
     <span class='ocr_line' id='line_1_1' title="bbox 539 256 662 317; baseline -0.008 0"><span class='ocrx_word' id='word_1_1' title='bbox 539 256 662 317; x_wconf 85' lang='lat'><strong>250</strong></span> 
     </span>
    </p>
   </div>
   <div class='ocr_carea' id='block_1_2' title="bbox 499 430 2768 3689">
    <p class='ocr_par' dir='ltr' id='par_1_2' title="bbox 523 430 2768 797">
     <span class='ocr_line' id='line_1_2' title="bbox 530 430 2768 512; baseline 0.002 -22"><span class='ocrx_word' id='word_1_2' title='bbox 530 430 828 507; x_wconf 77' lang='lat' dir='ltr'><strong>elegantia</strong></span> <span class='ocrx_word' id='word_1_3' title='bbox 905 448 975 489; x_wconf 88' lang='lat' dir='ltr'><strong>ac</strong></span> <span class='ocrx_word' id='word_1_4' title='bbox 1036 434 1352 490; x_wconf 87' lang='lat' dir='ltr'><strong>venustate</strong></span> <span class='ocrx_word' id='word_1_5' title='bbox 1421 431 1808 489; x_wconf 85' lang='lat' dir='ltr'><strong>vehementer</strong></span> <span class='ocrx_word' id='word_1_6' title='bbox 1864 430 2210 491; x_wconf 80' lang='lat' dir='ltr'><strong>Ciceronem</strong></span> <span class='ocrx_word' id='word_1_7' title='bbox 2280 432 2549 509; x_wconf 79' lang='lat' dir='ltr'><strong>gavisum</strong></span> <span class='ocrx_word' id='word_1_8' title='bbox 2617 451 2768 512; x_wconf 88' lang='lat' dir='ltr'><strong>esse,</strong></span> 
     </span>
     <span class='ocr_line' id='line_1_3' title="bbox 528 532 2764 610; baseline 0.002 -19"><span class='ocrx_word' id='word_1_9' title='bbox 528 549 886 608; x_wconf 89' lang='lat' dir='ltr'><strong>quamquam</strong></span> <span class='ocrx_word' id='word_1_10' title='bbox 948 532 1022 592; x_wconf 91' lang='lat' dir='ltr'><strong>de</strong></span> <span class='ocrx_word' id='word_1_11' title='bbox 1081 532 1446 592; x_wconf 78' lang='lat' dir='ltr'><strong>carminibus</strong></span> <span class='ocrx_word' id='word_1_12' title='bbox 1505 550 1750 608; x_wconf 89' lang='lat' dir='ltr'><strong>quoque</strong></span> <span class='ocrx_word' id='word_1_13' title='bbox 1807 551 1943 591; x_wconf 89' lang='lat' dir='ltr'><strong>eum</strong></span> <span class='ocrx_word' id='word_1_14' title='bbox 2000 550 2182 610; x_wconf 90' lang='lat' dir='ltr'><strong>saepe</strong></span> <span class='ocrx_word' id='word_1_15' title='bbox 2244 553 2363 594; x_wconf 92' lang='lat' dir='ltr'><strong>non</strong></span> <span class='ocrx_word' id='word_1_16' title='bbox 2426 540 2491 594; x_wconf 90' lang='lat' dir='ltr'><strong>ut</strong></span> <span class='ocrx_word' id='word_1_17' title='bbox 2548 536 2764 596; x_wconf 83' lang='lat' dir='ltr'><strong>artium</strong></span> 
     </span>
     <span class='ocr_line' id='line_1_4' title="bbox 523 634 2766 712; baseline 0.002 -18"><span class='ocrx_word' id='word_1_18' title='bbox 523 634 812 711; x_wconf 88' lang='lat' dir='ltr'><strong>judicem,</strong></span> <span class='ocrx_word' id='word_1_19' title='bbox 864 634 969 694; x_wconf 91' lang='lat' dir='ltr'><strong>sed</strong></span> <span class='ocrx_word' id='word_1_20' title='bbox 1031 640 1097 693; x_wconf 92' lang='grc' dir='ltr'><strong>ιιι</strong></span> <span class='ocrx_word' id='word_1_21' title='bbox 1158 640 1450 695; x_wconf 87' lang='lat' dir='ltr'><strong>oratorem</strong></span> <span class='ocrx_word' id='word_1_22' title='bbox 1514 636 1610 694; x_wconf 89' lang='lat' dir='ltr'><strong>vel</strong></span> <span class='ocrx_word' id='word_1_23' title='bbox 1656 635 2078 712; x_wconf 85' lang='lat' dir='ltr'><strong>philosophum</strong></span> <span class='ocrx_word' id='word_1_24' title='bbox 2140 638 2491 697; x_wconf 87' lang='lat' dir='ltr'><strong>sententiam</strong></span> <span class='ocrx_word' id='word_1_25' title='bbox 2552 638 2766 699; x_wconf 83' lang='lat' dir='ltr'><strong>fecisse</strong></span> 
     </span>
     <span class='ocr_line' id='line_1_5' title="bbox 525 737 2415 797; baseline -0.004 0"><span class='ocrx_word' id='word_1_26' title='bbox 525 737 871 797; x_wconf 82' lang='lat' dir='ltr'><strong>videbimus.</strong></span> <span class='ocrx_word' id='word_1_27' title='bbox 2408 738 2415 743; x_wconf 73' lang='grc'><strong>’</strong></span> 
     </span>
    </p>

    <p class='ocr_par' dir='ltr' id='par_1_3' title="bbox 499 838 2763 3689">
     <span class='ocr_line' id='line_1_6' title="bbox 694 838 2762 919; baseline 0.001 -18"><span class='ocrx_word' id='word_1_28' title='bbox 694 840 995 916; x_wconf 82' lang='lat' dir='ltr'><strong>Sequitur,</strong></span> <span class='ocrx_word' id='word_1_29' title='bbox 1041 838 1123 917; x_wconf 77' lang='lat' dir='ltr'><strong>ut,</strong></span> <span class='ocrx_word' id='word_1_30' title='bbox 1167 839 1514 915; x_wconf 80' lang='lat' dir='ltr'><strong>priusquam</strong></span> <span class='ocrx_word' id='word_1_31' title='bbox 1564 839 1622 898; x_wconf 90' lang='lat' dir='ltr'><strong>in</strong></span> <span class='ocrx_word' id='word_1_32' title='bbox 1658 839 1962 899; x_wconf 73' lang='lat' dir='ltr'><strong>Ciceronis</strong></span> <span class='ocrx_word' id='word_1_33' title='bbox 2007 839 2083 900; x_wconf 91' lang='lat' dir='ltr'><strong>de</strong></span> <span class='ocrx_word' id='word_1_34' title='bbox 2114 840 2365 919; x_wconf 89' lang='lat' dir='ltr'><strong>singulis</strong></span> <span class='ocrx_word' id='word_1_35' title='bbox 2396 840 2762 904; x_wconf 88' lang='lat' dir='ltr'><strong>Graecorum</strong></span> 
     </span>
     <span class='ocr_line' id='line_1_7' title="bbox 523 941 2762 1022; baseline 0.001 -20"><span class='ocrx_word' id='word_1_36' title='bbox 523 944 716 1019; x_wconf 85' lang='lat' dir='ltr'><strong>poetis</strong></span> <span class='ocrx_word' id='word_1_37' title='bbox 738 943 1093 1002; x_wconf 86' lang='lat' dir='ltr'><strong>sententiam</strong></span> <span class='ocrx_word' id='word_1_38' title='bbox 1117 941 1464 1016; x_wconf 85' lang='lat' dir='ltr'><strong>diligentius</strong></span> <span class='ocrx_word' id='word_1_39' title='bbox 1487 941 1873 1018; x_wconf 89' lang='lat' dir='ltr'><strong>inquiramus,</strong></span> <span class='ocrx_word' id='word_1_40' title='bbox 1905 943 2113 1019; x_wconf 80' lang='lat' dir='ltr'><strong>paucis</strong></span> <span class='ocrx_word' id='word_1_41' title='bbox 2138 942 2593 1015; x_wconf 80' lang='lat' dir='ltr'><strong>demonstretur,</strong></span> <span class='ocrx_word' id='word_1_42' title='bbox 2617 964 2762 1022; x_wconf 90' lang='lat' dir='ltr'><strong>quo·</strong></span> 
     </span>
     <span class='ocr_line' id='line_1_8' title="bbox 525 1044 2763 1123; baseline 0 -18"><span class='ocrx_word' id='word_1_43' title='bbox 525 1046 699 1106; x_wconf 86' lang='lat' dir='ltr'><strong>modo</strong></span> <span class='ocrx_word' id='word_1_44' title='bbox 731 1045 805 1105; x_wconf 92' lang='lat' dir='ltr'><strong>de</strong></span> <span class='ocrx_word' id='word_1_45' title='bbox 826 1044 1073 1105; x_wconf 84' lang='lat' dir='ltr'><strong>Graecis</strong></span> <span class='ocrx_word' id='word_1_46' title='bbox 1097 1044 1500 1120; x_wconf 86' lang='lat' dir='ltr'><strong>Romanisque</strong></span> <span class='ocrx_word' id='word_1_47' title='bbox 1523 1045 1714 1120; x_wconf 88' lang='lat' dir='ltr'><strong>poetis</strong></span> <span class='ocrx_word' id='word_1_48' title='bbox 1736 1045 1892 1103; x_wconf 86' lang='lat' dir='ltr'><strong>inter</strong></span> <span class='ocrx_word' id='word_1_49' title='bbox 1915 1064 1980 1104; x_wconf 90' lang='lat' dir='ltr'><strong>se</strong></span> <span class='ocrx_word' id='word_1_50' title='bbox 2007 1048 2367 1121; x_wconf 87' lang='lat' dir='ltr'><strong>comparatis</strong></span> <span class='ocrx_word' id='word_1_51' title='bbox 2380 1047 2763 1123; x_wconf 84' lang='lat' dir='ltr'><strong>judicaverit.</strong></span> 
     </span>
     <span class='ocr_line' id='line_1_9' title="bbox 524 1146 2761 1225; baseline 0.001 -18"><span class='ocrx_word' id='word_1_52' title='bbox 524 1148 702 1221; x_wconf 83' lang='lat' dir='ltr'><strong>Quod</strong></span> <span class='ocrx_word' id='word_1_53' title='bbox 748 1146 1187 1224; x_wconf 89' lang='lat' dir='ltr'><strong>quodammodo</strong></span> <span class='ocrx_word' id='word_1_54' title='bbox 1234 1165 1309 1205; x_wconf 86' lang='lat' dir='ltr'><strong>ex</strong></span> <span class='ocrx_word' id='word_1_55' title='bbox 1356 1146 1426 1205; x_wconf 89' lang='lat' dir='ltr'><strong>iis</strong></span> <span class='ocrx_word' id='word_1_56' title='bbox 1473 1147 1621 1221; x_wconf 89' lang='lat' dir='ltr'><strong>ipsis</strong></span> <span class='ocrx_word' id='word_1_57' title='bbox 1664 1152 1866 1221; x_wconf 90' lang='lat' dir='ltr'><strong>potest</strong></span> <span class='ocrx_word' id='word_1_58' title='bbox 1911 1146 2205 1224; x_wconf 80' lang='lat' dir='ltr'><strong>intellegi,</strong></span> <span class='ocrx_word' id='word_1_59' title='bbox 2252 1166 2406 1225; x_wconf 86' lang='lat' dir='ltr'><strong>quae</strong></span> <span class='ocrx_word' id='word_1_60' title='bbox 2436 1150 2602 1210; x_wconf 90' lang='lat' dir='ltr'><strong>initio</strong></span> <span class='ocrx_word' id='word_1_61' title='bbox 2633 1150 2761 1211; x_wconf 86' lang='lat' dir='ltr'><strong>fere</strong></span> 
     </span>
     <span class='ocr_line' id='line_1_10' title="bbox 520 1248 2759 1328; baseline 0.001 -18"><span class='ocrx_word' id='word_1_62' title='bbox 520 1252 737 1328; x_wconf 88' lang='lat' dir='ltr'><strong>prioris</strong></span> <span class='ocrx_word' id='word_1_63' title='bbox 783 1249 970 1326; x_wconf 88' lang='lat' dir='ltr'><strong>partis</strong></span> <span class='ocrx_word' id='word_1_64' title='bbox 1010 1248 1085 1309; x_wconf 92' lang='lat' dir='ltr'><strong>de</strong></span> <span class='ocrx_word' id='word_1_65' title='bbox 1115 1248 1591 1309; x_wconf 86' lang='lat' dir='ltr'><strong>Tusculanarum</strong></span> <span class='ocrx_word' id='word_1_66' title='bbox 1638 1248 2108 1327; x_wconf 87' lang='lat' dir='ltr'><strong>disputationum</strong></span> <span class='ocrx_word' id='word_1_67' title='bbox 2155 1252 2458 1327; x_wconf 91' lang='lat' dir='ltr'><strong>prooemio</strong></span> <span class='ocrx_word' id='word_1_68' title='bbox 2503 1251 2759 1312; x_wconf 88' lang='lat' dir='ltr'><strong>disseru-</strong></span> 
     </span>
     <span class='ocr_line' id='line_1_11' title="bbox 521 1349 2761 1433; baseline 0.001 -22"><span class='ocrx_word' id='word_1_69' title='bbox 521 1355 687 1413; x_wconf 90' lang='lat' dir='ltr'><strong>imus.</strong></span> <span class='ocrx_word' id='word_1_70' title='bbox 761 1352 991 1426; x_wconf 82' lang='lat' dir='ltr'><strong>Quibus</strong></span> <span class='ocrx_word' id='word_1_71' title='bbox 1039 1352 1152 1410; x_wconf 89' lang='lat' dir='ltr'><strong>hoc</strong></span> <span class='ocrx_word' id='word_1_72' title='bbox 1194 1349 1535 1410; x_wconf 88' lang='lat' dir='ltr'><strong>addendum</strong></span> <span class='ocrx_word' id='word_1_73' title='bbox 1583 1350 1820 1410; x_wconf 80' lang='lat' dir='ltr'><strong>videtur</strong></span> <span class='ocrx_word' id='word_1_74' title='bbox 1865 1352 2038 1411; x_wconf 89' lang='lat' dir='ltr'><strong>etiam</strong></span> <span class='ocrx_word' id='word_1_75' title='bbox 2085 1352 2188 1413; x_wconf 92' lang='lat' dir='ltr'><strong>illo</strong></span> <span class='ocrx_word' id='word_1_76' title='bbox 2232 1353 2365 1414; x_wconf 91' lang='lat' dir='ltr'><strong>loco</strong></span> <span class='ocrx_word' id='word_1_77' title='bbox 2396 1354 2761 1433; x_wconf 87' lang='lat' dir='ltr'><strong>Ciceronem,</strong></span> 
     </span>
     <span class='ocr_line' id='line_1_12' title="bbox 520 1454 2758 1532; baseline 0 -17"><span class='ocrx_word' id='word_1_78' title='bbox 520 1473 877 1532; x_wconf 89' lang='lat' dir='ltr'><strong>quamquam</strong></span> <span class='ocrx_word' id='word_1_79' title='bbox 939 1476 975 1512; x_wconf 85' lang='lat' dir='ltr'><strong>a</strong></span> <span class='ocrx_word' id='word_1_80' title='bbox 1018 1454 1168 1513; x_wconf 84' lang='lat' dir='ltr'><strong>falsa</strong></span> <span class='ocrx_word' id='word_1_81' title='bbox 1211 1455 1510 1513; x_wconf 89' lang='lat' dir='ltr'><strong>sententia</strong></span> <span class='ocrx_word' id='word_1_82' title='bbox 1553 1454 1984 1531; x_wconf 87' lang='lat' dir='ltr'><strong>proficiscatur,</strong></span> <span class='ocrx_word' id='word_1_83' title='bbox 2040 1473 2151 1532; x_wconf 86' lang='lat' dir='ltr'><strong>per</strong></span> <span class='ocrx_word' id='word_1_84' title='bbox 2195 1455 2475 1532; x_wconf 86' lang='lat' dir='ltr'><strong>ambages</strong></span> <span class='ocrx_word' id='word_1_85' title='bbox 2510 1463 2758 1531; x_wconf 33' lang='lat' dir='ltr'><strong>‚certam</strong></span> 
     </span>
     <span class='ocr_line' id='line_1_13' title="bbox 519 1555 2756 1635; baseline 0 -17"><span class='ocrx_word' id='word_1_86' title='bbox 519 1559 818 1635; x_wconf 89' lang='lat' dir='ltr'><strong>quandam</strong></span> <span class='ocrx_word' id='word_1_87' title='bbox 866 1559 925 1616; x_wconf 92' lang='lat' dir='ltr'><strong>in</strong></span> <span class='ocrx_word' id='word_1_88' title='bbox 970 1558 1085 1615; x_wconf 86' lang='lat' dir='ltr'><strong>hae</strong></span> <span class='ocrx_word' id='word_1_89' title='bbox 1129 1574 1194 1616; x_wconf 91' lang='lat' dir='ltr'><strong>re</strong></span> <span class='ocrx_word' id='word_1_90' title='bbox 1240 1555 1489 1615; x_wconf 86' lang='lat' dir='ltr'><strong>Graecis</strong></span> <span class='ocrx_word' id='word_1_91' title='bbox 1535 1558 1961 1631; x_wconf 85' lang='lat' dir='ltr'><strong>praestantiam</strong></span> <span class='ocrx_word' id='word_1_92' title='bbox 2018 1575 2150 1617; x_wconf 88' lang='lat' dir='ltr'><strong>esse</strong></span> <span class='ocrx_word' id='word_1_93' title='bbox 2194 1558 2571 1618; x_wconf 87' lang='lat' dir='ltr'><strong>tribuendam</strong></span> <span class='ocrx_word' id='word_1_94' title='bbox 2619 1578 2756 1620; x_wconf 89' lang='lat' dir='ltr'><strong>con-</strong></span> 
     </span>
     <span class='ocr_line' id='line_1_14' title="bbox 518 1658 2759 1739; baseline 0 -18"><span class='ocrx_word' id='word_1_95' title='bbox 518 1661 747 1722; x_wconf 83' lang='lat' dir='ltr'><strong>cedere.</strong></span> <span class='ocrx_word' id='word_1_96' title='bbox 836 1660 975 1733; x_wconf 81' lang='lat' dir='ltr'><strong>Qua</strong></span> <span class='ocrx_word' id='word_1_97' title='bbox 1003 1660 1156 1718; x_wconf 91' lang='lat' dir='ltr'><strong>enim</strong></span> <span class='ocrx_word' id='word_1_98' title='bbox 1187 1658 1305 1718; x_wconf 88' lang='lat' dir='ltr'><strong>alia</strong></span> <span class='ocrx_word' id='word_1_99' title='bbox 1349 1676 1562 1718; x_wconf 85' lang='lat' dir='ltr'><strong>caussa</strong></span> <span class='ocrx_word' id='word_1_100' title='bbox 1606 1676 1738 1717; x_wconf 93' lang='lat' dir='ltr'><strong>eum</strong></span> <span class='ocrx_word' id='word_1_101' title='bbox 1784 1666 2138 1720; x_wconf 87' lang='lat' dir='ltr'><strong>commotum</strong></span> <span class='ocrx_word' id='word_1_102' title='bbox 2177 1678 2307 1720; x_wconf 88' lang='lat' dir='ltr'><strong>esse</strong></span> <span class='ocrx_word' id='word_1_103' title='bbox 2351 1670 2648 1739; x_wconf 91' lang='lat' dir='ltr'><strong>putemus,</strong></span> <span class='ocrx_word' id='word_1_104' title='bbox 2691 1668 2759 1722; x_wconf 86' lang='lat' dir='ltr'><strong>ut</strong></span> 
     </span>
     <span class='ocr_line' id='line_1_15' title="bbox 517 1758 2757 1842; baseline 0 -18"><span class='ocrx_word' id='word_1_105' title='bbox 517 1764 657 1824; x_wconf 90' lang='lat' dir='ltr'><strong>satis</strong></span> <span class='ocrx_word' id='word_1_106' title='bbox 716 1763 1059 1823; x_wconf 85' lang='lat' dir='ltr'><strong>dubitanter</strong></span> <span class='ocrx_word' id='word_1_107' title='bbox 1105 1766 1163 1821; x_wconf 88' lang='lat' dir='ltr'><strong>et</strong></span> <span class='ocrx_word' id='word_1_108' title='bbox 1206 1768 1479 1822; x_wconf 86' lang='lat' dir='ltr'><strong>contorte</strong></span> <span class='ocrx_word' id='word_1_109' title='bbox 1525 1760 1755 1821; x_wconf 88' lang='lat' dir='ltr'><strong>diceret</strong></span> <span class='ocrx_word' id='word_1_110' title='bbox 1799 1758 1860 1835; x_wconf 65' lang='grc' dir='ltr'><strong>(ἓ</strong></span> <span class='ocrx_word' id='word_1_111' title='bbox 1907 1768 1944 1823; x_wconf 89' lang='grc'><strong>3</strong></span> <span class='ocrx_word' id='word_1_112' title='bbox 2001 1760 2176 1835; x_wconf 84' lang='lat' dir='ltr'><strong>extr.)</strong></span> <span class='ocrx_word' id='word_1_113' title='bbox 2228 1765 2394 1835; x_wconf 88' lang='lat' dir='ltr'><strong>„Nec</strong></span> <span class='ocrx_word' id='word_1_114' title='bbox 2438 1772 2663 1842; x_wconf 87' lang='lat' dir='ltr'><strong>tamen,</strong></span> <span class='ocrx_word' id='word_1_115' title='bbox 2706 1765 2757 1824; x_wconf 90' lang='lat' dir='ltr'><strong>si</strong></span> 
     </span>
     <span class='ocr_line' id='line_1_16' title="bbox 516 1864 2755 1944; baseline 0 -18"><span class='ocrx_word' id='word_1_116' title='bbox 516 1868 617 1944; x_wconf 90' lang='lat' dir='ltr'><strong>qui</strong></span> <span class='ocrx_word' id='word_1_117' title='bbox 666 1867 895 1942; x_wconf 86' lang='lat' dir='ltr'><strong>magnis</strong></span> <span class='ocrx_word' id='word_1_118' title='bbox 954 1866 1209 1941; x_wconf 90' lang='lat' dir='ltr'><strong>ingeniis</strong></span> <span class='ocrx_word' id='word_1_119' title='bbox 1265 1864 1325 1924; x_wconf 89' lang='lat' dir='ltr'><strong>iu</strong></span> <span class='ocrx_word' id='word_1_120' title='bbox 1372 1883 1442 1925; x_wconf 94' lang='lat' dir='ltr'><strong>eo</strong></span> <span class='ocrx_word' id='word_1_121' title='bbox 1487 1882 1712 1941; x_wconf 81' lang='lat' dir='ltr'><strong>genere</strong></span> <span class='ocrx_word' id='word_1_122' title='bbox 1769 1865 2159 1943; x_wconf 86' lang='lat' dir='ltr'><strong>exstiterunt,</strong></span> <span class='ocrx_word' id='word_1_123' title='bbox 2221 1884 2336 1925; x_wconf 93' lang='lat' dir='ltr'><strong>non</strong></span> <span class='ocrx_word' id='word_1_124' title='bbox 2383 1868 2527 1926; x_wconf 87' lang='lat' dir='ltr'><strong>satis</strong></span> <span class='ocrx_word' id='word_1_125' title='bbox 2573 1866 2755 1927; x_wconf 85' lang='lat' dir='ltr'><strong>Grae·</strong></span> 
     </span>
     <span class='ocr_line' id='line_1_17' title="bbox 515 1965 2757 2046; baseline 0 -18"><span class='ocrx_word' id='word_1_126' title='bbox 515 1987 718 2030; x_wconf 89' lang='lat' dir='ltr'><strong>eorum</strong></span> <span class='ocrx_word' id='word_1_127' title='bbox 764 1968 990 2044; x_wconf 89' lang='lat' dir='ltr'><strong>gloriae</strong></span> <span class='ocrx_word' id='word_1_128' title='bbox 1034 1965 1512 2044; x_wconf 85' lang='lat' dir='ltr'><strong>responderunt“</strong></span> <span class='ocrx_word' id='word_1_129' title='bbox 1575 1967 1790 2043; x_wconf 84' lang='lat' dir='ltr'><strong>Neque</strong></span> <span class='ocrx_word' id='word_1_130' title='bbox 1839 1985 1979 2027; x_wconf 88' lang='lat' dir='ltr'><strong>vero</strong></span> <span class='ocrx_word' id='word_1_131' title='bbox 2026 1968 2182 2027; x_wconf 92' lang='lat' dir='ltr'><strong>ullus</strong></span> <span class='ocrx_word' id='word_1_132' title='bbox 2224 1968 2530 2028; x_wconf 87' lang='lat' dir='ltr'><strong>invenitur</strong></span> <span class='ocrx_word' id='word_1_133' title='bbox 2573 1969 2757 2046; x_wconf 86' lang='lat' dir='ltr'><strong>locus,</strong></span> 
     </span>
     <span class='ocr_line' id='line_1_18' title="bbox 515 2066 2753 2153; baseline 0 -22"><span class='ocrx_word' id='word_1_134' title='bbox 515 2091 636 2149; x_wconf 89' lang='lat' dir='ltr'><strong>quo</strong></span> <span class='ocrx_word' id='word_1_135' title='bbox 696 2071 932 2148; x_wconf 89' lang='lat' dir='ltr'><strong>poetico</strong></span> <span class='ocrx_word' id='word_1_136' title='bbox 991 2070 1232 2153; x_wconf 84' lang='lat' dir='ltr'><strong>ingenio</strong></span> <span class='ocrx_word' id='word_1_137' title='bbox 1291 2068 1554 2131; x_wconf 87' lang='lat' dir='ltr'><strong>Graecos</strong></span> <span class='ocrx_word' id='word_1_138' title='bbox 1617 2066 1900 2129; x_wconf 87' lang='lat' dir='ltr'><strong>Romanis</strong></span> <span class='ocrx_word' id='word_1_139' title='bbox 1955 2072 2297 2146; x_wconf 87' lang='lat' dir='ltr'><strong>superiores</strong></span> <span class='ocrx_word' id='word_1_140' title='bbox 2356 2089 2486 2131; x_wconf 90' lang='lat' dir='ltr'><strong>esse</strong></span> <span class='ocrx_word' id='word_1_141' title='bbox 2546 2078 2753 2149; x_wconf 88' lang='lat' dir='ltr'><strong>aperte</strong></span> 
     </span>
     <span class='ocr_line' id='line_1_19' title="bbox 515 2173 2751 2251; baseline -0 -17"><span class='ocrx_word' id='word_1_142' title='bbox 515 2174 887 2235; x_wconf 88' lang='lat' dir='ltr'><strong>confiteatur.</strong></span> <span class='ocrx_word' id='word_1_143' title='bbox 1004 2173 1150 2233; x_wconf 90' lang='lat' dir='ltr'><strong>Cum</strong></span> <span class='ocrx_word' id='word_1_144' title='bbox 1197 2178 1395 2232; x_wconf 88' lang='lat' dir='ltr'><strong>autem</strong></span> <span class='ocrx_word' id='word_1_145' title='bbox 1451 2173 1544 2232; x_wconf 83' lang='lat' dir='ltr'><strong>vel</strong></span> <span class='ocrx_word' id='word_1_146' title='bbox 1614 2173 1806 2233; x_wconf 91' lang='lat' dir='ltr'><strong>minus</strong></span> <span class='ocrx_word' id='word_1_147' title='bbox 1861 2173 1921 2233; x_wconf 89' lang='lat' dir='ltr'><strong>in</strong></span> <span class='ocrx_word' id='word_1_148' title='bbox 1969 2174 2323 2232; x_wconf 87' lang='lat' dir='ltr'><strong>contrariam</strong></span> <span class='ocrx_word' id='word_1_149' title='bbox 2383 2180 2616 2251; x_wconf 89' lang='lat' dir='ltr'><strong>partem</strong></span> <span class='ocrx_word' id='word_1_150' title='bbox 2676 2173 2751 2233; x_wconf 88' lang='lat' dir='ltr'><strong>de</strong></span> 
     </span>
     <span class='ocr_line' id='line_1_20' title="bbox 515 2275 2750 2353; baseline 0.001 -18"><span class='ocrx_word' id='word_1_151' title='bbox 515 2279 627 2337; x_wconf 86' lang='lat' dir='ltr'><strong>hac</strong></span> <span class='ocrx_word' id='word_1_152' title='bbox 670 2296 736 2336; x_wconf 88' lang='lat' dir='ltr'><strong>re</strong></span> <span class='ocrx_word' id='word_1_153' title='bbox 782 2275 1151 2352; x_wconf 83' lang='lat' dir='ltr'><strong>disseruerit,</strong></span> <span class='ocrx_word' id='word_1_154' title='bbox 1196 2293 1306 2351; x_wconf 91' lang='lat' dir='ltr'><strong>pro</strong></span> <span class='ocrx_word' id='word_1_155' title='bbox 1355 2279 1519 2335; x_wconf 88' lang='lat' dir='ltr'><strong>certo</strong></span> <span class='ocrx_word' id='word_1_156' title='bbox 1566 2275 1852 2334; x_wconf 85' lang='lat' dir='ltr'><strong>affirmari</strong></span> <span class='ocrx_word' id='word_1_157' title='bbox 1894 2282 2096 2352; x_wconf 87' lang='lat' dir='ltr'><strong>potest</strong></span> <span class='ocrx_word' id='word_1_158' title='bbox 2138 2277 2252 2352; x_wconf 90' lang='lat' dir='ltr'><strong>ipsi</strong></span> <span class='ocrx_word' id='word_1_159' title='bbox 2311 2277 2750 2353; x_wconf 88' lang='lat' dir='ltr'><strong>quodammodo</strong></span> 
     </span>
     <span class='ocr_line' id='line_1_21' title="bbox 512 2377 2747 2458; baseline 0 -20"><span class='ocrx_word' id='word_1_160' title='bbox 512 2380 587 2440; x_wconf 88' lang='lat' dir='ltr'><strong>de</strong></span> <span class='ocrx_word' id='word_1_161' title='bbox 648 2380 1011 2440; x_wconf 86' lang='lat' dir='ltr'><strong>Graecorum</strong></span> <span class='ocrx_word' id='word_1_162' title='bbox 1083 2378 1454 2455; x_wconf 84' lang='lat' dir='ltr'><strong>praestantia</strong></span> <span class='ocrx_word' id='word_1_163' title='bbox 1513 2395 1862 2453; x_wconf 83' lang='lat' dir='ltr'><strong>persuasum</strong></span> <span class='ocrx_word' id='word_1_164' title='bbox 1923 2377 2139 2457; x_wconf 82' lang='lat' dir='ltr'><strong>fuisse,</strong></span> <span class='ocrx_word' id='word_1_165' title='bbox 2204 2397 2566 2458; x_wconf 88' lang='lat' dir='ltr'><strong>quamquam</strong></span> <span class='ocrx_word' id='word_1_166' title='bbox 2630 2399 2747 2440; x_wconf 90' lang='lat' dir='ltr'><strong>non</strong></span> 
     </span>
     <span class='ocr_line' id='line_1_22' title="bbox 511 2481 2750 2561; baseline 0.001 -20"><span class='ocrx_word' id='word_1_167' title='bbox 511 2483 691 2560; x_wconf 85' lang='lat' dir='ltr'><strong>satis,</strong></span> <span class='ocrx_word' id='word_1_168' title='bbox 735 2488 959 2558; x_wconf 89' lang='lat' dir='ltr'><strong>quanta</strong></span> <span class='ocrx_word' id='word_1_169' title='bbox 1001 2481 1107 2540; x_wconf 90' lang='lat' dir='ltr'><strong>illa</strong></span> <span class='ocrx_word' id='word_1_170' title='bbox 1150 2486 1310 2540; x_wconf 90' lang='lat' dir='ltr'><strong>esset</strong></span> <span class='ocrx_word' id='word_1_171' title='bbox 1366 2487 1427 2540; x_wconf 90' lang='lat' dir='ltr'><strong>et</strong></span> <span class='ocrx_word' id='word_1_172' title='bbox 1470 2481 1687 2557; x_wconf 89' lang='lat' dir='ltr'><strong>quibus</strong></span> <span class='ocrx_word' id='word_1_173' title='bbox 1733 2482 1985 2541; x_wconf 87' lang='lat' dir='ltr'><strong>maxime</strong></span> <span class='ocrx_word' id='word_1_174' title='bbox 2046 2483 2106 2542; x_wconf 92' lang='lat' dir='ltr'><strong>in</strong></span> <span class='ocrx_word' id='word_1_175' title='bbox 2152 2484 2336 2542; x_wconf 86' lang='lat' dir='ltr'><strong>rebus</strong></span> <span class='ocrx_word' id='word_1_176' title='bbox 2379 2485 2603 2561; x_wconf 89' lang='lat' dir='ltr'><strong>posita,</strong></span> <span class='ocrx_word' id='word_1_177' title='bbox 2661 2483 2750 2543; x_wconf 91' lang='lat' dir='ltr'><strong>in·</strong></span> 
     </span>
     <span class='ocr_line' id='line_1_23' title="bbox 510 2583 2748 2662; baseline 0.001 -18"><span class='ocrx_word' id='word_1_178' title='bbox 510 2585 757 2644; x_wconf 83' lang='lat' dir='ltr'><strong>tellcxit.</strong></span> <span class='ocrx_word' id='word_1_179' title='bbox 843 2584 934 2643; x_wconf 88' lang='lat' dir='ltr'><strong>Ac</strong></span> <span class='ocrx_word' id='word_1_180' title='bbox 981 2583 1254 2643; x_wconf 89' lang='lat' dir='ltr'><strong>scenicos</strong></span> <span class='ocrx_word' id='word_1_181' title='bbox 1307 2583 1545 2659; x_wconf 90' lang='lat' dir='ltr'><strong>quidem</strong></span> <span class='ocrx_word' id='word_1_182' title='bbox 1595 2583 1957 2645; x_wconf 85' lang='lat' dir='ltr'><strong>Graecorum</strong></span> <span class='ocrx_word' id='word_1_183' title='bbox 2002 2590 2211 2662; x_wconf 86' lang='lat' dir='ltr'><strong>poetas</strong></span> <span class='ocrx_word' id='word_1_184' title='bbox 2272 2587 2558 2647; x_wconf 78' lang='lat' dir='ltr'><strong>maximos</strong></span> <span class='ocrx_word' id='word_1_185' title='bbox 2604 2605 2748 2646; x_wconf 91' lang='lat' dir='ltr'><strong>non-</strong></span> 
     </span>
     <span class='ocr_line' id='line_1_24' title="bbox 509 2686 2746 2763; baseline 0.001 -17"><span class='ocrx_word' id='word_1_186' title='bbox 509 2687 688 2746; x_wconf 87' lang='lat' dir='ltr'><strong>nullis</strong></span> <span class='ocrx_word' id='word_1_187' title='bbox 733 2686 878 2747; x_wconf 90' lang='lat' dir='ltr'><strong>locis</strong></span> <span class='ocrx_word' id='word_1_188' title='bbox 936 2704 1058 2746; x_wconf 90' lang='lat' dir='ltr'><strong>una</strong></span> <span class='ocrx_word' id='word_1_189' title='bbox 1114 2703 1245 2745; x_wconf 91' lang='lat' dir='ltr'><strong>cum</strong></span> <span class='ocrx_word' id='word_1_190' title='bbox 1294 2686 1578 2745; x_wconf 89' lang='lat' dir='ltr'><strong>Romanis</strong></span> <span class='ocrx_word' id='word_1_191' title='bbox 1637 2687 1720 2744; x_wconf 83' lang='lat' dir='ltr'><strong>ita</strong></span> <span class='ocrx_word' id='word_1_192' title='bbox 1779 2686 2071 2763; x_wconf 88' lang='lat' dir='ltr'><strong>nominat,</strong></span> <span class='ocrx_word' id='word_1_193' title='bbox 2132 2695 2223 2759; x_wconf 94' lang='lat' dir='ltr'><strong>ut,</strong></span> <span class='ocrx_word' id='word_1_194' title='bbox 2287 2688 2400 2748; x_wconf 88' lang='lat' dir='ltr'><strong>etsi</strong></span> <span class='ocrx_word' id='word_1_195' title='bbox 2461 2688 2746 2749; x_wconf 86' lang='lat' dir='ltr'><strong>disertum</strong></span> 
     </span>
     <span class='ocr_line' id='line_1_25' title="bbox 499 2788 2742 2869; baseline 0.001 -20"><span class='ocrx_word' id='word_1_196' title='bbox 499 2789 792 2867; x_wconf 88' lang='lat' dir='ltr'><strong>judicium</strong></span> <span class='ocrx_word' id='word_1_197' title='bbox 839 2808 960 2849; x_wconf 90' lang='lat' dir='ltr'><strong>non</strong></span> <span class='ocrx_word' id='word_1_198' title='bbox 1005 2788 1173 2866; x_wconf 83' lang='lat' dir='ltr'><strong>facit,</strong></span> <span class='ocrx_word' id='word_1_199' title='bbox 1225 2793 1426 2848; x_wconf 88' lang='lat' dir='ltr'><strong>tamen</strong></span> <span class='ocrx_word' id='word_1_200' title='bbox 1472 2793 1599 2848; x_wconf 85' lang='lat' dir='ltr'><strong>toto</strong></span> <span class='ocrx_word' id='word_1_201' title='bbox 1644 2789 2069 2848; x_wconf 86' lang='lat' dir='ltr'><strong>sententiarum</strong></span> <span class='ocrx_word' id='word_1_202' title='bbox 2116 2807 2351 2850; x_wconf 87' lang='lat' dir='ltr'><strong>conexu</strong></span> <span class='ocrx_word' id='word_1_203' title='bbox 2413 2810 2485 2851; x_wconf 93' lang='lat' dir='ltr'><strong>eo</strong></span> <span class='ocrx_word' id='word_1_204' title='bbox 2530 2791 2742 2869; x_wconf 89' lang='lat' dir='ltr'><strong>perdu-</strong></span> 
     </span>
     <span class='ocr_line' id='line_1_26' title="bbox 507 2892 2746 2968; baseline 0 -17"><span class='ocrx_word' id='word_1_205' title='bbox 507 2897 727 2964; x_wconf 81' lang='lat' dir='ltr'><strong>camur,</strong></span> <span class='ocrx_word' id='word_1_206' title='bbox 774 2897 841 2952; x_wconf 88' lang='lat' dir='ltr'><strong>nt</strong></span> <span class='ocrx_word' id='word_1_207' title='bbox 878 2892 1241 2953; x_wconf 85' lang='lat' dir='ltr'><strong>Graecorum</strong></span> <span class='ocrx_word' id='word_1_208' title='bbox 1287 2892 1715 2968; x_wconf 86' lang='lat' dir='ltr'><strong>praestantiam</strong></span> <span class='ocrx_word' id='word_1_209' title='bbox 1763 2910 1897 2951; x_wconf 89' lang='lat' dir='ltr'><strong>eum</strong></span> <span class='ocrx_word' id='word_1_210' title='bbox 1931 2894 2190 2953; x_wconf 87' lang='lat' dir='ltr'><strong>sensisse</strong></span> <span class='ocrx_word' id='word_1_211' title='bbox 2234 2898 2584 2954; x_wconf 88' lang='lat' dir='ltr'><strong>statuamus.</strong></span> <span class='ocrx_word' id='word_1_212' title='bbox 2657 2905 2746 2953; x_wconf 87' lang='lat' dir='ltr'><strong>Ae</strong></span> 
     </span>
     <span class='ocr_line' id='line_1_27' title="bbox 507 2994 2745 3073; baseline 0 -19"><span class='ocrx_word' id='word_1_213' title='bbox 507 2997 758 3072; x_wconf 84' lang='lat' dir='ltr'><strong>primum</strong></span> <span class='ocrx_word' id='word_1_214' title='bbox 794 2994 1031 3071; x_wconf 86' lang='lat' dir='ltr'><strong>quidem</strong></span> <span class='ocrx_word' id='word_1_215' title='bbox 1077 3013 1151 3055; x_wconf 88' lang='lat' dir='ltr'><strong>ex</strong></span> <span class='ocrx_word' id='word_1_216' title='bbox 1198 2995 1310 3054; x_wconf 86' lang='lat' dir='ltr'><strong>boc</strong></span> <span class='ocrx_word' id='word_1_217' title='bbox 1355 3013 1575 3069; x_wconf 87' lang='lat' dir='ltr'><strong>genere</strong></span> <span class='ocrx_word' id='word_1_218' title='bbox 1605 2999 1745 3055; x_wconf 90' lang='lat' dir='ltr'><strong>sunt</strong></span> <span class='ocrx_word' id='word_1_219' title='bbox 1789 3013 1879 3073; x_wconf 86' lang='lat' dir='ltr'><strong>ea,</strong></span> <span class='ocrx_word' id='word_1_220' title='bbox 1924 3014 2079 3072; x_wconf 88' lang='lat' dir='ltr'><strong>quae</strong></span> <span class='ocrx_word' id='word_1_221' title='bbox 2123 2996 2183 3055; x_wconf 90' lang='lat' dir='ltr'><strong>in</strong></span> <span class='ocrx_word' id='word_1_222' title='bbox 2213 2996 2381 3056; x_wconf 89' lang='lat' dir='ltr'><strong>libris</strong></span> <span class='ocrx_word' id='word_1_223' title='bbox 2412 2995 2488 3056; x_wconf 92' lang='lat' dir='ltr'><strong>de</strong></span> <span class='ocrx_word' id='word_1_224' title='bbox 2530 2996 2745 3056; x_wconf 85' lang='lat' dir='ltr'><strong>finibus</strong></span> 
     </span>
     <span class='ocr_line' id='line_1_28' title="bbox 505 3095 2744 3176; baseline 0 -18"><span class='ocrx_word' id='word_1_225' title='bbox 505 3097 585 3172; x_wconf 89' lang='lat'><strong>(1,</strong></span> <span class='ocrx_word' id='word_1_226' title='bbox 617 3095 683 3171; x_wconf 88' lang='lat'><strong>4)</strong></span> <span class='ocrx_word' id='word_1_227' title='bbox 737 3098 813 3157; x_wconf 88' lang='lat' dir='ltr'><strong>de</strong></span> <span class='ocrx_word' id='word_1_228' title='bbox 860 3099 972 3157; x_wconf 88' lang='lat' dir='ltr'><strong>hac</strong></span> <span class='ocrx_word' id='word_1_229' title='bbox 1017 3117 1082 3168; x_wconf 85' lang='lat' dir='ltr'><strong>re</strong></span> <span class='ocrx_word' id='word_1_230' title='bbox 1138 3097 1557 3157; x_wconf 83' lang='lat' dir='ltr'><strong>inveniuntur:</strong></span> <span class='ocrx_word' id='word_1_231' title='bbox 1628 3097 1816 3170; x_wconf 83' lang='lat' dir='ltr'><strong>„Quis</strong></span> <span class='ocrx_word' id='word_1_232' title='bbox 1861 3098 2014 3157; x_wconf 89' lang='lat' dir='ltr'><strong>euim</strong></span> <span class='ocrx_word' id='word_1_233' title='bbox 2060 3103 2179 3157; x_wconf 90' lang='lat' dir='ltr'><strong>tam</strong></span> <span class='ocrx_word' id='word_1_234' title='bbox 2224 3099 2496 3159; x_wconf 90' lang='lat' dir='ltr'><strong>inimicus</strong></span> <span class='ocrx_word' id='word_1_235' title='bbox 2552 3117 2744 3176; x_wconf 88' lang='lat' dir='ltr'><strong>paene</strong></span> 
     </span>
     <span class='ocr_line' id='line_1_29' title="bbox 506 3200 2742 3277; baseline -0 -17"><span class='ocrx_word' id='word_1_236' title='bbox 506 3201 722 3260; x_wconf 89' lang='lat' dir='ltr'><strong>nomini</strong></span> <span class='ocrx_word' id='word_1_237' title='bbox 770 3202 1036 3260; x_wconf 87' lang='lat' dir='ltr'><strong>Romano</strong></span> <span class='ocrx_word' id='word_1_238' title='bbox 1096 3207 1210 3277; x_wconf 88' lang='lat' dir='ltr'><strong>est,</strong></span> <span class='ocrx_word' id='word_1_239' title='bbox 1269 3201 1372 3277; x_wconf 91' lang='lat' dir='ltr'><strong>qui</strong></span> <span class='ocrx_word' id='word_1_240' title='bbox 1417 3200 1594 3258; x_wconf 84' lang='lat' dir='ltr'><strong>Ennii</strong></span> <span class='ocrx_word' id='word_1_241' title='bbox 1652 3200 1920 3259; x_wconf 83' lang='lat' dir='ltr'><strong>Medeam</strong></span> <span class='ocrx_word' id='word_1_242' title='bbox 1981 3204 2087 3260; x_wconf 88' lang='lat' dir='ltr'><strong>aut</strong></span> <span class='ocrx_word' id='word_1_243' title='bbox 2130 3201 2451 3277; x_wconf 86' lang='lat' dir='ltr'><strong>Antiopam</strong></span> <span class='ocrx_word' id='word_1_244' title='bbox 2497 3201 2742 3260; x_wconf 87' lang='lat' dir='ltr'><strong>Pacuvii</strong></span> 
     </span>
     <span class='ocr_line' id='line_1_30' title="bbox 503 3297 2741 3379; baseline 0 -18"><span class='ocrx_word' id='word_1_245' title='bbox 503 3308 751 3378; x_wconf 87' lang='lat' dir='ltr'><strong>spernat</strong></span> <span class='ocrx_word' id='word_1_246' title='bbox 796 3308 901 3361; x_wconf 89' lang='lat' dir='ltr'><strong>aut</strong></span> <span class='ocrx_word' id='word_1_247' title='bbox 946 3302 1204 3379; x_wconf 88' lang='lat' dir='ltr'><strong>rejiciat,</strong></span> <span class='ocrx_word' id='word_1_248' title='bbox 1262 3297 1428 3378; x_wconf 87' lang='lat' dir='ltr'><strong>qnod</strong></span> <span class='ocrx_word' id='word_1_249' title='bbox 1471 3320 1535 3361; x_wconf 89' lang='lat' dir='ltr'><strong>se</strong></span> <span class='ocrx_word' id='word_1_250' title='bbox 1579 3301 1784 3360; x_wconf 89' lang='lat' dir='ltr'><strong>iisdem</strong></span> <span class='ocrx_word' id='word_1_251' title='bbox 1830 3302 2135 3378; x_wconf 85' lang='lat' dir='ltr'><strong>Euripidis</strong></span> <span class='ocrx_word' id='word_1_252' title='bbox 2178 3302 2398 3363; x_wconf 87' lang='lat' dir='ltr'><strong>fabulis</strong></span> <span class='ocrx_word' id='word_1_253' title='bbox 2458 3303 2741 3364; x_wconf 85' lang='lat' dir='ltr'><strong>delectari</strong></span> 
     </span>
     <span class='ocr_line' id='line_1_31' title="bbox 502 3403 2741 3481; baseline 0.001 -19"><span class='ocrx_word' id='word_1_254' title='bbox 502 3403 740 3464; x_wconf 68' lang='lat' dir='ltr'><strong>dicat?“</strong></span> <span class='ocrx_word' id='word_1_255' title='bbox 770 3403 846 3477; x_wconf 67' lang='grc' dir='ltr'><strong>θ’)</strong></span> <span class='ocrx_word' id='word_1_256' title='bbox 922 3403 1096 3479; x_wconf 82' lang='lat' dir='ltr'><strong>Quod</strong></span> <span class='ocrx_word' id='word_1_257' title='bbox 1158 3410 1358 3464; x_wconf 87' lang='lat' dir='ltr'><strong>autem</strong></span> <span class='ocrx_word' id='word_1_258' title='bbox 1405 3406 1585 3464; x_wconf 69' lang='lat' dir='ltr'><strong>&#39;ruse</strong></span> <span class='ocrx_word' id='word_1_259' title='bbox 1618 3408 1672 3474; x_wconf 81' lang='lat'><strong>2,</strong></span> <span class='ocrx_word' id='word_1_260' title='bbox 1705 3408 1762 3481; x_wconf 83' lang='lat'><strong>5,</strong></span> <span class='ocrx_word' id='word_1_261' title='bbox 1823 3411 2140 3481; x_wconf 86' lang='lat' dir='ltr'><strong>postquam</strong></span> <span class='ocrx_word' id='word_1_262' title='bbox 2189 3407 2415 3466; x_wconf 88' lang='lat' dir='ltr'><strong>monuit</strong></span> <span class='ocrx_word' id='word_1_263' title='bbox 2474 3407 2741 3466; x_wconf 88' lang='lat' dir='ltr'><strong>homines</strong></span> 
     </span>
     <span class='ocr_line' id='line_1_32' title="bbox 500 3507 2743 3587; baseline 0.001 -21"><span class='ocrx_word' id='word_1_264' title='bbox 500 3508 832 3584; x_wconf 85' lang='lat' dir='ltr'><strong>Romanos,</strong></span> <span class='ocrx_word' id='word_1_265' title='bbox 890 3513 957 3567; x_wconf 89' lang='lat' dir='ltr'><strong>ut</strong></span> <span class='ocrx_word' id='word_1_266' title='bbox 999 3507 1408 3584; x_wconf 79' lang='lat' dir='ltr'><strong>philosophiae</strong></span> <span class='ocrx_word' id='word_1_267' title='bbox 1455 3525 1698 3583; x_wconf 88' lang='lat' dir='ltr'><strong>quoque</strong></span> <span class='ocrx_word' id='word_1_268' title='bbox 1745 3507 1979 3566; x_wconf 87' lang='lat' dir='ltr'><strong>laudem</strong></span> <span class='ocrx_word' id='word_1_269' title='bbox 2042 3508 2348 3586; x_wconf 87' lang='lat' dir='ltr'><strong>languenti</strong></span> <span class='ocrx_word' id='word_1_270' title='bbox 2384 3509 2511 3587; x_wconf 88' lang='lat' dir='ltr'><strong>jam</strong></span> <span class='ocrx_word' id='word_1_271' title='bbox 2558 3509 2743 3570; x_wconf 83' lang='lat' dir='ltr'><strong>Grae-</strong></span> 
     </span>
     <span class='ocr_line' id='line_1_33' title="bbox 501 3609 2740 3689; baseline 0 -20"><span class='ocrx_word' id='word_1_272' title='bbox 501 3611 629 3669; x_wconf 90' lang='lat' dir='ltr'><strong>ciae</strong></span> <span class='ocrx_word' id='word_1_273' title='bbox 661 3609 983 3685; x_wconf 86' lang='lat' dir='ltr'><strong>eriperent,</strong></span> <span class='ocrx_word' id='word_1_274' title='bbox 1029 3627 1284 3686; x_wconf 87' lang='lat' dir='ltr'><strong>pergere</strong></span> <span class='ocrx_word' id='word_1_275' title='bbox 1329 3609 1535 3669; x_wconf 89' lang='lat' dir='ltr'><strong>audet:</strong></span> <span class='ocrx_word' id='word_1_276' title='bbox 1590 3609 1790 3681; x_wconf 85' lang='lat' dir='ltr'><strong>„Sicut</strong></span> <span class='ocrx_word' id='word_1_277' title='bbox 1834 3628 2039 3670; x_wconf 89' lang='lat' dir='ltr'><strong>omnes</strong></span> <span class='ocrx_word' id='word_1_278' title='bbox 2086 3611 2365 3687; x_wconf 76' lang='lat' dir='ltr'><strong>reliquaS,</strong></span> <span class='ocrx_word' id='word_1_279' title='bbox 2409 3630 2565 3688; x_wconf 90' lang='lat' dir='ltr'><strong>quae</strong></span> <span class='ocrx_word' id='word_1_280' title='bbox 2611 3612 2740 3689; x_wconf 91' lang='lat' dir='ltr'><strong>qui·</strong></span> 
     </span>
    </p>
   </div>
   <div class='ocr_carea' id='block_1_3' title="bbox 496 3806 2739 4219">
    <p class='ocr_par' dir='ltr' id='par_1_4' title="bbox 496 3806 2739 4219">
     <span class='ocr_line' id='line_1_34' title="bbox 666 3806 2739 3877; baseline 0.002 -19"><span class='ocrx_word' id='word_1_281' title='bbox 666 3810 735 3874; x_wconf 66' lang='grc' dir='ltr'><strong>θ’)</strong></span> <span class='ocrx_word' id='word_1_282' title='bbox 771 3806 923 3861; x_wconf 87' lang='lat' dir='ltr'><strong>Idem</strong></span> <span class='ocrx_word' id='word_1_283' title='bbox 960 3807 1119 3861; x_wconf 88' lang='lat' dir='ltr'><strong>locus</strong></span> <span class='ocrx_word' id='word_1_284' title='bbox 1156 3809 1214 3876; x_wconf 57' lang='grc' dir='ltr'><strong>(ς’</strong></span> <span class='ocrx_word' id='word_1_285' title='bbox 1237 3811 1291 3870; x_wconf 78' lang='lat'><strong>5)</strong></span> <span class='ocrx_word' id='word_1_286' title='bbox 1328 3806 1655 3876; x_wconf 86' lang='lat' dir='ltr'><strong>aptissimus</strong></span> <span class='ocrx_word' id='word_1_287' title='bbox 1691 3813 1797 3872; x_wconf 91' lang='lat' dir='ltr'><strong>est,</strong></span> <span class='ocrx_word' id='word_1_288' title='bbox 1834 3822 1903 3860; x_wconf 82' lang='lat' dir='ltr'><strong>cx</strong></span> <span class='ocrx_word' id='word_1_289' title='bbox 1941 3822 2053 3876; x_wconf 89' lang='lat' dir='ltr'><strong>quo</strong></span> <span class='ocrx_word' id='word_1_290' title='bbox 2090 3823 2520 3876; x_wconf 82' lang='lat' dir='ltr'><strong>cognoscamus,</strong></span> <span class='ocrx_word' id='word_1_291' title='bbox 2567 3824 2739 3877; x_wconf 89' lang='lat' dir='ltr'><strong>quan·</strong></span> 
     </span>
     <span class='ocr_line' id='line_1_35' title="bbox 497 3891 2737 3959; baseline 0.001 -14"><span class='ocrx_word' id='word_1_292' title='bbox 497 3898 611 3945; x_wconf 85' lang='lat' dir='ltr'><strong>tum</strong></span> <span class='ocrx_word' id='word_1_293' title='bbox 661 3892 856 3945; x_wconf 85' lang='lat' dir='ltr'><strong>Cicero</strong></span> <span class='ocrx_word' id='word_1_294' title='bbox 899 3891 1192 3959; x_wconf 86' lang='lat' dir='ltr'><strong>superbiae</strong></span> <span class='ocrx_word' id='word_1_295' title='bbox 1244 3892 1619 3946; x_wconf 82' lang='lat' dir='ltr'><strong>Romanorum</strong></span> <span class='ocrx_word' id='word_1_296' title='bbox 1663 3893 1907 3947; x_wconf 89' lang='lat' dir='ltr'><strong>tribuere</strong></span> <span class='ocrx_word' id='word_1_297' title='bbox 1954 3893 2028 3946; x_wconf 85' lang='lat' dir='ltr'><strong>sit</strong></span> <span class='ocrx_word' id='word_1_298' title='bbox 2071 3893 2288 3948; x_wconf 85' lang='lat' dir='ltr'><strong>solitus.</strong></span> <span class='ocrx_word' id='word_1_299' title='bbox 2374 3893 2531 3948; x_wconf 90' lang='lat' dir='ltr'><strong>Dicit</strong></span> <span class='ocrx_word' id='word_1_300' title='bbox 2567 3894 2737 3948; x_wconf 87' lang='lat' dir='ltr'><strong>enim:</strong></span> 
     </span>
     <span class='ocr_line' id='line_1_36' title="bbox 499 3976 2737 4046; baseline 0 -15"><span class='ocrx_word' id='word_1_301' title='bbox 499 3977 585 4040; x_wconf 89' lang='lat' dir='ltr'><strong>„A</strong></span> <span class='ocrx_word' id='word_1_302' title='bbox 623 3976 860 4045; x_wconf 84' lang='lat' dir='ltr'><strong>quibus·‘</strong></span> <span class='ocrx_word' id='word_1_303' title='bbox 897 4009 966 4016; x_wconf 83' lang='lat'><strong>-—</strong></span> <span class='ocrx_word' id='word_1_304' title='bbox 1001 3978 1034 4032; x_wconf 94' lang='lat' dir='ltr'><strong>i.</strong></span> <span class='ocrx_word' id='word_1_305' title='bbox 1074 3993 1121 4032; x_wconf 92' lang='lat' dir='ltr'><strong>e.</strong></span> <span class='ocrx_word' id='word_1_306' title='bbox 1157 3977 1229 4031; x_wconf 88' lang='lat' dir='ltr'><strong>ab</strong></span> <span class='ocrx_word' id='word_1_307' title='bbox 1278 3977 1373 4044; x_wconf 90' lang='lat' dir='ltr'><strong>iis,</strong></span> <span class='ocrx_word' id='word_1_308' title='bbox 1426 3978 1522 4046; x_wconf 90' lang='lat' dir='ltr'><strong>qui</strong></span> <span class='ocrx_word' id='word_1_309' title='bbox 1565 3977 1797 4032; x_wconf 86' lang='lat' dir='ltr'><strong>Latinas</strong></span> <span class='ocrx_word' id='word_1_310' title='bbox 1842 3978 2056 4032; x_wconf 84' lang='lat' dir='ltr'><strong>litteras</strong></span> <span class='ocrx_word' id='word_1_311' title='bbox 2099 3979 2338 4033; x_wconf 87' lang='lat' dir='ltr'><strong>oderunt</strong></span> <span class='ocrx_word' id='word_1_312' title='bbox 2383 4009 2451 4018; x_wconf 89' lang='lat'>—</span> <span class='ocrx_word' id='word_1_313' title='bbox 2496 3987 2737 4043; x_wconf 82' lang='lat' dir='ltr'><strong>„tantum</strong></span> 
     </span>
     <span class='ocr_line' id='line_1_37' title="bbox 496 4062 2737 4132; baseline 0 -14"><span class='ocrx_word' id='word_1_314' title='bbox 496 4063 789 4130; x_wconf 82' lang='lat' dir='ltr'><strong>dissentiO‚</strong></span> <span class='ocrx_word' id='word_1_315' title='bbox 837 4067 927 4130; x_wconf 90' lang='lat' dir='ltr'><strong>ut,</strong></span> <span class='ocrx_word' id='word_1_316' title='bbox 974 4079 1097 4117; x_wconf 90' lang='lat' dir='ltr'><strong>eum</strong></span> <span class='ocrx_word' id='word_1_317' title='bbox 1143 4062 1448 4131; x_wconf 83' lang='lat' dir='ltr'><strong>Sophocles</strong></span> <span class='ocrx_word' id='word_1_318' title='bbox 1494 4063 1583 4118; x_wconf 85' lang='lat' dir='ltr'><strong>vel</strong></span> <span class='ocrx_word' id='word_1_319' title='bbox 1633 4063 1841 4132; x_wconf 85' lang='lat' dir='ltr'><strong>optime</strong></span> <span class='ocrx_word' id='word_1_320' title='bbox 1879 4063 2170 4132; x_wconf 88' lang='lat' dir='ltr'><strong>scripserit</strong></span> <span class='ocrx_word' id='word_1_321' title='bbox 2204 4065 2505 4126; x_wconf 84' lang='lat' dir='ltr'><strong>Electram,</strong></span> <span class='ocrx_word' id='word_1_322' title='bbox 2554 4072 2737 4120; x_wconf 87' lang='lat' dir='ltr'><strong>tamen</strong></span> 
     </span>
     <span class='ocr_line' id='line_1_38' title="bbox 496 4143 2733 4219; baseline 0.001 -17"><span class='ocrx_word' id='word_1_323' title='bbox 496 4149 634 4203; x_wconf 83' lang='lat' dir='ltr'><strong>male</strong></span> <span class='ocrx_word' id='word_1_324' title='bbox 688 4163 1014 4203; x_wconf 88' lang='lat' dir='ltr'><strong>conversam</strong></span> <span class='ocrx_word' id='word_1_325' title='bbox 1070 4143 1232 4201; x_wconf 87' lang='lat' dir='ltr'><strong>Atilii</strong></span> <span class='ocrx_word' id='word_1_326' title='bbox 1288 4146 1417 4202; x_wconf 85' lang='lat' dir='ltr'><strong>mihi</strong></span> <span class='ocrx_word' id='word_1_327' title='bbox 1474 4148 1761 4218; x_wconf 83' lang='lat' dir='ltr'><strong>legendam</strong></span> <span class='ocrx_word' id='word_1_328' title='bbox 1820 4154 2058 4216; x_wconf 53' lang='lat' dir='ltr'><strong>putem?</strong></span> <span class='ocrx_word' id='word_1_329' title='bbox 2148 4149 2243 4203; x_wconf 85' lang='lat' dir='ltr'><strong>Ad</strong></span> <span class='ocrx_word' id='word_1_330' title='bbox 2291 4165 2401 4203; x_wconf 90' lang='lat' dir='ltr'><strong>rem</strong></span> <span class='ocrx_word' id='word_1_331' title='bbox 2448 4150 2626 4219; x_wconf 89' lang='lat' dir='ltr'><strong>ipsam</strong></span> <span class='ocrx_word' id='word_1_332' title='bbox 2665 4150 2733 4205; x_wconf 84' lang='lat' dir='ltr'><strong>cf.</strong></span> 
     </span>
    </p>
   </div>
   <div class='ocr_carea' id='block_1_4' title="bbox 495 4233 1770 4303">
    <p class='ocr_par' dir='ltr' id='par_1_5' title="bbox 495 4233 1770 4303">
     <span class='ocr_line' id='line_1_39' title="bbox 495 4233 1770 4303; baseline 0.001 -16"><span class='ocrx_word' id='word_1_333' title='bbox 495 4235 657 4287; x_wconf 86' lang='lat' dir='ltr'><strong>etiam</strong></span> <span class='ocrx_word' id='word_1_334' title='bbox 694 4234 746 4288; x_wconf 91' lang='lat' dir='ltr'><strong>d.</strong></span> <span class='ocrx_word' id='word_1_335' title='bbox 782 4241 896 4302; x_wconf 88' lang='lat' dir='ltr'><strong>opt.</strong></span> <span class='ocrx_word' id='word_1_336' title='bbox 934 4248 988 4301; x_wconf 84' lang='lat' dir='ltr'><strong>g.</strong></span> <span class='ocrx_word' id='word_1_337' title='bbox 1025 4250 1103 4288; x_wconf 88' lang='lat' dir='ltr'><strong>or.</strong></span> <span class='ocrx_word' id='word_1_338' title='bbox 1146 4239 1240 4303; x_wconf 67' lang='lat'><strong>183</strong></span> <span class='ocrx_word' id='word_1_339' title='bbox 1275 4233 1381 4289; x_wconf 89' lang='lat' dir='ltr'><strong>Ac.</strong></span> <span class='ocrx_word' id='word_1_340' title='bbox 1417 4239 1564 4303; x_wconf 90' lang='lat' dir='ltr'><strong>post.</strong></span> <span class='ocrx_word' id='word_1_341' title='bbox 1610 4240 1651 4302; x_wconf 87' lang='lat'><strong>1,</strong></span> <span class='ocrx_word' id='word_1_342' title='bbox 1695 4239 1770 4288; x_wconf 82' lang='lat'><strong>10.</strong></span> 
     </span>
    </p>
   </div>
   <div class='ocr_carea' id='block_1_5' title="bbox 499 3743 790 3754">
    <p class='ocr_par' dir='ltr' id='par_1_6' title="bbox 499 3743 790 3754">
     <span class='ocr_line' id='line_1_40' title="bbox 499 3743 790 3754; baseline 0 1117"><span class='ocrx_word' id='word_1_343' title='bbox 499 3743 790 3754; x_wconf 95' lang='lat' dir='ltr'><strong> </strong></span> 
     </span>
    </p>
   </div>
  </div>
 </body>
</html>
