3166 4871
961 362 1043 418 De
1078 362 1280 418 nomin.
1314 362 1372 417 in
1406 379 1570 427 -αιος.
1640 366 1670 428 5
1705 367 1788 416 63.
2374 366 2494 426 165

246 545 406 619 puto,
447 560 570 602 non
622 548 770 602 ante
811 541 1120 620 pistrinum
1164 543 1360 619 posita
1403 545 1561 618 erat,
1619 540 1728 600 sed
1773 541 1834 600 in
1878 541 2008 618 ipso
2053 540 2307 617 pistrino
2353 541 2493 598 aute

248 644 455 722 molas,
501 649 572 704 ut
617 646 974 723 priusquam
1017 646 1154 722 quis
1196 644 1273 704 ad
1319 644 1452 704 illas
1496 642 1872 721 perveniret,
1928 643 1991 701 in
2036 642 2145 702 has
2189 640 2497 719 incideret,

249 747 305 806 in
349 747 682 807 vestibulo.

409 850 636 926 Itaque
699 849 873 909 etiam
927 836 1387 928 προτρύγαιος
1444 847 1595 907 nihil
1647 846 1810 907 aliud
1863 845 2162 923 significat
2204 845 2315 905 nisi
2358 832 2495 922 πρὸ

249 947 362 1029 τῆς
404 938 690 1030 τρύγης,
732 955 869 1013 ante
912 950 1256 1025 vindemias,
1301 956 1361 1009 et
1402 950 1649 1027 proprie
1692 949 2045 1008 solemnium
2092 966 2306 1008 nomen
2354 949 2499 1023 erat,

251 1052 466 1114 deinde
511 1053 591 1113 ad
644 1052 822 1113 deum
868 1054 1221 1114 translatum
1266 1060 1375 1113 est.

413 1160 759 1233 τυχαῑος
801 1157 956 1216 Plut.
1000 1155 1210 1233 Synes.
1254 1156 1435 1216 Anth,

355 1270 366 1278 ·
413 1250 533 1318 63.
581 1246 864 1329 ὑλατος
906 1247 1086 1337 (θήρ,
1129 1244 1292 1337 ἤθη)
1337 1259 1517 1319 Ther.
1559 1260 1691 1318 Ael.

413 1347 849 1439 ὑστεραῑος
907 1365 1150 1438 postero
1209 1361 1334 1439 die,
1393 1348 1775 1440 ὑστεραία
1834 1360 1959 1419 dies
2002 1359 2300 1437 posterior
2341 1356 2502 1433 Hdt,

253 1462 414 1523 Pros.
458 1469 568 1523 att.
767 1474 782 1485 “

413 1564 819 1644 φορβαῑος
863 1566 1012 1626 Call.
1055 1566 1171 1625 lav.
1214 1566 1365 1626 Pall.
1410 1565 1491 1623 50
1544 1550 1687 1644 ἥξει
1742 1558 2092 1644 φορβαίων
2131 1548 2384 1639 Ἴναχος
2429 1553 2500 1635 ἐξ

252 1652 484 1742 ὀρέων.
577 1669 717 1728 Hoc
761 1668 1115 1728 vocabulum
1161 1668 1406 1728 verbale
1437 1685 1593 1731 -esse
1648 1666 1866 1727 dixerit
1909 1667 2233 1743 quispiam,
2285 1668 2354 1723 ut
2394 1668 2505 1722 ant

253 1771 334 1828 sic
387 1769 619 1830 dictum
680 1770 759 1830 sit
791 1776 882 1830 ·ut
933 1768 1016 1848 γῆ
1060 1758 1317 1846 φορβάς
1374 1770 1555 1848 Soph.
1602 1770 1756 1829 Phil.
1802 1766 1953 1847 700,
2010 1764 2165 1844 quae
2207 1765 2339 1844 alit,
2396 1768 2506 1824 aut
2543 1794 2551 1805 =

254 1870 580 1947 φορβαῑος
647 1873 725 1932 sit
787 1891 895 1948 pro
959 1860 1397 1951 φερβόμενος,
1463 1872 1566 1948 qui
1632 1870 2010 1948 depascitur:
2075 1868 2181 1929 sed
2245 1873 2501 1944 utraque

247 1973 674 2051 *interpretatio
736 1982 895 2035 esset
953 1980 1162 2035 coacta
1219 1980 1279 2035 et
1339 1974 1504 2034 dura.
1607 1973 1914 2035 Sententia
1957 1971 2059 2032 vix
2116 1975 2317 2048 potest
2369 1986 2501 2029 esse

257 2077 394 2136 nisi:
441 2088 683 2138 montes
729 2079 970 2154 pascuis
1016 2077 1412 2148 abundantes.

415 2177 858 2258 χαλαζαῑος
926 2178 1111 2257 Orph.
1170 2180 1315 2255 Arg.
1377 2176 1529 2238 764:
1607 2176 1752 2249 Τοῖς
1812 2171 1909 2237 ἐνὶ
1970 2173 2152 2247 κῶας
2215 2163 2555 2252 χρύσεον·

261 2266 520 2360 ᾐώρητο
571 2275 898 2358 χαλαζαὶῃ
944 2274 1056 2341 ἐπὶ
1100 2278 1311 2360 φηγῷ.
1401 2280 1770 2341 Vocabulum
1818 2280 1962 2357 quin
1992 2297 2031 2337 a
2054 2267 2302 2357 χάλαζα
2348 2275 2504 2335 deri-

261 2391 457 2445 vatum
501 2383 608 2456 sit,
653 2401 770 2444 non
818 2402 950 2446 esse
995 2387 1194 2461 potest
1238 2383 1501 2461 dubium,
1542 2383 1649 2444 sed
1694 2381 2051 2461 significatio
2095 2381 2350 2442 obscura
2394 2381 2505 2440 est.

260 2487 567 2547 Gesnerus
596 2486 890 2563 explicat:
934 2486 1410 2564 „grandinosam,
1452 2488 1537 2547 ita
1564 2485 1842 2563 fertilem,
1879 2489 1946 2545 ut
1972 2485 2185 2546 leviter
2213 2499 2504 2543 concussa

261 2599 568 2667 tamquam
611 2588 964 2666 grandinem
1007 2607 1154 2648 suae
1198 2589 1436 2665 glandis
1480 2583 1747 2649 fundat‘·'.
1820 2591 2010 2663 Quam
2045 2586 2501 2662 explicationem

261 2691 646 2754 Burmannus
689 2698 866 2752 vocat
904 2691 1354 2768 ineptissimam.
1440 2693 1627 2751 Immo
1673 2710 1855 2768 quum
1902 2690 2206 2750 Nicander
2240 2688 2391 2747 ther.
2428 2681 2503 2742 13

262 2795 568 2871 scorpium
612 2793 806 2870 frigus
850 2793 972 2853 ictu
1002 2793 1382 2854 inducentem
1409 2782 1847 2870 χαλαζήεντα,
1890 2797 1951 2853 et
1978 2792 2233 2851 Nonnus
2262 2788 2507 2866 saepius

262 2898 514 2974 sagittas
569 2885 1015 2973 χαλαζήεντας
1066 2880 1361 2972 ὀιστούς,
1418 2895 1680 2971 denique
1731 2894 2049 2973 Philippus
2088 2893 2151 2953 in
2198 2891 2379 2952 Anth.
2423 2886 2504 2947 83

267 2999 668 3078 Hipponactis
726 2998 1070 3075 sepulcrum
1134 2995 1471 3076 χαλαζεπῆ
1531 2985 1754 3072 τάφον
1816 2999 2015 3073 vocet,
2079 2995 2195 3057 hoc
2254 2993 2504 3053 verbum

267 3102 635 3162 virulentum
681 3099 1022 3179 significare
1065 3100 1283 3177 videri3
1326 3100 1647 3178 „similiter
1688 3088 1942 3177 χάλαζα
1985 3099 2044 3157 in
2082 3098 2189 3158 ΟΒ
2224 3090 2385 3152 1278
2431 3093 2507 3153 de

265 3204 497 3266 effossis
560 3203 753 3262 oculis
806 3186 955 3260 ἀλλ’
1014 3188 1185 3279 ὁμοῦ
1239 3197 1439 3279 μέλας
1492 3188 1738 3280 ὄμβρος
1788 3188 2078 3278 χαλάζης
2132 3185 2407 3274 αἵματός
2450 3180 2508 3254 τ’

267 3299 590 3383 ἐτέγγετο.
679 3304 970 3381 iutelligit
1026 3322 1314 3380 aquosum
1377 3304 1684 3364 humorem
1748 3321 1865 3363 una
1919 3319 2053 3362 cum
2097 3300 2389 3376 sanguine
2433 3316 2507 3358 ex
2602 3304 2605 3307 ⁴

268 3409 456 3468 oculis
499 3390 1209 3482 defluentem“.1taque
1254 3407 1432 3466 etiam
1475 3407 1537 3465 in
1583 3407 1729 3482 Arg.
1768 3401 2130 3483 χαλαζαῑος
2174 3400 2525 3478 significare-

269 3515 651 3588 venenatum,
692 3508 752 3567 id
799 3508 963 3586 quod
1008 3509 1101 3568 his
1145 3508 1449 3585 Apollonii
1496 3508 1769 3568 versibus
1813 3506 2099 3583 probetur
2130 3505 2234 3582 ΙΙΙ,
2265 3499 2387 3561 818
2434 3503 2510 3562 de

270 3612 470 3672 radice
516 3611 778 3688 quadam
824 3611 1106 3671 dicentis.
1150 3609 1269 3689 τῆς
1297 3603 1452 3689 οἴην
1482 3627 1522 3668 τ
1525 3595 1684 3669 Μ’ἐν
1648 3622 1874 3689 ορεσσι
1904 3598 2224 3687 κελαινὴν
2269 3595 2510 3684 ἰκμάδα

269 3712 492 3794 φηγοῦ
561 3708 814 3790 κασπίῃ
883 3705 958 3772 ἐν
1020 3703 1246 3791 κόχλῳ
1313 3727 1614 3791 αμησατο
1682 3700 2210 3790 φαρμασοεσθαι.
2313 3709 2511 3770 Schol.

271 3805 346 3874 τὸ
391 3801 915 3896 ἀποφερόμενον
959 3802 1197 3895 υγρόν,
1257 3800 1436 3874 ὀπὸν
1491 3803 1632 3873 εἷπε
1680 3811 1797 3892 τῆς
1841 3810 2076 3893 φηγοῦ.
2162 3813 2318 3874 Satis
2362 3811 2514 3872 mira

273 3917 418 3979 haee
461 3917 578 3978 viri
623 3918 833 3980 summi
879 3919 1192 3979 sententia.
1279 3917 1430 3991 Quis
1486 3918 1644 3978 enim
1705 3936 1825 3977 non
1870 3917 2061 3994 videt,
2122 3933 2326 3976 omnes
2380 3914 2513 3974 illas

271 4039 367 4082 res
410 4040 545 4084 cum
593 4021 889 4097 grandine
934 4039 1063 4081 eam
1108 4024 1338 4081 tantum
1370 4020 1445 4080 ob
1479 4038 1718 4079 causam
1750 4019 2100 4097 comparari,
2144 4018 2303 4095 quod
2337 4034 2513 4092 gran-

273 4122 426 4184 dinis
489 4123 670 4211 modo
734 4123 989 4183 ubertim
1051 4127 1113 4184 et
1173 4124 1562 4183 vehementer
1635 4121 1862 4181 cadunt
1929 4125 1990 4181 et
2050 4138 2225 4196 quem
2290 4118 2513 4178 feriunt

276 4226 567 4287 laedunt?
657 4224 921 4302 Sag-ittae
979 4244 1112 4286 cum
1166 4226 1506 4286 uehementi
1560 4224 1747 4284 imbre
1801 4224 1895 4283 vel
1936 4222 2230 4299 grandine
2272 4220 2348 4279 ab
2395 4236 2513 4277 om-

275 4328 431 4390 nium
477 4333 822 4405 temporum
863 4332 924 4388 et
970 4327 1273 4390 nationum
1304 4327 1502 4405 poetis
1537 4329 1917 4404 comparatae
1947 4327 2116 4385 sunt:
2162 4321 2301 4382 hinc
2344 4320 2515 4381 fluxit
