3166 4871
613 298 736 359 200
1647 290 1907 346 zacher

612 463 993 543 ἐπίλεκτος,
1038 470 1113 530 ab
1161 471 1272 530 EM
1318 459 1647 540 ἐκλεκτός.
1737 469 1906 544 Quae
1950 469 2108 530 inter
2150 469 2444 530 vocabula
2488 471 2547 530 in
2593 486 2740 541 αιος
2784 487 2869 541 ας

612 568 779 653 αδην
821 571 1160 633 intercedat
1203 573 1373 650 ratic,
1417 591 1602 651 supra
1646 572 1902 632 diximus
1945 591 2002 649 p.
2040 568 2176 632 189.

783 674 1115 752 λοχαῑος
1183 673 1535 734 vocabulum
1607 674 1823 735 dubiae
1887 664 2355 752 significationis.
2462 675 2629 734 Arat.
2699 672 2861 731 1057

615 772 851 857 λοχαίη
882 783 1123 856 σχῖνος,
1168 777 1329 854 quod
1362 778 1461 843 alii
1494 777 1973 855 interpretantur
2003 777 2266 855 densam,
2308 796 2582 854 magnam
2615 775 2865 850 (schoht

609 879 854 954 βαθεῖα
885 874 999 937 καὶ
1028 867 1277 958 ὑψηλή,
1309 863 1442 938 ἀπὸ
1474 875 1601 937 τοῦ
1636 875 1911 957 λοχῆσαι
1946 867 2281 937 δύνασθαι
2326 873 2441 937 καὶ
2477 871 2863 957 ἐνεδρεῦσαι

611 976 685 1042 ἐν
729 966 894 1059 αὐτῇ
925 970 1414 1059 κρυπτόμενον.
1460 965 1683 1052 οὕτως
1716 966 2237 1060 ᾍπολλινάριος,
2267 982 2427 1058 quod
2460 981 2860 1058 veriloquium

610 1104 787 1164 quam
835 1086 1035 1162 inepte
1083 1085 1161 1144 sit
1221 1086 1655 1161 excogitatum,
1720 1086 2012 1144 neminem
2067 1082 2275 1162 fugit),
2336 1084 2434 1143 alii
2492 1084 2863 1163 gignentem,

513 1260 519 1266 θ
609 1187 947 1266 fecundam,
993 1191 1058 1246 ut
1101 1204 1257 1264 quae
1300 1190 1394 1246 ter
1423 1204 1532 1264 per
1562 1205 1779 1247 annum
1813 1186 2047 1247 fructus
2089 1185 2281 1265 ferat;
2328 1187 2525 1265 Cyrus
2568 1186 2628 1246 in
2673 1186 2861 1246 Anth.

609 1290 735 1350 Pal.
779 1290 904 1367 XV,
949 1285 1016 1367 9,
1059 1285 1098 1345 2
1159 1290 1216 1348 in
1261 1288 1586 1349 Theodosii
1646 1290 2022 1366 imperatoris
2075 1288 2395 1349 honorem:
2456 1277 2693 1347 Πάντα
2733 1283 2862 1366 μὲν

613 1386 942 1454 Αἰακίδαο
988 1384 1212 1470 φέρεις
1257 1374 1634 1469 ἀριδείκετα
1680 1382 1837 1470 ἔργα
1884 1380 2109 1466 Νόσφι
2158 1385 2438 1468 λοχαίου
2469 1381 2723 1470 ἔρωτος
2754 1391 2857 1452 ubi

614 1494 882 1574 λοχαῑος
937 1493 1014 1553 ad
1075 1511 1200 1553 rem
1254 1494 1516 1571 aliquam
1574 1495 2019 1571 vituperatione
2065 1493 2305 1570 dignam
2353 1497 2626 1571 spectare
2671 1497 2858 1573 patet.

611 1596 924 1675 „Zoxalog
969 1596 1213 1656 Achillis
1258 1587 1447 1675 ἔρως,
1490 1612 1658 1656 amor
1703 1597 2141 1674 clandestinus,
2186 1597 2238 1655 is
2282 1613 2415 1656 esse
2460 1596 2714 1675 videtur,
2759 1597 2858 1657 cui

607 1700 875 1761 Achilles
936 1698 1098 1777 apud
1163 1698 1564 1777 Lycomedem
1629 1691 2021 1776 indulgebat“
2082 1698 2320 1759 Jacobs.
2426 1699 2520 1759 Ex
2583 1699 2858 1759 neutrius

609 1804 723 1864 loci
755 1801 1050 1863 sententia
1080 1801 1301 1862 certius
1332 1800 1657 1878 quidquam
1691 1800 1766 1861 de
1800 1801 2075 1861 vocabuli
2110 1799 2382 1878 λοχαῑος
2421 1800 2858 1879 significatione

607 1907 735 1967 erui
781 1908 998 1983 potest.
1083 1903 1201 1965 Sed
1248 1923 1321 1964 ex
1364 1903 1769 1981 Theophrasti
1815 1904 2049 1964 duobus
2107 1904 2251 1964 locis
2295 1905 2430 1981 plus
2475 1904 2628 1965 effici
2677 1921 2857 1982 posse

609 2002 894 2069 existimo.
981 2007 1208 2085 Thphr.
1255 2006 1329 2068 de
1377 2025 1537 2067 caus.
1585 2007 1662 2085 pl.
1707 2007 1824 2085 111,
1868 2002 1968 2084 21,
2015 2005 2087 2067 5:
2150 2002 2552 2084 Χειμῶνες
2598 1999 2671 2064 δὲ
2717 1998 2856 2065 ἐπι-

610 2100 947 2190 γινόμενοι
1002 2105 1354 2186 πανταχοῦ
1406 2103 1530 2187 μὲν
1574 2097 1910 2187 χρήσιμοι·
1956 2100 2258 2186 ριζοῦται
2299 2098 2422 2189 γὰρ
2469 2103 2583 2167 καὶ
2628 2125 2856 2183 καρκι-

609 2210 846 2271 νοῦται
911 2208 1195 2289 μᾶλλον,
1268 2195 1428 2269 ὥστ’
1502 2203 1594 2281 εἰς
1672 2200 1750 2268 τό
1832 2201 1949 2289 ἔαρ
2017 2199 2401 2289 σύμμετρον
2455 2195 2855 2270 ἀποδίδοται

606 2309 907 2393 μέγεθος.
1017 2302 1322 2373 Μάλιστα
1391 2298 1450 2372 δ’
1515 2306 1591 2371 ἐν
1656 2318 1801 2381 ταῖς
1863 2297 2149 2391 ἀγαθαῖς
2207 2302 2486 2392 χώραις·
2552 2303 2647 2372 τὰ
2707 2302 2856 2393 γὰρ

609 2407 845 2477 νότια
914 2409 1047 2476 καὶ
1121 2400 1316 2476 ὅταν
1389 2400 1678 2488 εὖδίαἻ
1738 2406 1929 2495 ταχὺ
1989 2400 2468 2477 ἄναδιδόασι
2524 2411 2655 2475 καὶ.
2703 2414 2860 2490 (cod.

611 2521 752 2582 Urb.
796 2514 909 2579 καὶ
954 2515 1080 2578 τοί
1123 2509 1319 2599 πρὸς)
1373 2515 1707 2578 ποιοῦσι
1766 2514 2102 2597 λοχαίαν
2147 2513 2275 2578 καὶ
2320 2509 2631 2598 καρπὸν
2676 2512 2860 2599 ἔρυ-

608 2611 902 2702 σιβώδη
949 2622 1164 2695 (Gazaz
1207 2622 1542 2682 austrinum
1591 2622 1746 2682 enim
1792 2626 1983 2702 atque,
2018 2621 2257 2683 omnino
2304 2640 2581 2682 serenum
2619 2626 2859 2699 tempus

608 2726 883 2787 celeriter
912 2724 1156 2802 prodire
1202 2724 1361 2784 facit.
1409 2723 1552 2784 vitia
1596 2742 1812 2800 magna
1857 2743 1929 2783 ex
1972 2730 2145 2803 parte
2179 2723 2510 2785 foetificant
2538 2725 2859 2801 aerugino-

607 2846 826 2905 sasque
860 2826 1064 2903 fruges
1099 2826 1382 2887 efficiunt.
1445 2827 1760 2887 Wimmer:
1790 2827 1952 2886 venti
1986 2827 2142 2888 enim
2175 2827 2423 2887 austrini
2455 2831 2516 2887 et
2544 2828 2593 2886 si
2623 2828 2857 2906 coelum

606 2948 881 2992 serenum
929 2934 1219 3006 sequatur
1262 2932 1525 3005 segetem
1571 2927 1690 2988 cito
1738 2932 2021 3007 evocant,
2080 2929 2164 2989 ita
2210 2933 2275 2989 ut
2319 2928 2491 2989 facile
2536 2929 2859 2990 decumbat

608 3038 669 3095 et
711 3032 943 3093 fructus
1002 3031 1274 3110 robigine
1335 3029 1762 3108 occupentur),
1814 3036 1876 3092 et
1917 3032 2030 3110 111,
2074 3027 2176 3110 23,
2222 3030 2293 3092 5:
2338 3018 2446 3102 Ὡς
2505 3015 2564 3090 δ’
2619 3019 2858 3102 ἁπλῶς

607 3128 821 3195 εἰπεῖν
876 3122 918 3214 ἡ
974 3119 1200 3213 ἀγαθὴ
1243 3122 1431 3214 χώρα
1489 3127 1602 3192 καὶ
1655 3122 2073 3210 χειμώνων
2121 3127 2334 3193 δεῖται
2387 3130 2704 3192 πολλῶν·
2763 3119 2856 3192 ἂν

605 3227 746 3317 γὰρ
793 3221 1050 3296 εὐδίαι
1095 3230 1242 3298 καὶ.
1267 3224 1359 3294 τὰ
1403 3224 1631 3294 νότια
1668 3224 2121 3312 ἐνισχύωσι,
2168 3230 2545 3314 λοχαίους
2573 3232 2855 3294 ποιοῦ·

524 3413 527 3417 Α
608 3352 737 3398 σιν
801 3326 901 3410 ὡς
963 3331 1094 3398 ἐπὶ
1154 3328 1240 3397 τὸ
1303 3328 1511 3397 πολὺ
1569 3332 1695 3395 καὶ
1761 3325 2286 3416 ἐρυσιβώδεις.
2366 3324 2435 3397 Ὁ
2494 3330 2565 3396 δὲ
2604 3327 2861 3416 χειμών

604 3431 904 3510 maenam,-
972 3434 1086 3499 καὶ
1145 3428 1567 3517 καρκινώσας
1628 3428 1744 3511 τὰς
1803 3430 1986 3518 ῥίζας
2039 3429 2419 3518 σύμμετρον
2475 3434 2565 3509 εἰς
2609 3428 2689 3498 τὸ
2730 3430 2856 3518 ἔαρ

604 3548 790 3603 ποιεῖ
831 3532 911 3602 τὸ
954 3536 1245 3621 μέγεθος
1289 3526 1464 3612 ὅλως
1508 3535 1580 3601 δὲ
1626 3536 1742 3600 καὶ
1796 3532 1924 3622 τήν
1979 3532 2210 3622 χώραν
2271 3529 2355 3602 ἂν
2415 3535 2858 3622 εἰργασμένην

609 3633 777 3721 λάβῃ
821 3648 1029 3722 μανοῑ
1089 3644 1432 3717 (Wimmerz
1489 3644 1558 3704 In
1618 3646 1959 3706 universum
2005 3649 2205 3705 autem
2250 3664 2397 3722 ager
2438 3645 2631 3706 bonus
2674 3645 2856 3705 etiam

605 3746 828 3825 frigore
891 3747 1128 3807 hiemali
1193 3746 1424 3822 indiget
1484 3747 1686 3808 multo.
1774 3748 1833 3809 Si
1901 3748 2058 3808 enim
2124 3748 2249 3809 dies
2309 3747 2504 3809 sereni
2569 3752 2630 3808 et
2688 3749 2857 3808 venti

605 3850 856 3910 austrini
899 3849 1310 3927 dominentur,
1367 3855 1605 3926 segetes
1662 3849 2014 3927 plerumque
2059 3850 2429 3911 decumbunt
2472 3849 2859 3936 et'yubigine

604 3956 997 4029 occupantur.
1085 3950 1301 4030 Frigus
1343 3970 1488 4012 vero
1536 3952 1787 4012 hiemale
1818 3950 1974 4026 etc.).
2050 3954 2332 4014 Wimmer
2368 3952 2552 4030 igitur
2585 3950 2860 4031 λοχατος

783 4184 837 4251 *)
873 4181 1055 4236 locum
1104 4187 1423 4251 corruptum
1472 4196 1600 4237 esse
1646 4187 1899 4253 apparet„
1968 4182 2292 4252 Legendum
2338 4181 2567 4236 videtur
2614 4179 2859 4237 fortasse

611 4269 720 4324 sie:
757 4264 855 4323 καὶ
889 4262 1140 4335 μάλιστα
1177 4256 1317 4321 ὅταν
1355 4259 1513 4322 ειῗδία
1549 4260 1902 4338 ἐπιγένηται.
2320 4289 2331 4300 ·
