3166 4871
2499 300 2605 368 -31

1445 480 1540 543 11.

545 599 766 684 Νίκην
817 616 921 663 σοι
967 590 1281 679 φαίνουσι
1324 596 1478 661 θεοὶ
1526 587 1609 661 δι’
1654 589 1843 661 ὁδοῖο
1889 596 2263 682 στενυγρῆς.

1442 769 1538 834 12.

538 891 600 966 a)
688 882 993 973 Ἄγγελον
1035 874 1362 975 ἡμέτερον
1406 885 1671 961 κτείνας
1714 875 2047 968 ἀνεμάξαο
2091 877 2354 969 ποινήν.

536 1046 600 1122 b)
695 1035 908 1126 Εὔχεο
953 1043 1263 1128 Καρνείῳ
1305 1041 1553 1107 τελέειν
1600 1040 1792 1120 σέβας
1833 1030 2223 1107 Ἀπόλλωνι.

1442 1216 1537 1277 13.

544 1328 948 1419 Πάγγρυσον
992 1334 1151 1416 φέρε
1195 1328 1455 1417 κόσμον
1498 1323 1669 1397 ἑλών
1714 1322 1850 1397 ἀπὸ
1895 1332 2011 1409 οἷς
2056 1322 2327 1416 ἀλόχοιο

539 1437 757 1523 δειρῆς
801 1429 885 1502 ὅν
929 1459 1095 1502 ποτε
1143 1431 1399 1519 Κύπρις
1445 1425 1634 1519 ἔδωχ’
1668 1422 1894 1517 Ἑλένῃ
1936 1434 2100 1519 μέγα
2141 1429 2374 1519 χάρμα.

540 1533 631 1615 ὣς
675 1539 781 1604 σοὶ
832 1529 1255 1621 Ἀλέξανδρος
1298 1538 1477 1602 τίσιν
1519 1536 1839 1622 ἐχθίστην
1884 1527 2238 1603 ἀποδώσει.

1442 1711 1536 1772 14.
1597 1708 1608 1715 ’

546 1828 741 1895 Ίῖπτε
787 1823 927 1894 δύω
972 1828 1295 1913 βασιλῆες,
1342 1816 1379 1892 ὁ
1425 1826 1548 1910 μὲν
1602 1822 1848 1912 Τρώων
1890 1816 1929 1891 ὁ
1976 1817 2036 1892 6⁹
2081 1818 2377 1911 Ἀχαιῶν,

534 1922 768 1996 οὐκέθ’
814 1920 1350 2015 ὃμοφρονέοντες
1394 1926 1555 2014 ἐμὸν
1602 1925 1817 2013 δόμον
1861 1928 2234 2015 είσανέβητε
2253 1957 2277 2008 ,-

540 2123 643 2197 11)
690 2126 833 2186 Eus.
890 2143 981 2203 pr.
1043 2144 1131 2185 eo.
1192 2125 1241 2183 V
1287 2122 1399 2184 20:
1488 2108 1953 2202 Ἀριστόμαχος
2005 2102 2131 2183 οὖν
2190 2106 2227 2181 ὃ
2285 2109 2608 2202 Ἀριδαίου

364 2217 591 2304 ἐπειδὴ
638 2242 676 2284 ο
712 2212 1032 2306 Ἀριδαῖος
1077 2211 1521 2306 ἆπετεθνὴκει
1565 2219 1638 2285 ἐν
1683 2221 1764 2302 τῇ
1810 2219 2080 2305 εἰσβολῇ
2127 2217 2382 2304 ἔρχεται
2415 2211 2609 2286 ἇκου·

362 2319 637 2408 σόμενος
695 2319 878 2408 παρὰ
933 2324 1057 2389 σοῦ
1111 2323 1265 2408 περὶ
1315 2323 1434 2408 τῆς
1495 2315 1662 2388 ὁδοῦ
1713 2372 1729 2389 .
1773 2373 1788 2388 .
1860 2313 1940 2387 σύ
2001 2322 2072 2387 δὲ
2130 2312 2313 2408 αὐτῷ
2369 2322 2608 2408 λέγεις·

367 2426 585 2512 Νίκην
627 2430 765 2492 κτλ.

533 2535 608 2595 of.
661 2535 862 2596 Wolff.
921 2534 1218 2613 Porphyr.
1273 2553 1332 2613 p.
1374 2530 1474 2594 79.
1521 2532 1621 2593 80.
1682 2523 2064 2612 στενύγρων
2122 2533 2293 2596 codd.
2351 2539 2412 2596 et
2470 2535 2608 2596 edit.

369 2631 729 2717 στενυγρῆς
773 2636 1065 2698 WolffiuS.

543 2735 635 2798 12.
647 2737 708 2813 a)
754 2740 898 2799 Eue.
934 2758 1023 2817 pr.
1060 2758 1148 2799 eo.
1184 2741 1225 2798 V
1263 2735 1374 2798 20·
1454 2728 1745 2816 Τήμενος
1788 2728 2017 2797 ἐλθών
2063 2722 2483 2817 ἀπεμέμφετο
2529 2735 2611 2816 τῇ

360 2828 695 2924 ἅποτυχία
764 2837 876 2902 καὶ
940 2831 1229 2921 ἤκουσεν
1294 2828 1399 2900 ὅτι
1456 2831 1704 2923 ποινὴν
1775 2859 1842 2900 αι
1849 2832 2147 2920 εμάξατο
2220 2838 2344 2901 τοῦ
2410 2836 2607 2901 θείου

294 2945 299 2950 ’
364 2929 648 3058 ἀγγέλου
708 2941 819 3002 καὶ
863 2936 943 3003 τὸ
990 2933 1155 3025 υπὲρ
1199 2940 1319 3024 τῆς
1364 2929 1552 3024 εὐχῆς
1598 2928 1962 3024 Απηλλωνι
2011 2939 2314 3023 Καρνείῳ
2354 2941 2606 3023 ποίημα

359 3037 440 3105 τὸ
488 3035 596 3105 διὰ
639 3043 764 3105 τοῦ
807 3043 1101 3127 χρησμοῦ
1145 3041 1362 3125 λέγον·
1452 3033 1761 3124 Ἄγγελον
1804 3044 1945 3105 κτλ.
1994 3042 2059 3105 τί
2113 3039 2265 3119 οὐν,
2320 3041 2539 3158 ‹molv-
2569 3062 2606 3103 ο

367 3138 686 3228 Τήμενος;
753 3143 819 3207 τί
888 3140 1014 3229 χρὴ
1083 3156 1337 3221 ποιεῑν;
1409 3144 1523 3207 καὶ
1598 3144 1746 3219 πῶς
1828 3164 1914 3206 αν
1985 3141 2338 3229 ὶλασαίμην
2411 3133 2610 3226 υμᾶς,·

361 3239 569 3329 Essxeo
615 3248 758 3310 κτλ.

532 3352 594 3427 b)
642 3344 914 3435 Καρνίῳ
957 3356 1073 3416 vel.
1121 3349 1393 3434 Κρανίῳ
1439 3354 1611 3414 codd‘.
1659 3348 1964 3433 Καρνείῳ
2008 3353 2373 3415 Βίιιᾶοτίὶηε.

540 3455 638 3530 13)
686 3458 1034 3518 Athenaeus
1070 3460 1147 3517 Vl
1201 3477 1258 3535 p.
1301 3453 1422 3515 232
1448 3456 1499 3516 f:
1562 3438 1624 3527 [ὃ
1682 3448 1755 3514 ἐν
1815 3452 2095 3532 Δελφοῖς
2151 3441 2330 3527 θεὸς]
2377 3447 2606 3538 ἔχρησε

364 3548 694 3637 Μενελάῳ
723 3552 1227 3638 πυνθανομένῳ
1248 3555 1397 3630 πῶς
1419 3546 1504 3617 ἂν
1526 3548 1652 3617 τὸν
1677 3543 2108 3636 Ἀλέξανδρον
2131 3548 2577 3638 τιμωρήσαιτο
2593 3573 2607 3586 ·

364 3650 610 3740 Πάγχρ.
659 3659 802 3721 κτλ.
852 3662 927 3722 cf.
973 3663 1190 3723 Muller
1235 3663 1371 3722 hist.
1416 3681 1505 3740 gr.
1550 3662 1623 3721 fr.
1668 3658 1865 3721 1275.

530 3761 603 3824 2:
647 3758 815 3842 μέγα
853 3754 1075 3843 χάρμα
1120 3765 1188 3824 11.
1218 3764 1416 3824 XXIV
1448 3762 1588 3825 706.
1635 3764 1834 3839 hymn.
1864 3765 2003 3823 XVI
2035 3763 2094 3823 4.

535 3864 638 3940 14)
683 3867 862 3928 Schol
921 3865 1056 3928 eod.
1107 3863 1169 3925 A
1224 3866 1301 3926 ad
1358 3867 1426 3927 ll.
1468 3867 1519 3924 V
1560 3863 1676 3926 64:
1744 3859 2085 3937 Μενέλαος
2148 3855 2239 3937 εἷς
2304 3857 2607 3941 Δελφοὺς

359 3962 764 4047 παρεγένετο
842 3963 997 4047 περὶ
1077 3962 1343 4028 παίδων
1428 3962 1747 4047 γενέσεως
1823 3954 2125 4049 χρησμὸν
2208 3955 2606 4048 ληψόμενος.

361 4066 709 4131 συνείπετο
766 4065 838 4131 δὲ
895 4056 1082 4150 αὐτῷ
1134 4067 1247 4130 καὶ
1293 4057 1722 4151 Ἀλέξανδρος
1765 4066 1920 4149 περὶ
1964 4062 2280 4150 γυναικὸς
2324 4087 2605 4148 μαντευ-

362 4162 615 4250 όμενος.
670 4167 1056 4252 γενομένων
1101 4153 1226 4232 οὖν
1270 4158 1670 4251 ἀμφοτέρων
1706 4166 1812 4232 ἐπὶ
1860 4164 1942 4234 τὸ
1986 4180 2304 4252 μαντεῖον
2348 4168 2605 4250 λέγεται

357 4269 588 4353 χρῆσαι
634 4265 757 4355 τὴν
802 4270 1079 4335 Πυθίαν
1120 4265 1307 4334 τάδε·
1365 4270 1561 4337 Ίίπτε
1603 4275 1745 4335 κτλ.
