3166 4871
2533 293 2643 355 131

408 478 490 537 ita
535 477 848 556 explicuit,
912 480 979 535 ut
1025 476 1198 537 facile
1247 494 1614 555 cognoscere
1666 476 1863 554 possis
1922 493 2031 535 cur
2088 472 2355 551 perfecto
2402 472 2487 531 uti
2531 490 2650 529 ma·

408 582 587 640 luerit
630 584 826 657 poeta,
871 597 1158 656 praesens
1203 580 1630 657 repudiaverit.
1720 578 1874 637 Illud
1922 578 2091 650 euim,
2138 574 2299 652 quod
2331 574 2493 650 Sept.
2522 576 2645 633 424

405 688 466 743 et
496 685 617 743 555
651 682 981 741 invenitur:
1025 678 1150 740 τοῦ
1193 671 1410 760 πάρος
1459 674 1860 760 λελεγμένου
1906 681 2334 756 interpretatur
2376 679 2483 735 ita:
2543 678 2646 745 „ln

402 788 660 861 utroque
708 784 840 843 loco
883 773 1103 863 πάρος
1145 785 1442 862 particula
1484 783 1769 843 aoristum
1804 782 2044 842 videtur
2080 781 2416 857 requirere;
2461 796 2648 855 quare

403 887 755 963 particulam
801 885 958 945 illam
1008 887 1078 945 ad
1127 887 1424 947 notionem
1471 886 1726 945 actionis
1771 885 1899 944 eius
1945 902 2101 962 quae
2143 885 2392 960 peracta
2420 882 2480 942 in
2512 900 2646 960 per·

404 987 560 1048 fecto
603 989 757 1048 inest
799 989 1129 1067 appositam
1177 1007 1307 1050 esse
1353 993 1706 1065 statuemus,
1749 987 2129 1065 participium
2174 989 2372 1045 autem
2422 983 2644 1063 λελεγ-

399 1084 600 1167 μένος
660 1110 777 1151 non
842 1110 973 1151 enm
1031 1092 1368 1168 significare
1413 1091 1489 1151 de
1536 1109 1657 1168 quo
1702 1096 1882 1150 antea
1926 1089 2144 1148 dictum
2194 1092 2312 1165 est,
2353 1086 2459 1147 sed
2507 1105 2642 1147 eum

401 1211 577 1269 quem
622 1211 695 1253 ex
745 1195 1303 1255 commemoratione
1348 1194 1449 1254 illa
1494 1193 1823 1253 novimus.“
1923 1193 1997 1252 Et
2056 1189 2129 1250 ad
2180 1191 2478 1250 Prometh.
2516 1192 2640 1250 825

401 1281 443 1353 ἃ
492 1289 657 1376 πρὶν
713 1295 952 1374 μολεῖν
1015 1283 1195 1375 δεῦρ’
1257 1286 1760 1376 ἐκμεμόχθηκεν
1819 1284 2094 1373 φράσω,
2148 1293 2301 1354 idem
2364 1292 2641 1351 adnotat:

400 1399 832 1465 ..Prometheus
864 1399 1127 1475 perfecto
1171 1402 1377 1479 utitur,
1422 1401 1564 1477 quia
1611 1418 1727 1459 non
1777 1415 1930 1476 quae
1975 1398 2216 1475 singula
2246 1396 2310 1455 Io
2355 1411 2641 1471 perpessa

396 1501 472 1559 sit
516 1519 763 1561 narrare
810 1501 914 1561 sed
964 1522 1035 1562 ea
1080 1503 1471 1580 pronuntiare
1516 1502 1668 1579 vult,
1712 1518 1868 1578 quae
1913 1500 2227 1560 exanclata
2263 1499 2377 1558 iam
2425 1497 2641 1557 habeat

397 1608 457 1663 et
500 1606 839 1679 superata.“
885 1635 970 1645 —
1014 1604 1438 1665 Addit-amenta
1491 1604 1674 1682 igitur
1719 1604 1814 1663 illa
1870 1601 2225 1679 temporalia
2283 1619 2413 1660 cum
2477 1618 2637 1667 „non

395 1705 468 1765 ad
517 1710 732 1766 statum
781 1714 1187 1785 praesentem,
1249 1708 1350 1786 qui
1412 1708 1470 1769 in
1518 1707 1788 1784 perfecto
1834 1706 2012 1779 inest,
2066 1704 2173 1764 sed
2222 1703 2295 1763 ad
2343 1704 2637 1762 actionem

394 1813 711 1886 antequam
769 1813 961 1870 status
1018 1810 1128 1871 iste
1188 1811 1478 1871 incideret
1537 1813 1874 1887 peractam,
1930 1825 2086 1886 quae
2147 1824 2265 1866 non
2328 1805 2523 1865 minus
2575 1805 2636 1863 in

394 1911 664 1986 perfecto
709 1912 892 1987 inest,
936 1912 1275 1989 spectent,“
1328 1912 1452 1972 fieri
1501 1931 1621 1971 non
1670 1915 1893 1987 potest,
1940 1911 2083 1987 quin
2130 1908 2206 1968 ad
2253 1925 2450 1967 rerum
2499 1924 2638 1967 con·

393 2012 682 2071 dicionem
746 2013 1159 2091 explicandam
1217 2020 1276 2074 et
1346 2014 1756 2073 illustrandam
1825 2011 2094 2091 perfecta
2154 2010 2260 2070 illa
2317 2010 2633 2089 plurimum

393 2114 705 2185 valuerint,
754 2118 817 2174 ut
862 2117 1036 2175 etiam
1085 2134 1158 2175 ex
1206 2118 1317 2175 bac
1361 2115 1692 2187 variatione
1737 2115 2072 2193 praesentis
2116 2120 2178 2174 et
2221 2112 2472 2190 perfecti
2510 2117 2634 2173 stu-

392 2216 551 2275 dium
597 2213 963 2298 πλαστικῆς
1012 2219 1403 2297 Aeschyleum
1449 2221 1724 2294 apertum
1768 2218 1861 2277 sit.

1434 2485 1583 2568 IV.

558 2682 740 2743 Cuius
786 2683 1050 2744 eiusdem
1098 2683 1275 2744 studii
1320 2684 1660 2743 testimonia
1704 2682 1871 2742 nulla
1916 2684 2155 2742 exstant
2208 2678 2634 2753 manifestiora,

388 2802 565 2860 quam
623 2803 824 2845 eorum
896 2805 1052 2863 quae
1106 2787 1165 2845 in
1229 2785 1530 2846 narrando
1603 2791 1975 2862 usurpantur
2046 2790 2382 2860 temporum
2428 2781 2635 2840 discri-

389 2887 577 2962 mina,
634 2888 834 2947 aoristi
884 2889 1145 2960 scilicet,
1206 2888 1535 2965 imperfecti
1598 2888 1748 2961 (sive
1804 2882 2404 2965 plusquamperfecti)
2464 2901 2634 2961 prae-

387 2990 574 3047 sentis
621 2988 882 3066 denique
930 2991 1206 3050 historici.

558 3106 758 3183 Atque
818 3108 1017 3167 aoristi
1088 3109 1327 3185 quidem
1394 3115 1456 3169 et
1511 3107 1863 3186 imperfecta
1922 3106 2065 3184 quid
2139 3106 2249 3165 sibi
2325 3105 2515 3163 velint
2573 3105 2630 3162 in

387 3213 665 3286 promptu
710 3214 830 3286 est3
891 3210 1110 3270 aoristo
1173 3213 1325 3270 enim
1386 3211 1543 3270 facta
1599 3228 1727 3270 sese
1782 3210 2067 3286 deinceps
2110 3207 2472 3285 excipientia
2515 3208 2632 3266 sin-

386 3310 629 3386 gulatim
678 3319 1067 3389 enarrantur,
1126 3312 1537 3390 imperfectum
1588 3317 1818 3389 autem,
1873 3311 2035 3390 quod
2095 3329 2214 3370 non
2263 3309 2629 3370 narrativum

389 3412 495 3472 sed
545 3412 975 3490 descriptivum
1022 3416 1152 3475 iure
1198 3422 1432 3493 tempus
1471 3415 1835 3494 appellatur,
1878 3414 1951 3474 ad
1998 3413 2402 3473 accuratiores
2430 3429 2628 3471 rerum

386 3515 675 3591 imagines
735 3515 1156 3593 exprimendas
1218 3516 1555 3577 adhibetur.
1659 3516 2016 3577 Historicum
2072 3519 2266 3575 autem
2329 3531 2633 3590 praesens,

386 3617 546 3694 quod
603 3618 846 3695 Graeci,
910 3638 1027 3695 qua
1091 3620 1394 3680 excellunt
1450 3620 1675 3696 ingenii
1738 3618 2066 3679 admirabili
2122 3618 2400 3677 facilitate
2446 3621 2629 3693 atque

386 3720 749 3796 mobilitate,
818 3740 928 3781 suo
997 3721 1436 3799 quodammodo
1499 3724 1630 3783 iure
1692 3721 1802 3781 sibi
1862 3716 2446 3794 vindicaveruntffl),
2506 3724 2627 3779 tam

382 3823 624 3884 insolito
683 3841 867 3901 saepe
925 3843 1087 3885 more
1135 3833 1489 3904 usurpatur,
1550 3829 1617 3886 ut
1667 3825 2116 3902 diligentionem
2163 3823 2626 3901 explicationem

382 3925 661 3986 videatur
705 3927 961 4004 exigere.

552 4029 644 4089 Ac
689 4029 763 4090 ab
809 4032 982 4107 epico
1029 4031 1264 4108 quidem
1313 4050 1536 4109 genere
1580 4036 1699 4091 tam
1748 4031 2083 4092 rhetoricus
2127 4032 2292 4091 color
2341 4029 2627 4090 orationis

750 4182 785 4189 -ι

553 4279 623 4345 ³⁴)
657 4277 742 4332 Cf.
780 4276 962 4333 Kiihn.
1000 4279 1171 4349 5382,
1199 4286 1246 4335 2.
1319 4281 1623 4337 Delbrlick.
1663 4281 1779 4338 Alt.
1816 4283 2009 4353 Temp.
2046 4299 2101 4352 p.
2128 4286 2209 4338 89.
