3166 4871
1021 239 1109 296 De
1142 239 1347 296 nomin.
1379 240 1442 296 in
1473 258 1640 307 -αιοᾳ
1710 244 1745 309 8
1781 245 1866 296 48.
2482 246 2603 310 139

370 421 603 481 Nomen
649 440 772 483 non
816 424 1022 499 potest
1064 439 1182 483 non
1213 420 1290 482 ab
1320 404 1495 499 αὐλή
1527 419 1773 481 ductum
1803 438 1952 498 esse,
1996 424 2065 482 ut
2107 405 2369 491 αὔλειος
2408 410 2616 501 θύρα.

370 522 489 585 Sed
536 523 640 601 qui
687 522 938 601 sactum,
999 526 1065 583 ut
1107 523 1261 584 haee
1303 541 1424 584 vox
1468 523 1691 585 habeat
1735 541 1793 582 ει
1837 523 2303 604 diphthongum,
2359 523 2461 584 illa
2504 524 2619 586 ac?

371 624 504 685 Nisi
535 624 715 687 fallor
745 644 876 687 eam
909 625 985 687 ob
1031 644 1297 705 eausam,
1340 626 1502 705 quod
1546 626 1908 688 vocabulum
1955 612 2223 698 αὔλειος
2273 626 2349 687 de
2392 625 2621 687 foribus

371 728 557 788 multo
603 728 805 806 priore
851 732 1122 807 tempore
1166 732 1435 790 creatum
1481 733 1601 807 est,
1658 747 1795 789 nam
1855 729 1931 789 ab
1976 730 2239 791 Homero
2274 730 2402 808 jam
2446 747 2619 790 usur·

369 836 579 910 patur,
624 834 686 892 et
728 832 813 891 ita
855 835 1213 910 usurpatur,
1273 835 1339 892 ut
1391 831 1694 909 intelligas
1734 831 1798 891 id
1832 833 1961 911 Jam
2008 831 2110 893 diu
2154 832 2215 892 in
2260 850 2375 893 usu
2419 830 2622 892 fuisse.

375 933 606 994 Contra
660 937 1126 994 consentaneum
1180 937 1300 1013 est,
1359 934 1627 995 velorum
1680 934 2152 1012 aulaeorumque
2204 951 2379 995 usum
2434 931 2619 994 multo

373 1036 678 1115 posterius
739 1053 872 1097 esse
929 1040 1264 1119 receptum,
1323 1055 1507 1115 quum
1567 1036 1809 1097 luxuria
1866 1035 2053 1097 maior
2109 1035 2273 1098 faeta
2316 1039 2503 1116 esset,
2560 1039 2621 1098 et

375 1157 597 1200 nomen
641 1156 838 1200 novae
880 1140 968 1199 rei
1010 1139 1216 1199 Attico
1260 1138 1495 1200 demum
1541 1143 1814 1217 tempore
1856 1140 2182 1217 inventum,
2215 1140 2342 1218 jam
2385 1139 2512 1200 sive
2556 1142 2624 1200 ut

373 1242 449 1303 ab
492 1241 598 1304 illo
644 1242 974 1303 vetustiore
1019 1241 1492 1320 distingueretur
1535 1243 1663 1303 sive
1721 1241 1883 1320 quod
1927 1240 2201 1303 feminini
2241 1225 2414 1322 αὐλή
2457 1243 2619 1305 notio

374 1343 449 1403 ad
515 1361 558 1403 α
616 1344 886 1409 vocalem
958 1343 1294 1423 eligendam
1362 1343 1672 1424 trudebat,
1743 1345 1805 1404 in
1879 1361 1991 1404 αια
2061 1345 2442 1406 terminatum
2512 1348 2621 1407 est.
2656 1416 2661 1423 ,

375 1446 595 1508 Uirum
643 1449 844 1508 antem
889 1446 1029 1507 mihi
1073 1450 1190 1524 est,
1250 1445 1411 1507 unde
1465 1465 1659 1525 genus
1712 1446 2060 1509 femininum
2115 1465 2274 1509 novo
2327 1446 2620 1509 vocabulo

331 1549 718 1628 .imposi·tum
761 1550 864 1628 sit,
921 1567 1102 1627 quum
1160 1548 1360 1610 omnia
1417 1549 1812 1627 substantiva,
1868 1568 2026 1627 quae
2067 1548 2389 1611 videantur
2441 1566 2621 1626 posse

373 1651 769 1731 subintelligi,
827 1653 1098 1717 neutrius
1157 1652 1279 1714 sint
1337 1652 1604 1729 generis:
1668 1655 1737 1713 ut
1787 1645 2306 1733 παραπέτασμα,
2365 1640 2618 1732 προκά-

376 1752 626 1833 λυμμα,
671 1751 950 1835 στρῶμα
993 1756 1069 1815 aL
2482 1836 2489 1843 ο

549 1850 664 1918 48.
709 1852 990 1931 βίαιος
1051 1858 1192 1920 inde
1252 1859 1327 1920 ab
1389 1858 1652 1919 Homero
1714 1858 2012 1919 usitatum.
2115 1859 2310 1919 Etiam
2369 1857 2448 1918 de
2503 1858 2621 1920 hoo

372 1960 676 2021 vocabulo
721 1960 1115 2040 dubitaveris,
1174 1966 1369 2022 utrum
1415 1980 1453 2022 a
1491 1955 1606 2036 βία
1651 1979 1728 2021 an
1772 1979 1810 2021 a
1850 1948 2058 2035 βιάζω
2102 1959 2444 2022 descendat.
2529 1962 2620 2022 Ea

374 2080 496 2140 qua
537 2063 899 2141 plerumque
944 2064 1134 2124 utitur
1177 2062 1536 2141 signifieatio
1579 2063 1657 2123 ad
1714 2056 1829 2137 βία
1879 2040 2134 2123 maxime
2188 2062 2377 2141 ducit,
2434 2080 2617 2140 quum

374 2164 674 2244 significet
714 2165 1008 2244 quidquid
1054 2167 1115 2226 vi
1158 2164 1250 2244 fit,
1306 2165 1413 2226 sed
1465 2164 1766 2227 interdum
1814 2165 1990 2227 etiam
2034 2182 2145 2243 pro
2188 2158 2618 2244 βεβιασμένος

374 2273 485 2347 est,
525 2271 594 2329 ut
637 2286 734 2346 ap.
776 2268 927 2329 Plat.
965 2285 1091 2344 rep.
1120 2269 1193 2347 X,
1236 2264 1360 2327 603
1393 2268 1439 2330 C
1480 2256 1910 2348 πράττοντας
1953 2252 2368 2347 ἀνθρώπους
2409 2272 2615 2346 μιμεῖ-

373 2388 484 2430 ται
525 2357 567 2451 ἡ
613 2361 928 2452 μιμητικὴ
974 2365 1233 2446 βιαίους
1275 2356 1317 2451 ἢ
1365 2360 1674 2443 ἑκουσίας
1715 2359 2005 2450 πράξεις.

534 2460 1147 2552 Ἑκατομβαῑος
1193 2461 1232 2534 ὁ
1275 2458 1621 2535 Ἁπόλλων
1663 2463 1848 2555 παρὰ
1874 2458 2266 2555 Ἀθηναίοις,
2312 2467 2423 2533 καὶ
2453 2462 2619 2544 Ζεύς

373 2568 450 2636 ἐν
487 2565 800 2656 Γορτύνῃ
843 2572 958 2636 καὶ
1000 2560 1158 2656 παρ’
1201 2560 1458 2656 «Ἀρκάσι
1504 2571 1619 2636 καὶ
1664 2571 1893 2658 Κρησί.
1980 2575 2239 2654 Hesyeh.
2280 2606 2368 2617 —
2400 2562 2615 2636 Ἑκα-

373 2668 735 2757 τόμβαια
777 2679 1067 2741 solemnia
1108 2684 1245 2740 aeta
1288 2661 1435 2741 esse⁸
1465 2679 1713 2741 tradunt
1755 2680 2003 2756 Spartae
2041 2678 2258 2754 (Sta-ab.
2289 2673 2349 2757 8,
2388 2697 2447 2757 p.
2475 2673 2617 2758 362,

375 2785 437 2842 et
494 2800 573 2844 ex
626 2782 742 2844 hoe
793 2783 962 2844 Euat.
1006 2783 1074 2843 11.
1116 2802 1175 2860 p.
1218 2778 1368 2860 293,
1413 2779 1494 2841 33
1550 2789 1614 2844 et
1670 2782 1747 2843 ad
1802 2782 1978 2843 Dion.
2021 2782 2156 2842 Per.
2198 2776 2375 2861 419),
2435 2779 2617 2859 Argis

375 2882 718 2965 (Hesyoh.)‚
781 2886 1052 2964 Aeginae
1096 2885 1309 2955 (schol.
1353 2885 1526 2947 Pind.
1578 2884 1758 2963 Pyth.
1802 2880 1857 2962 8,
1907 2881 2081 2963 114),
2136 2882 2247 2948 sed
2308 2901 2346 2943 a
2403 2880 2619 2944 oeteris

380 3005 626 3065 quoque
668 2986 913 3049 Graecis
956 2986 1259 3049 celebrata
1294 3005 1426 3049 esse
1454 2987 1812 3065 intelligitur
1839 3004 1914 3049 ex
1944 2987 2163 3048 mensis
2192 2985 2353 3047 attici
2382 2984 2619 3046 nomine

365 3076 1005 3169 Ἑκατομβαιών
1063 3088 1193 3167 (qui
1236 3108 1273 3150 a
1315 3088 1808 3152 Lacedaemoniis
1852 3089 2183 3150 vocabatur
2223 3074 2619 3166 Ἑκατομ-

377 3180 607 3266 βεύς,
649 3192 727 3253 ab
771 3192 1012 3254 Asianis
1042 3178 1703 3270 Ἑκατομβαῑος).
1789 3190 1968 3270 Apud
2013 3190 2368 3253 Strabonem
2412 3190 2618 3268 optimi

375 3294 514 3355 libri
575 3293 863 3356 exhibent
924 3283 1469 3373 ἑκατόμβοια,
1529 3312 1712 3373 quam
1757 3294 2033 3372 formam,
2076 3310 2421 3371 quanquam
2464 3291 2620 3354 falsa

377 3403 495 3474 est,
561 3415 748 3475 quum
807 3403 868 3458 et
926 3396 1178 3459 deorum
1236 3402 1297 3458 et
1351 3396 1745 3459 solemnitatis
1811 3414 2030 3458 nomen
2091 3396 2167 3457 ab
2225 3383 2620 3474 ἑκατόμβαις

376 3499 594 3576 quibus
637 3498 737 3564 dei
778 3499 1179 3577 placabantur
1221 3499 1338 3562 illis
1381 3499 1596 3562 diebus
1626 3500 1871 3564 ductum
1902 3516 2034 3561 esse
2063 3501 2350 3577 appareat
2390 3498 2620 3578 (inepta

376 3605 467 3662 est
510 3602 833 3681 explicatio
878 3602 1224 3681 Etymologi
1276 3603 1509 3681 magni:
1556 3588 2062 3682 Ἑκατομβαιών
2114 3594 2187 3661 δὲ
2233 3584 2619 3679 ὠνόμασται

375 3694 485 3764 διὰ
527 3693 648 3777 τὰς
689 3700 819 3764 τοῦ
848 3688 1270 3776 Ἀπόλλωνος
1313 3698 1557 3777 θυσίας
1574 3719 1589 3731 ·
1634 3693 1886 3766 θύουσι
1927 3694 2054 3784 γὰρ
2100 3687 2291 3784 αὐτῷ
2335 3693 2617 3784 ἑκατομ-

376 3802 544 3885 βαιῷ
591 3798 709 3887 [Et.
748 3802 902 3868 Gud.
945 3796 1425 3890 ἑκατομβοίῳ],
1468 3801 1776 3868 τουτέστι
1818 3801 2197 3886 πολυτίμῳ,
2239 3801 2498 3884 μᾶλλον
2543 3798 2616 3865 δὲ

378 3897 624 3969 ἑκατὸν
664 3897 827 3984 βόας
871 3893 1259 3988 εὐχόμενοι),
1301 3914 1499 3971 tamen
1534 3910 1661 3988 jam
1705 3910 1782 3971 ab
1825 3910 1975 3988 ipsis
2016 3908 2319 3971 veteribus
2364 3925 2615 3986 usurpa-

377 4016 496 4071 tam
542 4029 697 4090 esse,
737 4012 908 4073 testis
951 4015 1044 4073 est
1085 4011 1296 4073 titulus
1338 4012 1660 4092 Tegeaeus
1703 4012 1782 4075 01
1808 4012 1856 4091 Ι,
1897 4031 1955 4091 p.
1985 4007 2110 4070 702
2134 4030 2191 4072 ·a
2234 4006 2273 4069 9
2307 3997 2615 4071 Ἑκοτόν-

380 4109 532 4186 βοια
576 4099 828 4192 ἄνδρας
873 4102 1142 4192 δόλιχον
1181 4105 1442 4175 ἵππιον.
1485 4115 1565 4176 ib.
1596 4109 1678 4173 23
1709 4115 1770 4176 in
1815 4114 2028 4177 iisdem
2072 4112 2274 4174 verbis
2306 4097 2618 4187 Ἑκοτόμτ

378 4212 559 4290 Boea,
601 4213 697 4276 be
729 4200 1186 4308 Ἑκατόμβοια.
1275 4217 1394 4281 Sed
1438 4235 1507 4277 αι
1551 4219 1645 4277 est
1689 4217 1746 4277 in
1793 4217 1884 4279 tit.
1926 4214 2148 4293 Delph.
2192 4213 2271 4274 01
2313 4214 2362 4286 1,
2403 4229 2460 4288 p.
2492 4203 2615 4267 843
