3166 4871
2446 327 2559 386 169

320 495 528 555 Crates
574 497 770 572 priore
818 501 1012 557 aetate
1053 498 1357 558 histrionis
1403 515 1648 558 munere
1695 497 1939 557 functus
1980 498 2038 557 in
2075 498 2299 573 Cratini
2344 497 2563 558 fabulis

318 601 519 672 partes
604 600 959 660 sustinuisse
1041 607 1250 676 postea
1333 599 1570 659 demum
1656 600 1787 676 ipse
1855 599 2085 660 fabulas
2158 602 2562 677 composuisse

317 698 592 759 traditur.
732 700 921 760 Aliam
1008 701 1307 761 Philonidi
1400 706 1461 761 et
1533 701 1873 762 Callistrato
1948 720 2078 762 cum
2155 702 2562 780 Aristophane

320 802 606 862 rationem
655 803 1065 864 intercessisse
1112 807 1363 865 constat.
1451 804 1875 881 Aristophanis
1908 803 2190 883 interfuit,
2235 810 2301 865 ut
2328 805 2560 883 priores

317 922 470 980 quas
547 908 914 983 composuit·
945 905 1180 967 fabulas
1258 925 1373 968 non
1438 908 1628 984 ipsius
1696 908 1930 967 nomine
1995 907 2256 968 doceret.
2359 907 2559 983 Quare

318 1006 481 1066 initio
557 1006 792 1068 fabulas
865 1027 984 1069 non
1056 1026 1168 1069 suo
1239 1010 1478 1069 nomine
1552 1011 1612 1070 in
1684 1013 1986 1071 certamen
2063 1010 2377 1087 commisit,
2451 1010 2558 1071 sed

314 1109 617 1170 Philonidi
680 1114 740 1170 et
807 1110 1145 1172 Callistrato
1229 1110 1480 1172 tradidit
1559 1111 1882 1172 docendas.
1988 1112 2172 1190 Item,
2244 1118 2558 1189 postquam

317 1230 528 1273 nomen
588 1230 756 1273 suum
821 1213 1130 1290 professus
1191 1217 1281 1274 est
1340 1232 1518 1291 quum
1582 1215 1818 1292 equites
1877 1232 1986 1275 suo
2045 1214 2285 1275 nomine
2338 1214 2560 1288 docuit,

317 1318 382 1373 ut
461 1315 624 1375 chori
702 1315 1050 1377 instituendi
1121 1335 1190 1375 ac
1269 1316 1524 1377 docendi
1593 1318 1798 1377 labore
1874 1317 2297 1396 supersederet
2385 1318 2558 1379 etiam

315 1420 646 1478 ceterarum
694 1417 1029 1479 fabularum
1078 1420 1403 1498 plerasque
1447 1418 1652 1480 iisdem
1700 1420 1845 1480 viris
1891 1419 2195 1481 docendas
2240 1419 2423 1481 dedit.

486 1518 623 1599 Sed,
666 1539 742 1581 ne
789 1522 936 1582 satis
982 1524 1125 1582 nota
1169 1526 1608 1583 retractaturus
1647 1522 1868 1600 videar,
1913 1522 2159 1582 aliorum
2186 1521 2558 1584 Comicorum

316 1640 468 1698 quos
528 1623 735 1684 eodem
794 1642 956 1684 more
1013 1642 1151 1684 usos
1213 1623 1399 1685 fuisse
1464 1629 1701 1686 constat
1755 1626 2117 1686 mentionem
2170 1624 2368 1687 facere
2411 1627 2558 1687 satis

317 1725 523 1787 habeo.
640 1726 951 1802 Eupolidis
1018 1727 1350 1804 Autolycus
1430 1746 1466 1787 a
1547 1730 1930 1788 Demostrato
2007 1727 2187 1787 docta
2251 1732 2342 1788 est
2404 1732 2557 1790 teste

318 1829 529 1888 Athen.
578 1830 646 1898 V,
708 1848 764 1906 p.
805 1829 1009 1891 21611:
1089 1817 1385 1891 Εὔπολις
1448 1820 1573 1888 τὸν
1634 1813 2037 1890 Αὐτόλυκον
2119 1818 2387 1905 διδάξας
2451 1816 2561 1890 διὰ

316 1920 796 2010 Δημοστράτου
868 1919 1171 2008 χλευάζει
1249 1917 1376 2010 τὴν
1440 1927 1640 2012 νίκην
1698 1926 1822 1990 τοῦ
1883 1915 2293 1992 Αὐτολύκου
2358 1932 2557 2000 (Mein.

317 2032 448 2091 hist.
497 2033 626 2093 crit.
670 2052 726 2110 p.
761 2031 941 2111 110),
986 2053 1106 2111 quo
1155 2035 1286 2093 loeo
1330 2033 1668 2094 Meinekius
1713 2034 1848 2093 olim
1894 2033 1981 2094 ita
2024 2034 2274 2095 abusum
2320 2052 2386 2095 se
2429 2052 2561 2096 esse

315 2133 564 2207 fatetur,
623 2138 689 2196 ut
732 2137 1174 2197 Demostratum
1238 2136 1582 2196 histrionem
1646 2136 1956 2214 Eupolidis
2014 2134 2199 2198 fuisse
2252 2140 2560 2199 statueret.

316 2268 401 2278 —
446 2238 828 2316 Phrynichus
874 2240 1178 2317 Amipsiae
1223 2240 1552 2300 docendam
1600 2238 1850 2300 tradidit
1895 2239 2153 2300 fabulam
2202 2235 2562 2319 Κωμασταὶ

317 2340 414 2408 (cf.
471 2341 646 2401 Mein.
705 2341 760 2400 h.
823 2360 968 2402 com.
1029 2360 1084 2419 p.
1135 2339 1295 2414 155).
1427 2344 1571 2401 Item
1639 2342 1810 2402 Pluto
1875 2340 2146 2403 Comicus
2203 2346 2560 2419 paupertate

316 2443 628 2515 adductus,
676 2446 814 2522 quia
860 2445 1027 2505 chori
1070 2445 1404 2505 instruendi
1446 2446 1776 2523 sumptibus
1818 2444 2164 2506 satisfacere
2198 2463 2318 2506 non
2351 2446 2560 2523 potuit,

317 2550 467 2607 teste
512 2545 696 2608 Suida
741 2565 785 2607 s.
833 2568 886 2608 v.
931 2534 1284 2626 „Aonidas
1325 2537 1754 2627 μιμούμενοι“
1813 2548 2021 2609 eodem
2068 2566 2233 2609 more
2279 2565 2425 2608 usus
2470 2552 2561 2608 est

317 2649 518 2721 (Mein.
564 2651 600 2710 1.
646 2652 682 2711 l.
727 2671 785 2729 p.
835 2650 997 2724 162).

490 2755 567 2815 Ut
612 2754 821 2815 Crates
865 2755 1093 2816 Cratini
1135 2754 1250 2815 fuit
1295 2755 1501 2815 histrio
1549 2755 1634 2814 ita
1678 2754 1933 2815 Cratetis
1978 2753 2216 2813 fabulas
2257 2752 2561 2814 Meinekio

194 2872 198 2876 ·
316 2855 557 2916 videtur
601 2856 994 2918 Pherecrates
1040 2858 1264 2935 egisse,
1322 2857 1667 2934 priusquam
1715 2857 1841 2931 ipsc
1895 2854 2127 2915 fabulas
2173 2855 2419 2915 doceret
2464 2853 2564 2930 (cf.

321 2958 491 3017 Mein.
539 2959 572 3017 l.
620 2959 658 3017 l.
705 2955 829 3029 66).
931 2958 1049 3020 Sed
1111 2957 1384 3036 equidem
1448 2977 1566 3018 non
1628 2957 1821 3019 audeo
1868 2976 1943 3017 cx
1990 2958 2287 3035 Anonymi
2333 2957 2406 3017 de
2454 2958 2562 3019 Co-

322 3060 552 3120 moedia
611 3060 740 3121 loco
794 3061 1272 3137 corruptissimo,
1334 3059 1494 3120 unde
1538 3060 1655 3120 hoc
1703 3065 1973 3120 coactum
2020 3065 2138 3138 est,
2199 3059 2344 3118 certi
2393 3058 2561 3135 quid-

321 3180 498 3239 quam
543 3161 802 3223 efflcere.
913 3163 1074 3223 Loco
1129 3163 1231 3224 illo
1286 3162 1359 3223 ab
1416 3161 1547 3223 aliis
1594 3162 1765 3225 aliter
1809 3166 2037 3222 tentato
2087 3161 2235 3222 haec
2280 3161 2565 3237 leguntur

321 3262 523 3335 (Mein.
569 3265 604 3324 1.
634 3266 670 3325 L
712 3265 889 3337 536):
941 3262 1017 3324 Φ.
1079 3250 1449 3346 ἔίθηνατος,
1495 3259 1652 3347 νικᾷ
1696 3256 1806 3323 ἐπὶ
1851 3252 2147 3343 θεάτρου
2188 3252 2566 3342 γενόμενος,

321 3353 361 3423 ὁ
404 3358 476 3425 δὲ
519 3349 887 3448 ὑποκριτὴς
933 3357 1224 3446 ἐζήλωκε
1274 3357 1587 3448 Κράτητα
1632 3384 1689 3425 κ.
1724 3385 1780 3425 τ.
1814 3365 1873 3425 λ.
1978 3366 2147 3441 Quae
2191 3367 2380 3427 verba
2423 3366 2563 3427 Mei-

321 3468 499 3530 nekio
549 3470 857 3531 Dobraeus
923 3476 1085 3532 recte
1148 3472 1230 3531 ita
1295 3472 1628 3531 correxisse
1690 3470 1956 3531 videtur:
2050 3466 2127 3528 Φ.
2202 3452 2348 3542 ³419„
2410 3465 2568 3551 νικᾷ

322 3564 428 3631 ἐπὶ
483 3557 848 3650 θεοδώρου
893 3570 1011 3645 (Ol.
1053 3577 1154 3650 85,
1187 3572 1270 3647 3),
1314 3562 1673 3652 γενόμενος
1718 3565 1789 3631 δὲ
1832 3560 2223 3651 ὑποκριτὴς,
2267 3556 2562 3650 ἐζήλωκε

321 3658 734 3753 Κράτητα.““
818 3675 1239 3736 Pherecratem
1297 3675 1667 3752 aliquamdiu
1722 3673 1956 3735 fabulas
2014 3675 2209 3751 egisse
2264 3674 2564 3751 Anonymi

320 3778 533 3856 verba,
591 3778 638 3838 si
705 3796 822 3838 vox
869 3765 1306 3858 ,,ὑποκριτὴς“
1352 3779 1676 3856 retinetur,
1733 3777 1999 3838 indicare
2062 3777 2200 3837 mihi
2247 3764 2562 3845 videntur-3

319 3881 424 3941 scd
473 3880 728 3941 Cratetis
782 3880 1017 3941 fabulas
1072 3900 1203 3942 eum
1267 3882 1459 3959 egisse
1522 3899 1555 3941 e
1600 3879 1800 3941 verbis
1846 3896 2042 3957 neque
2087 3879 2321 3940 tradItis
2366 3897 2564 3957 neque

321 3984 582 4045 Dobraei
641 3984 993 4063 conjectura
1057 3986 1297 4045 mutatis
1340 3984 1538 4061 colligi
1587 3987 1800 4061 potest.
1903 3981 2199 4060 Bergkins
2242 3981 2562 4060 legendum

322 4087 684 4147 existimavit
729 4086 857 4161 (rel.
888 4107 1035 4149 com.
1066 4092 1187 4149 ant.
1232 4108 1288 4166 p.
1320 4086 1497 4161 284):
1556 4083 1713 4168 νικᾷ
1757 4079 1871 4146 ἐπὶ
1899 4069 2024 4146 πῖθ’
2057 4069 2173 4144 Όλ.
2221 4086 2319 4145 vel
2365 4086 2565 4162 potius

323 4184 478 4269 νικᾷ
507 4178 591 4247 ια’
617 4181 729 4249 ἐπὶ
757 4186 884 4250 τοῦ
914 4178 1218 4268 θεάτρου
1235 4178 1593 4268 γενόμενος
1614 4173 1820 4259 αίτὸς
1850 4172 2563 4266 ὕποκριτής·ἐςήλωκε

323 4283 396 4348 δὲ
441 4275 767 4371 Κράτητα.
859 4292 1073 4370 Longe
1121 4292 1299 4352 alium
1347 4292 1406 4351 in
1455 4291 1692 4352 modum
1742 4291 2040 4368 Anonymi
2084 4289 2268 4350 verba
2307 4289 2566 4349 restituit
