3166 4871
523 295 641 357 160

530 464 805 546 δοῦμαι“
870 470 925 529 in
989 471 1152 531 einer
1214 471 1555 546 auffnlligen
1606 471 1946 547 Bezielnung
2000 470 2331 547 gebraueht
2388 470 2581 529 haben
2643 468 2762 528 und

518 570 705 631 daran
772 570 890 631 will
946 572 1053 633 der
1110 573 1356 634 Dichter
1428 570 1789 643 erinnernf‘)
1861 573 2232 633 enuntiatum
2282 563 2596 651 ,,ἔφεδρος
2655 588 2766 629 κα·

518 667 906 733 θεδεῐσθαι“
964 674 1310 737 Clidemidis
1370 674 1680 753 cujusdam
1746 676 2048 754 proprium
2094 674 2408 745 habeatur,
2462 673 2766 751 verbaque

519 763 644 846 ,ὡς
690 767 816 857 ἔφη
869 770 1346 859 Κλειδημίδηό(
1391 781 1703 839 vertantur
1747 777 1899 849 „wie”
1942 777 2100 837 wohl
2152 776 2368 838 einmal
2413 775 2768 839 Clidemides

516 881 738 956 sagte“,
797 898 872 939 an
920 879 1203 941 Meinekii
1259 882 1413 942 ratio
1457 880 1571 940 loci
1622 881 1812 941 nostri
1857 878 2324 959 interpungendi
2370 883 2554 957 atque
2598 880 2764 940 intel·

517 981 736 1058 ligendi
785 983 1108 1061 probetur,
1168 984 1270 1061 qui
1330 983 1691 1043 sententiam
1749 1001 1919 1043 suam
1980 983 2039 1043 in
2085 981 2302 1043 vindic.
2357 981 2660 1059 Aristoph.
2708 999 2761 1057 p.

523 1089 642 1145 173
705 1084 786 1145 ita
847 1084 1105 1163 profert:
1172 1088 1298 1157 „De
1347 1084 1707 1147 Cleidemide
1772 1086 1921 1145 nihil
1989 1088 2238 1146 constat„
2327 1083 2522 1144 Verba
2565 1086 2762 1143 autem

519 1187 605 1246 sie
651 1187 894 1265 intelligi
943 1187 1146 1267 viden,
1190 1194 1257 1248 ut
1302 1187 1708 1250 Cleidemides
1755 1187 1900 1248 illud
1959 1178 2277 1265 ,ἔφεδρος
2317 1181 2766 1263 καθεδοῦμαι“

521 1288 821 1367 frequenti
880 1308 1155 1351 sermone
1218 1309 1540 1368 usurpasse
1599 1291 1997 1351 existimetur.
2114 1287 2280 1364 Quae
2341 1290 2621 1349 affectata
2673 1293 2766 1348 est

521 1392 954 1469 interpretandi
998 1394 1167 1453 ratio.
1255 1393 1476 1471 Scripsi
1526 1396 1753 1453 mutata
1797 1392 2313 1470 interpunctione:

577 1489 801 1567 “,,ι·υνὶ
833 1480 891 1555 δ’
896 1484 1192 1574 ἔμελλεν,
1227 1478 1318 1566 ὡς
1349 1486 1494 1574 ἔφη,
1520 1489 1953 1575 Κλειδημίδης
1983 1485 2261 1573 ἔφεδρος
2290 1489 2766 1553 καθεδεῖσθαί*

521 1599 633 1658 hoc
676 1614 883 1658 sensu:
942 1616 1102 1658 nunc
1148 1603 1367 1676 autem,
1414 1603 1478 1658 ut
1522 1597 1771 1676 dicebat,
1816 1601 2120 1675 tamquam
2169 1597 2325 1656 alter
2371 1596 2765 1658 Cleidemides

520 1700 615 1760 vel
661 1699 1038 1761 Cleidemidis
1096 1702 1284 1761 instar
1346 1701 1650 1761 tertiarius
1720 1700 1933 1760 sedere
1994 1699 2248 1759 volebat.
2369 1700 2577 1776 Itaque
2638 1690 2764 1778 ἔφη

520 1802 593 1861 ad
626 1803 982 1880 Sophoclem
1026 1802 1410 1863 referendum
1458 1806 1564 1862 cst.
1652 1803 1744 1861 De
1775 1800 2140 1863 Cleidemide
2186 1802 2296 1861 etsi
2345 1800 2491 1861 nihil
2525 1800 2764 1861 aliunde

521 1908 783 1976 constat,
856 1906 971 1966 hoc
1040 1910 1239 1966 tamen
1313 1924 1474 1965 nunc
1527 1905 1671 1965 satis
1730 1906 2014 1983 apparet,
2086 1920 2268 1982 saepe
2323 1922 2456 1964 eum
2514 1903 2764 1964 tertiarii

522 2026 765 2069 munere
811 2008 1082 2069 functum
1129 2001 1368 2069 fuisse.“

694 2111 780 2170 Ex
830 2112 1055 2171 ultimis
1102 2111 1305 2171 scholii
1351 2111 1557 2172 verbis
1612 2104 1820 2184 (τινὲς
1865 2102 1935 2169 δὲ
1978 2094 2060 2168 τὸ
2106 2127 2165 2167 κ.
2198 2127 2255 2169 τ.
2289 2107 2373 2180 λ.)
2418 2114 2604 2186 patet,
2636 2110 2762 2187 jam

523 2214 660 2274 olim
713 2213 895 2274 fuisse
941 2214 1042 2291 qui
1092 2215 1175 2274 ita
1219 2215 1738 2291 Interpungerent,
1782 2213 1963 2273 stulta
2015 2216 2213 2272 autem
2261 2211 2578 2271 verborum
2626 2230 2764 2272 eon·

522 2317 850 2376 structione
896 2320 1224 2388 uterentur,
1286 2318 1368 2376 ita
1413 2322 1480 2376 ut
1529 2309 1964 2396 Κλειδημίδης
2008 2316 2190 2375 totius
2248 2316 2579 2375 sentcntiae
2630 2315 2767 2374 sub-

510 2419 744 2497 Jectum
805 2438 939 2480 esse
1001 2423 1317 2497 putarent:
1381 2418 1540 2480 unde
1603 2419 1845 2496 ineptus
1902 2418 2221 2479 verborum
2287 2434 2504 2478 sensus
2562 2418 2769 2496 oritur,

526 2522 667 2599 quia
712 2522 947 2583 Aeacus
991 2522 1066 2582 de
1096 2522 1412 2599 Sophocle,
1455 2540 1573 2582 non
1621 2519 1696 2582 de
1746 2520 2071 2583 Clidemide
2116 2524 2340 2580 narrat.
2384 2552 2466 2560 —-
2516 2523 2581 2580 In
2628 2521 2767 2580 Mei·

525 2623 682 2685 nekii
715 2623 1179 2702 interpungendi
1221 2630 1281 2684 et
1311 2624 1699 2684 construendi
1731 2623 1963 2684 ratione
2008 2641 2367 2700 quamquam
2416 2642 2538 2685 non
2586 2625 2770 2684 offen-

524 2726 782 2788 dendum
817 2731 908 2787 est
951 2725 1182 2801 (similis
1227 2727 1590 2788 constructio
1623 2727 1927 2787 invenitur
1970 2744 2109 2803 equ.
2147 2722 2335 2799 1255)
2383 2732 2577 2787 tamen
2627 2725 2768 2786 ferri

524 2830 730 2907 nequit
774 2830 1074 2890 sententia
1130 2829 1277 2907 ejus.
1361 2814 1678 2906 Ἑφέδρου
1727 2846 1972 2905 munus,
2031 2845 2148 2905 quo
2195 2828 2530 2890 Meinekius
2576 2827 2770 2890 Clide-

526 2932 737 2993 midem
785 2950 968 3010 saepe
1013 2932 1283 2992 functum
1332 2949 1464 2993 esse
1510 2931 1682 2999 dicit,
1737 2951 1773 2991 a
1815 2931 2000 2992 schol.
2045 2930 2139 2990 ad.
2186 2950 2239 2989 v.
2275 2933 2395 2993 792
2460 2934 2624 2992 recte
2686 2931 2771 2990 ita

524 3036 879 3113 explicatur:
929 3022 966 3095 ὁ
1020 3027 1424 3112 μαχομένων
1468 3028 1682 3093 τινῶν
1722 3022 2292 3112 παρακαθήμενος
2334 3027 2447 3091 καὶ
2501 3027 2775 3112 μέλλων

524 3135 622 3217 τῷ
669 3126 1054 3218 νενικηκότι
1084 3125 1574 3216 μαχήσασθαι.“
1650 3121 1966 3213 Ἔφεδρος
2010 3140 2207 3196 autem
2253 3135 2467 3213 aliquis
2512 3154 2631 3196 non
2661 3135 2776 3195 fuit

527 3241 636 3302 nisi
679 3248 872 3317 sorte,
917 3241 977 3300 id
1022 3239 1185 3318 quod
1231 3259 1268 3298 a
1313 3239 1589 3299 Luciano
1632 3239 1692 3298 in
1734 3238 2103 3300 Hermotimo
2148 3241 2431 3301 40—43
2479 3238 2773 3299 uberrime

525 3342 892 3421 explicatur:
940 3344 1004 3403 In
1054 3343 1378 3403 certamine
1424 3344 1472 3403 si
1522 3342 1790 3403 virorum
1836 3342 2111 3420 illorum,
2171 3343 2270 3419 qui
2317 3343 2475 3402 inter
2517 3359 2582 3403 se
2625 3360 2771 3419 pug-

526 3446 723 3507 naturi
767 3450 970 3524 erant,
1030 3463 1315 3505 numerus
1364 3446 1478 3504 fuit
1540 3446 1747 3523 impar,
1807 3450 1969 3505 sorte
2014 3461 2170 3505 unus
2216 3444 2436 3504 electus
2495 3448 2614 3516 est,
2677 3444 2773 3504 cui

528 3548 692 3609 initio
757 3549 813 3608 in
864 3550 1187 3608 certamine
1246 3566 1366 3607 non
1414 3551 1620 3624 partes
1679 3552 1875 3618 erant,
1936 3547 2324 3625 pugnandum
2390 3551 2590 3608 autem
2644 3550 2778 3608 erat

529 3670 664 3711 cum
712 3651 884 3728 primi
949 3651 1287 3710 certaminis
1347 3651 1596 3711 victore.
1684 3650 1820 3724 Qua
1867 3650 1941 3710 de
1988 3667 2198 3719 causa,
2257 3669 2441 3728 quum
2502 3639 2776 3727 ἔφεδρος

534 3772 707 3814 nemo
754 3752 943 3829 fieret,
991 3752 1101 3812 nisi
1137 3758 1319 3829 sorte,
1362 3760 1423 3813 et
1468 3753 1647 3813 modo
1679 3752 1774 3812 hic
1819 3751 1995 3812 modo
2024 3753 2128 3812 ille
2173 3753 2359 3824 fieret,
2404 3753 2571 3813 nullo
2603 3750 2777 3812 modo

529 3857 641 3916 dici
691 3860 906 3934 potest,
951 3873 1165 3916 munus
1196 3855 1340 3915 illud
1393 3848 1690 3933 ἐφέδρου
1720 3853 2063 3917 Clidemidis
2108 3855 2421 3933 cujusdam
2470 3854 2773 3931 proprium

533 3960 749 4036 fuisse,
793 3958 898 4036 qni
946 3957 1059 4019 hoc
1119 3958 1250 4018 loeo
1294 3957 1599 4018 illudatur.
1687 3959 1905 4036 Neque
1969 3959 2157 4034 magis
2201 3957 2424 4018 Kockii
2479 3957 2779 4019 sententia

530 4062 672 4122 ferri
731 4065 946 4140 potest„
1035 4060 1320 4137 Neglexit
1379 4061 1534 4120 enim
1583 4058 1889 4137 Kockius,
1946 4061 2318 4121 enuntiatum
2380 4050 2519 4139 ,,ἔφ.
2567 4051 2777 4130 καθ.“,

531 4184 652 4243 quo
683 4163 1064 4226 Clidemidem
1114 4181 1281 4223 usum
1331 4162 1513 4223 fuisse
1561 4168 1624 4223 et
1667 4162 1764 4223 hic
1808 4163 1977 4224 illudi
2024 4163 2324 4241 opinatur,
2376 4167 2582 4224 nostro
2629 4164 2779 4240 loeo,

535 4267 631 4327 ubi
663 4268 904 4328 Aeacus
960 4267 1033 4326 de
1081 4267 1406 4326 certamine
1448 4270 1758 4344 poetarum
1792 4266 2151 4344 tragicorum
2197 4264 2381 4325 verba
2425 4264 2570 4325 facit
2599 4271 2660 4327 et
2703 4265 2778 4324 de
