3166 4871
2499 312 2620 372 337

371 503 696 565 quaerens:
744 492 957 557 tamen,
1003 487 1151 559 quid
1193 483 1486 544 habuistis
1531 487 1593 542 in
1640 500 1791 543 cena
1809 478 1961 555 ?)³‘²)
2022 490 2081 544 et
2127 484 2394 544 videmus
2441 485 2622 561 igitur

371 588 491 648 illis
533 590 899 666 temporibus
946 590 1100 648 hanc
1144 588 1494 665 particulam
1543 588 1888 664 saepissime
1934 587 2060 647 sine
2111 587 2228 646 ulla
2276 589 2522 665 speciali
2561 589 2618 646 vi

376 698 721 768 usurpatam
770 710 900 751 esse
946 693 1139 750 solum
1188 689 1261 749 ad
1310 690 1640 749 sententias
1685 691 1841 749 inter
1886 708 1950 749 se
1995 690 2417 749 adnectendam.

548 795 959 871 Quinquagies
1033 800 1229 851 tamen
1301 791 1565 851 secundo
1649 794 1980 851 sententiae
2044 794 2170 852 loco
2243 792 2513 869 ponitur,
2588 810 2624 851 a

375 915 497 974 qua
541 897 937 956 collocatione
984 896 1061 954 ibi
1109 901 1340 954 tantum
1389 894 1618 954 recedit
1663 895 1936 972 scriptor,
1986 896 2085 954 ubi
2137 895 2265 954 aliis
2309 894 2383 955 de
2430 897 2625 954 causis

377 999 744 1077 prohibetur.
848 1000 929 1058 ita
985 1000 1159 1058 tertio
1222 998 1352 1056 loco
1422 998 1641 1072 legitur
1713 1004 1847 1072 post
1904 1016 2116 1058 nomen
2180 1016 2311 1056 cum
2375 1014 2625 1074 praepo·

377 1102 590 1160 sitione
638 1102 1018 1160 coniunctum
1068 1119 1115 1159 c.
1147 1104 1228 1159 43
1275 1097 1398 1174 (47,
1428 1096 1510 1174 9),
1554 1103 1636 1160 48
1682 1098 1804 1171 (55,
1842 1097 1963 1174 17),
2009 1102 2090 1159 86
2130 1097 2298 1174 (101,
2331 1097 2453 1171 21),
2505 1102 2626 1158 100

312 1252 317 1257 .
378 1206 544 1277 (120,
581 1200 700 1279 15),
748 1207 866 1263 126
899 1201 1065 1273 (173,
1098 1201 1195 1275 2);
1241 1209 1346 1262 aut
1390 1203 1487 1261 ubi
1536 1203 1665 1261 aliis
1711 1201 1785 1261 de
1832 1203 2030 1262 causis
2067 1202 2186 1260 duo
2218 1204 2409 1279 prima
2438 1219 2622 1260 enun-

378 1305 506 1364 tiati
550 1305 849 1363 vocabula
892 1304 1119 1379 diiungi
1170 1310 1496 1380 nequeunt.
1583 1304 1655 1362 cs.
1704 1322 1752 1362 c.
1782 1308 1861 1365 47
1910 1304 2033 1373 (53,
2068 1301 2204 1380 22),
2264 1308 2341 1364 72
2389 1302 2513 1375 (86.
2545 1301 2628 1377 3),

381 1412 457 1468 31
507 1406 675 1483 (101,
712 1404 849 1483 21),
916 1411 1031 1466 111
1082 1405 1248 1481 (139,
1301 1403 1391 1482 1),
1436 1410 1513 1465 31
1563 1403 1865 1477 (33‚1o).
1976 1407 2165 1481 primo
2229 1414 2427 1464 autom
2497 1390 2627 1463 1'000

382 1517 582 1567 tamen
627 1509 832 1568 novies
876 1509 1114 1583 legitur,
1160 1508 1264 1567 sed
1312 1526 1549 1584 semper
1596 1509 1654 1566 in
1701 1526 1974 1567 sermone
2020 1507 2269 1582 vulgari.
2344 1507 2417 1567 cf.
2465 1526 2514 1565 c.
2545 1510 2623 1566 41

382 1612 505 1685 (46,
542 1614 618 1688 1),
662 1615 741 1671 42
789 1610 915 1688 (46,
950 1616 1025 1670 12
1058 1615 1118 1670 et
1152 1614 1272 1686 14),
1315 1615 1396 1670 43
1443 1609 1568 1687 (47,
1604 1614 1721 1680 19),
1768 1613 1845 1669 57
1896 1610 2023 1685 (67,
2055 1607 2178 1681 20),
2229 1614 2307 1670 66
2347 1609 2472 1682 (78,
2511 1605 2632 1683 13),

386 1718 459 1774 71
495 1712 619 1790 (84,
650 1712 730 1788 9),
778 1717 851 1772 71
888 1711 1014 1790 (85,
1048 1709 1170 1789 12),
1218 1716 1294 1772 75
1327 1710 1451 1787 (90,
1483 1716 1564 1782 2).
1632 1718 1946 1787 praeterea
1977 1711 2379 1771 Buechelerus
2421 1730 2470 1770 c.
2507 1714 2625 1770 125

383 1816 552 1893 (172,
583 1815 646 1888 9)
692 1816 1021 1875 secundum
1070 1815 1363 1875 editiones
1409 1814 1723 1875 Patissonii
1773 1824 1834 1873 et
1876 1815 2189 1874 Tornaesii
2238 1815 2319 1872 ita
2363 1814 2631 1890 scripsit:

384 1926 650 1977 ceteram
698 1934 835 1991 eqo,
883 1920 996 1976 etse·
1043 1962 1098 1975 ..
1148 1918 1531 1990 impleveram
1552 1914 1967 1989 putabamque
2015 1959 2104 1985 ..,
2158 1921 2355 1974 tamen
2384 1917 2634 1990 saepius

386 2025 505 2078 tam
568 2021 1061 2079 consuetudinem
1120 2036 1307 2077 meam
1363 2017 1706 2091 coyilabam
1764 2035 1940 2091 quam
1986 2036 2247 2077 causam.
2338 2019 2445 2077 scd
2491 2038 2634 2095 quo·

388 2125 542 2182 niam
606 2121 907 2182 diversam
954 2122 1114 2181 illam
1162 2123 1613 2180 collocationem
1662 2141 1804 2181 casn
1852 2122 2068 2182 factam
2126 2141 2258 2181 csse
2320 2142 2436 2182 non
2485 2122 2634 2181 veri·

388 2226 576 2284 simile
641 2231 765 2301 est,
825 2225 1063 2283 minime
1123 2223 1363 2300 dubito,
1430 2225 1573 2299 quin
1637 2241 1768 2283 cum
1816 2224 2042 2301 optimo
2089 2223 2220 2283 cod.
2264 2225 2315 2284 L
2361 2229 2479 2282 turn
2525 2242 2635 2302 pro

390 2336 593 2385 tamen
638 2325 1068 2386 restituendum
1117 2326 1210 2385 sit.

948 2500 984 2568 ξ
1028 2501 1083 2558 8.
1171 2497 1404 2564 Atqui.
1494 2497 1773 2553 Verum.
1863 2498 2065 2554 Vero.

562 2637 742 2709 Atqui
786 2636 874 2694 bis
920 2637 979 2694 in
1026 2636 1288 2694 Petronii
1338 2634 1490 2694 libro
1538 2634 1819 2710 legimus:
1869 2655 1915 2693 c.
1949 2639 2025 2695 67
2070 2636 2193 2709 (79,
2230 2640 2337 2696 15;
2385 2635 2639 2709 ‚,atqui“

389 2740 701 2813 respoudit
778 2735 1089 2795 Habinna-s·
1152 2737 1314 2808 „nisi
1376 2739 1485 2795 illa
1547 2737 1896 2806 discumbit,
1972 2753 2083 2810 eqo
2146 2754 2239 2795 me
2316 2731 2638 2812 apoculo“)

390 2848 596 2917 aperte
653 2842 737 2899 ita
798 2846 1151 2915 usurpatum
1216 2845 1335 2913 est,
1411 2845 1477 2897 ut
1537 2839 1784 2914 exponit
1843 2838 2117 2898 Handius
2161 2841 2210 2908 (Ι
2244 2845 2384 2910 519,
2418 2843 2515 2912 9);
2577 2842 2641 2898 in

391 2942 711 3013 colloquiis.
755 2946 1004 2998 utuntur
1053 2940 1171 2998 hac
1210 2940 1481 3014 formula
1526 2941 1592 3016 ii,
1635 2942 1741 3012 qui
1782 2942 2038 2999 alterius
2078 2943 2432 3000 sententiam
2479 2943 2640 3000 arri-

386 3044 563 3116 pium
619 3049 674 3100 et
724 3057 842 3115 per
903 3057 1035 3099 eam
1094 3057 1443 3101 concessam
1498 3041 1582 3099 ad
1636 3043 1818 3100 aliam
1860 3058 2028 3100 mam
2076 3044 2637 3117 transyrediumur.

392 3160 581 3218 quare
622 3145 706 3202 vis
742 3144 1094 3217 particulae
1135 3159 1321 3217 saepe
1364 3143 1673 3217 explicari
1711 3151 1911 3217 polest
1935 3161 2052 3219 per
2082 3145 2240 3204 wohl
2279 3146 2459 3218 donn,
2505 3152 2636 3219 qut.

390 3248 542 3306 alter
586 3247 751 3306 locus
796 3253 888 3305 est
933 3265 980 3305 c.
1017 3250 1133 3306 117
1182 3250 1348 3318 (149,
1384 3243 1471 3316 2).
1561 3245 1668 3304 sed
1720 3247 1816 3305 hic
1859 3254 1976 3305 tam
2025 3253 2344 3326 corruptus
2389 3253 2512 3324 est,
2578 3257 2643 3307 ut

392 3356 557 3408 certo
604 3348 677 3407 de
725 3367 795 3407 eo
841 3347 1088 3408 iudicari
1135 3366 1255 3407 non
1302 3349 1508 3424 possit.

578 3449 791 3508 Verum
823 3455 915 3509 ter
946 3450 1247 3510 invenitur
1277 3449 1438 3528 apud
1473 3449 1835 3510 Petronium.
1901 3451 2154 3527 primum
2187 3471 2237 3511 c.
2272 3456 2354 3513 88
2385 3455 2551 3526 (104,
2583 3459 2643 3511 1:

392 3570 599 3612 verum
646 3559 709 3611 ul
755 3552 838 3610 ad
870 3553 1116 3626 plastas
1159 3548 1498 3623 revertar),
1546 3552 1644 3611 ubi
1693 3553 1806 3612 hac
1849 3553 2145 3629 particula
2189 3555 2418 3614 reditus
2461 3555 2526 3615 fit
2567 3555 2645 3613 ad

395 3676 515 3715 rem
593 3657 975 3732 propositam.
1092 3654 1308 3714 deinde
1379 3675 1428 3714 c.
1472 3658 1555 3715 80
1615 3655 1746 3731 (94,
1795 3660 1908 3715 24:
1977 3658 2080 3729 qui
2143 3673 2221 3714 ne
2291 3656 2644 3716 deliberavi!

391 3758 662 3831 quidem,
731 3765 796 3816 ut
841 3758 1148 3816 videretur
1193 3763 1549 3828 cunctatus,
1617 3773 1813 3816 vet-mn
1860 3759 2062 3816 stace'm
2109 3802 2122 3815 .
2153 3802 2167 3816 .
2213 3756 2647 3834 concurrat-it),

393 3862 490 3920 ubi
551 3861 847 3938 oppositio
902 3860 968 3918 fit
1025 3861 1321 3920 sententia
1365 3861 1646 3935 negativa
1691 3863 2036 3936 praemissa.
2121 3863 2338 3921 tertius
2382 3861 2644 3938 denique

391 3962 587 4039 locus,
645 3983 693 4020 c.
725 3966 807 4022 43
854 3961 978 4035 (47,
1014 3963 1145 4039 19),
1203 3967 1524 4039 corruptus
1572 3971 1685 4022 est.

406 4115 603 4120 ——..
668 4113 807 4120 ...-

559 4196 629 4256 ³²)
674 4193 759 4246 cf.
795 4192 957 4245 etiam
995 4207 1136 4261 quae
1173 4192 1377 4245 similia
1412 4194 1669 4262 exempla
1704 4192 2018 4249 Schefferus
2066 4204 2124 4248 et
2156 4196 2517 4251 Burmannus
2551 4195 2625 4249 ad

390 4278 442 4332 h.
480 4280 512 4333 l.
547 4280 967 4346 adnotaverunt,
1001 4278 1059 4330 in
1095 4278 1181 4333 ed.
1219 4278 1404 4332 Bur-n.
1441 4295 1495 4347 p.
1523 4283 1644 4332 428.
