3166 4871
531 281 609 343 78
1529 272 1784 331 zacher

528 445 740 533 ῥετος·
800 438 983 513 οὕτω
1044 446 1117 512 δὲ
1175 446 1488 531 λέγουσιν
1549 442 1614 510 οἱ
1662 440 1951 529 Κύπριοι
1996 441 2120 511 τὸν
2164 435 2422 529 ἀσθενῆ
2465 440 2650 530 ,παρὰ
2689 439 2771 508 τὸ

527 547 692 635 ῥεῖα,
738 540 776 615 ὃ
823 549 1126 635 σημαίνει
1170 544 1250 614 τὸ
1298 539 1572 632 εὐχερές.
1660 535 1984 615 Ηῖῡῑοᾶίειι.
2027 570 2095 613 π.
2145 538 2423 633 ὄρθογρ.
2467 552 2540 613 ed
2584 553 2775 613 Lenta

526 661 618 736 ῙῙ»
662 656 817 736 413,
862 653 918 716 9.
1024 658 1298 733 Denique
1361 661 1546 718 testes
1613 660 1755 716 sunt
1819 656 2263 733 comparativus
2325 642 2476 734 ρηΐ
2488 670 2770 733 τερος,
2898 675 2915 687 ·

527 760 750 837 superl.
794 746 1235 839 ρηΐτατος,
1279 778 1354 819 ex
1400 748 1609 837 ῥήιος,
1654 762 1723 819 ut
1766 744 2100 837 ὀφίτερος,
2141 752 2558 836 πρωίτερος,
2606 748 2769 830 δεξι-

527 851 750 940 τερός,
793 880 869 922 ex
913 847 1143 936 ὄψιος,
1199 850 1489 939 πρώιος,
1550 850 1782 936 δεξιός.
1874 860 2018 920 Ahr.
2062 860 2099 919 l.
2128 860 2163 919 l.
2210 878 2268 936 p.
2299 854 2358 917 6.
2443 858 2560 919 Sed
2607 856 2773 936 quod

527 968 589 1025 et
631 963 810 1023 huius
867 963 1149 1041 adjectivi
1204 967 1264 1022 et
1324 963 1612 1040 plenioris
1672 962 1900 1022 formae
1960 952 2189 1043 ῥᾴδιος
2251 947 2515 1040 ῥηΐδιος
2573 960 2776 1019 thema

531 1067 608 1126 sit
636 1067 898 1127 nondum
944 1066 1086 1125 satis
1133 1065 1510 1142 exploratum
1544 1070 1652 1125 est.
1739 1065 2011 1125 Priorum
2043 1064 2368 1124 sententias
2410 1064 2647 1124 Abrens
2675 1061 2776 1122 Ll.

528 1188 587 1246 p.
639 1165 712 1224 18
768 1173 1087 1244 percenset
1144 1186 1216 1228 ac
1265 1168 1407 1245 jure
1475 1167 1708 1245 rejicit,
1768 1166 1894 1244 ipse
1957 1183 2319 1249 quamquam
2380 1166 2528 1225 mira
2587 1164 2776 1224 multa

529 1270 760 1347 profert
804 1269 998 1343 (velut
1029 1287 1208 1347 quum
1242 1260 1395 1349 ῥηια
1439 1260 1583 1347 ῥεια
1631 1269 1993 1346 digammate
2036 1270 2095 1327 in
2140 1285 2164 1326 ι
2209 1270 2437 1328 mutato
2483 1285 2558 1327 ex
2602 1258 2776 1346 o‘nfa

532 1372 693 1432 facta
738 1390 867 1432 esse
912 1375 1085 1449 putat
1126 1392 1184 1450 p.
1213 1367 1277 1441 9)
1321 1376 1519 1432 tamen
1567 1374 1731 1432 recte
1762 1370 1988 1431 vidisse
2018 1370 2273 1447 videtur,
2317 1368 2579 1430 radicem
2610 1368 2777 1429 vocis

533 1492 667 1535 esse
711 1475 901 1552 fpaf.
989 1475 1221 1534 Etenim
1286 1475 1390 1550 qni
1449 1480 1654 1534 cetera
1711 1474 2012 1549 adiectiva
2070 1474 2130 1532 in
2188 1467 2386 1542 -ιδιος
2443 1470 2780 1532 desinentia

533 1577 995 1655 perlustraverit
1052 1576 1147 1652 (L.
1207 1578 1412 1655 Meyer
1443 1570 1550 1655 11‚'
1593 1574 1717 1634 447
1783 1594 1872 1654 sq.
1928 1576 2093 1637 Curt.
2154 1572 2276 1636 Et.³
2337 1594 2395 1652 p.
2442 1571 2561 1631 577
2626 1571 2775 1650 sq.):

533 1672 1033 1758 {armenio-(citos,
1077 1674 1466 1758 κουρ-ἱδιος,
1502 1672 1867 1758 μαψνίδιος,
1911 1671 2548 1750 {aponiano-idme,
2589 1692 2775 1755 μοιρ-

534 1775 721 1854 ideoq,
767 1776 1191 1859 νυμφ-ίδιος,
1234 1776 1667 1860 παυρ-ίδιος,
1711 1776 2107 1860 φωρ-ίδιος,
2154 1774 2553 1856 αἰφν-ίδιος,
2594 1795 2778 1856 μοιχ-

534 1877 718 1962 (dmg,
764 1879 1246 1963 νυκτερ-ίδιος,
1290 1877 1636 1957 οἷκ·ἱδιος,
1681 1868 2138 1956 ὁπισθ-ἰὸιος,
2182 1877 2566 1962 xmp-idme,
2608 1896 2776 1959 xpo-

535 1981 979 2067 στερν-ἱδιος,
1035 1988 1094 2047 in
1140 1988 1413 2047 omnibus
1459 1988 1625 2047 hisce
1667 1991 1807 2047 ante
1851 1985 2131 2047 suffixum
2177 1978 2309 2044 ιδιο
2354 1987 2777 2045 consonantem

534 2107 665 2149 esse
709 2089 949 2150 videbit.
1037 2091 1228 2150 Etiam
1283 2091 1344 2149 in
1405 2081 1674 2164 gmwaog
1734 2107 2000 2149 consona
2042 2088 2155 2148 fnit
2198 2090 2338 2148 aute
2382 2082 2581 2165 ιδιος,
2639 2103 2777 2146 nam

535 2180 708 2266 ζωός
752 2211 827 2250 ex
874 2181 1069 2266 §offic
1132 2197 1333 2252 natum
1395 2197 1503 2252 est.
1593 2193 1831 2268 Brugm.
1876 2190 2044 2251 Stud.
2088 2191 2189 2269 lv,
2240 2185 2358 2247 148
2387 2207 2476 2267 sq.
2562 2190 2780 2266 Itaque

533 2294 710 2353 etiam
758 2294 815 2352 iu
864 2284 1118 2373 ῥηΐδιος
1162 2299 1304 2354 ante
1348 2295 1470 2355 iota
1513 2311 1839 2355 consonam
1873 2294 2076 2354 elisam
2108 2310 2241 2353 esse
2268 2295 2535 2371 apparet.
2606 2290 2782 2365 Quae

535 2395 637 2456 vix
684 2396 802 2456 alia
856 2412 989 2457 esse
1049 2396 1246 2474 potuit
1304 2415 1483 2475 quam
1527 2397 1587 2475 f,
1644 2396 1706 2457 id
1766 2396 1929 2475 quod
1988 2400 2050 2457 et
2091 2396 2224 2476 ipsa
2266 2395 2492 2457 vocalis
2534 2412 2779 2474 praece-

537 2497 735 2558 dentis
782 2499 1180 2575 productione
1224 2499 1626 2560 confirmatur.
1715 2501 1926 2576 Itaque
1971 2490 2273 2578 ῥη-ίὸιος
2316 2517 2393 2558 ex
2436 2488 2781 2577 ῥαΙ-ιδιος

538 2600 776 2661 factum.
881 2602 1064 2679 Atqui
1128 2601 1455 2662 Aeolenses
1531 2620 1669 2680 pro.
1724 2593 1869 2680 ῥεῖα
1947 2591 2175 2684 ῥᾴδιος
2239 2601 2523 2662 dixerunt
2592 2597 2778 2679 βρᾶ,

536 2696 918 2780 βραΐδιος
979 2697 1156 2782 (Ahr.
1211 2705 1374 2764 Aeol.
1430 2702 1565 2782 34),
1630 2704 1793 2782 quod
1854 2704 2134 2765 traditum
2201 2707 2294 2765 est
2352 2705 2412 2763 iu
2473 2703 2783 2764 Theocriti

537 2823 715 2864 carm.
762 2803 870 2884 30,
930 2802 1011 2864 28
1078 2805 1235 2881 (cod.
1290 2801 1623 2885 βραδέως).
1722 2808 1884 2885 Ergo
1929 2808 2190 2884 genuina
2234 2806 2543 2884 prototypi
2587 2804 2781 2866 forma

535 2909 667 2966 erat
710 2908 1041 2986 Γραέος,
1088 2909 1246 2969 unde
1290 2910 1389 2969 vel
1434 2908 1648 2970 suffixo
1695 2926 1759 2970 to
1806 2909 2135 2992 derivatum
2180 2909 2531 2989 foas-cog,
2589 2898 2781 2986 ραιος

536 2998 722 3087 ρήιος
765 3000 970 3089 (istoc,
1017 3012 1187 3072 cuius
1233 3031 1358 3072 acc.
1404 3013 1488 3088 pl.
1532 3030 1644 3089 pro
1688 3012 1978 3073 adverbio
2024 3012 2427 3089 usurpabatur
2471 2991 2634 3091 (ieta,
2677 3012 2781 3072 vei

535 3110 753 3172 suffixo
801 3108 932 3172 tdco
977 3108 1320 3193 fpafaedcog
1366 3105 1622 3195 ῥηΐδιος
1667 3104 1912 3197 ῥᾴδιος.
1999 3115 2168 3174 Illius
2210 3114 2497 3192 primitivi
2540 3134 2779 3193 compa-

537 3214 766 3275 rativus
813 3220 942 3276 erat
993 3217 1379 3294 foaf-cmv,
1449 3217 1609 3278 unde
1674 3208 1978 3296 ρηΐων,
2045 3206 2307 3299 ῥᾴων,
2372 3218 2779 3296 superlativus

541 3317 946 3398 foas-zoroe,
991 3320 1150 3380 unde
1181 3311 1497 3402 ῥᾷστος.
1571 3321 1687 3382 Sed
1717 3339 1839 3380 non
1872 3320 2205 3381 concedere
2233 3337 2475 3397 possum
2507 3320 2780 3397 Abrenti,

535 3417 785 3479 sormam
831 3422 1187 3497 primitivam
1233 3422 1414 3485 fuisse
1460 3424 1650 3503 foas,
1694 3423 1855 3484 unde
1900 3423 1950 3481 f
1982 3422 2045 3482 in
2091 3439 2115 3480 ι
2160 3425 2385 3483 mutato
2431 3423 2656 3483 factum
2702 3423 2780 3484 sit

537 3510 645 3598 ὁάι
690 3511 774 3604 ῥᾴ
818 3523 1184 3604 adverbium,
1229 3525 1391 3603 quod
1437 3526 1680 3604 proprie
1736 3525 1919 3585 fuerit
1964 3528 2155 3585 neutr.
2184 3526 2338 3603 sing.
2352 3570 2369 3603 ,
2412 3516 2531 3602 ῥέα
2575 3527 2778 3585 autem

536 3624 915 3686 Homericum
976 3630 1082 3687 aut
1139 3647 1211 3688 ex
1257 3618 1430 3708 <insa
1473 3647 1598 3688 acc.
1643 3629 1722 3706 pl.
1764 3631 1961 3689 neutr.
2005 3631 2235 3714 natum,
2294 3631 2400 3688 ant
2441 3646 2479 3687 a
2520 3626 2779 3706 posteris

536 3744 646 3803 pro
694 3729 1106 3805 monosyllabo
1137 3721 1279 3809 (inf,
1323 3730 1487 3808 qnod
1519 3749 1637 3791 non
1662 3731 1788 3809 jam
1819 3730 2239 3808 intelligerent,
2282 3730 2542 3807 positum
2573 3727 2776 3802 essest)

709 3909 761 3972 ⁶)
797 3909 918 3970 „Da
951 3924 1067 3968 nun
1102 3908 1245 3964 auch
1281 3910 1383 3964 der
1414 3910 1754 3979 zweisilbige
1777 3907 2070 3964 Gebrauch
2103 3924 2213 3964 von
2241 3902 2352 3979 ῥέα
2374 3915 2514 3965 stets
2538 3907 2780 3963 zweifel-

536 3991 657 4046 haft
691 3994 781 4058 ist,
817 3991 956 4048 wird
982 3993 1246 4049 vielmehr
1269 3995 1655 4050 anznuehmen
1690 3996 1827 4062 sein,
1864 3994 1994 4049 dass
2020 3994 2223 4049 Homer
2245 3995 2426 4049 neben
2455 3991 2606 4064 ῥῆῐα
2628 3993 2777 4047 noch

536 4076 657 4131 eine
694 4076 855 4131 echte
890 4078 1184 4148 einsilbige
1220 4078 1359 4134 form
1396 4079 1605 4149 gebabt
1638 4079 1812 4147 habe,
1860 4077 2071 4135 welche
2116 4077 2271 4134 nicht
2305 4080 2410 4133 wol
2446 4078 2650 4133 anders
2683 4092 2778 4146 ge-

536 4159 707 4216 dacht
755 4163 978 4218 werden
1027 4163 1180 4218 kann
1223 4165 1306 4219 als
1343 4164 1739 4234 ursprtinglich
1774 4163 1876 4218 mit
1910 4164 2034 4219 dem
2071 4179 2272 4218 nomen
2309 4162 2495 4233 gleich
2530 4162 2777 4228 lautend,

535 4247 657 4302 also
705 4244 843 4318 ρηΓ,
893 4264 1110 4304 woraus
1157 4249 1306 4303 daun
1363 4250 1648 4305 eutweder
1694 4249 1873 4305 durch
1926 4249 2339 4319 vocalisieruug
2393 4245 2501 4318 ρηὕ
2556 4247 2781 4304 werden
