3166 4871
2509 320 2634 382 233

395 500 459 556 ιιι
499 514 536 555 a
580 495 826 557 Graecis
871 515 947 556 ne
991 496 1315 557 verborum
1362 496 1603 574 quidem
1651 497 1824 573 copia
1869 488 2301 556 vinceremur.“
2404 495 2638 570 Quibus

389 598 591 659 verbis
650 599 942 676 apertius,
1017 617 1194 675 quam
1257 600 1446 659 altero
1499 599 1604 659 illo
1666 599 1823 670 1000,
1891 598 2097 659 Cicero
2149 597 2463 675 profitetur
2528 616 2638 657 sua

391 719 577 777 opera
601 701 821 760 factum
866 718 1015 778 esse,
1062 707 1128 761 ut
1172 700 1378 776 lingua
1409 700 1624 761 Latina
1670 720 1744 760 ne
1777 700 2043 761 Graecae
2088 701 2326 777 quidem
2373 700 2635 761 cederet.

389 805 605 881 Neque
663 804 748 863 ita
807 802 980 862 valde
1036 803 1373 863 mirandum
1433 810 1524 863 est
1585 803 1966 881 Ciceronem,
2023 806 2089 862 ut
2132 807 2261 863 erat
2311 805 2404 863 sui
2450 805 2637 879 ipsius

391 906 862 975 amantissimae,
920 907 977 965 in
1043 906 1201 965 hunc
1261 905 1542 966 incidisse
1598 924 1880 984 errorem,
1942 924 2074 966 cum
2122 925 2196 966 ne
2243 926 2351 967 nos
2396 905 2636 984 quidem

390 1027 617 1085 negare
672 1009 967 1085 possimus
1030 1026 1165 1068 eum
1225 1008 1300 1069 de
1361 1009 1639 1086 augenda
1711 1015 1772 1068 et
1843 1008 2175 1068 excolenda
2233 1010 2635 1070 Romanorum

391 1110 665 1171 oratione
712 1112 933 1188 optime
978 1111 1251 1170 meritum
1297 1129 1448 1187 esse,
1493 1130 1855 1189 quamquam
1888 1113 2273 1171 Drumannus
2311 1113 2636 1173 rectissime

392 1209 684 1285 monet14)
731 1245 812 1253 —
856 1214 916 1272 id
978 1212 1142 1291 quod
1189 1213 1395 1273 Cicero
1450 1214 1579 1290 ipse
1641 1212 2082 1290 quodammodo
2139 1213 2507 1286 concedit15)
2552 1246 2638 1256 --

389 1334 525 1374 eum
585 1317 836 1375 maxime
884 1316 1248 1377 Graecarum
1311 1316 1644 1376 litterarum
1692 1316 1905 1376 studiis
1951 1317 2064 1376 hoc
2107 1325 2445 1377 assecutum
2492 1336 2636 1379 esse.

388 1418 636 1479 Minoris
696 1424 895 1479 autem
958 1418 1238 1478 momenti
1296 1423 1439 1479 sunt
1497 1420 1534 1479 ii
1592 1420 1708 1479 loci
1762 1437 1947 1496 supra
1992 1420 2342 1481 brevissime
2388 1438 2638 1480 comme-

388 1522 630 1598 morati,
695 1522 915 1598 quibus
973 1540 1180 1581 vocem
1241 1521 1502 1598 aliquam
1561 1521 1723 1598 apud
1785 1523 2084 1584 Romanos
2147 1527 2477 1583 exstantem
2535 1528 2642 1583 aut

386 1641 640 1700 prorsus
702 1622 1031 1684 desiderari
1074 1624 1134 1683 in
1182 1624 1388 1702 lingua
1433 1623 1667 1685 Graeca
1723 1629 1829 1684 aut
1873 1630 2035 1685 certe
2081 1645 2199 1686 non
2246 1627 2393 1686 satis
2439 1631 2635 1703 aptam

387 1743 519 1786 esse
582 1725 659 1786 ad
720 1745 845 1786 rem
904 1725 1356 1803 significandam
1414 1728 1675 1804 probare
1732 1726 1950 1788 studet.
2053 1727 2348 1805 Sufficiet,
2407 1730 2637 1806 opinor,

385 1828 708 1888 nonnullos
773 1828 1114 1906 hujusmodi
1176 1830 1342 1890 locos
1399 1829 1476 1888 ad
1524 1831 1831 1890 Ciceronis
1887 1831 2175 1890 rationem
2223 1830 2638 1890 illustrandam

385 1929 713 2006 protulisse
759 1948 954 2006 neque
1000 1931 1241 1990 videtur
1286 1949 1436 2007 opus
1468 1948 1599 1990 esse
1634 1931 1878 1990 uberius
1910 1930 1986 1990 de
2018 1931 2271 2007 singulis
2302 1930 2637 2008 disputare3

388 2048 522 2089 nam
577 2032 806 2091 etiamsi
861 2032 1158 2091 interdum
1215 2032 1578 2092 Graecorum
1627 2050 1806 2092 voces
1853 2033 2048 2092 minus
2095 2037 2271 2110 aptae
2316 2036 2464 2104 sint,
2524 2035 2638 2094 hoc

387 2130 464 2191 ad
528 2133 868 2193 universam
934 2151 1057 2193 rem
1124 2135 1272 2194 nihil
1325 2133 1453 2194 fere
1514 2135 1697 2194 valet.
1800 2135 1952 2196 Sunt
2018 2137 2201 2212 igitur
2263 2136 2321 2194 hi
2388 2138 2638 2196 maxime

384 2234 528 2293 loci:
573 2235 754 2295 Tusc.
800 2240 857 2312 3,
892 2238 1002 2306 10;
1052 2241 1161 2313 11;
1209 2241 1325 2314 23;
1381 2236 1437 2296 d.
1484 2238 1603 2296 div.
1653 2242 1706 2314 1,
1756 2242 1824 2314 13
1885 2239 1959 2297 ad
2008 2239 2144 2298 fam.
2192 2240 2248 2311 9,
2296 2242 2395 2317 24,
2439 2243 2494 2301 3.
2553 2269 2639 2278 —

388 2336 665 2397 Ceterum
712 2355 962 2415 magnus
1008 2357 1253 2416 quoqne
1300 2357 1582 2400 numerus
1630 2359 1841 2400 vocum
1889 2359 1963 2400 ex
2009 2341 2237 2402 Graeco
2285 2359 2557 2402 sermone
2602 2360 2638 2400 a

387 2440 676 2501 Cicerone
720 2441 850 2519 ipso
897 2442 1287 2518 repetitarum
1350 2447 1702 2520 argumento
1749 2450 1865 2519 est,
1923 2463 2100 2521 quam
2163 2464 2282 2505 non
2342 2450 2503 2505 recte
2564 2445 2636 2505 de

384 2542 500 2603 hac
542 2562 610 2604 re
645 2543 1046 2622 judicaverit3
1092 2546 1258 2606 velut
1299 2545 1498 2623 paullo
1545 2551 1686 2623 post
1726 2546 1889 2605 illum
1935 2547 2129 2606 locum
2177 2565 2361 2625 supra
2391 2548 2636 2607 allatum

386 2646 466 2714 (d.
532 2644 632 2705 fin.
696 2650 753 2724 3,
812 2645 876 2721 5)
945 2648 1006 2706 in
1075 2648 1344 2725 ejusdem
1403 2649 1535 2709 libri
1596 2648 1632 2720 ἓ
1682 2653 1758 2710 15
1824 2649 2161 2728 complures
2221 2668 2402 2711 voces
2462 2651 2638 2728 plane

384 2747 644 2808 Graecas
715 2748 1003 2810 adhibuit.
1132 2752 1331 2826 Atque
1406 2768 1562 2810 nnus
1631 2750 1870 2828 quidem
1939 2755 2031 2812 est
2096 2752 2296 2829 locus,
2358 2753 2457 2812 ubi
2516 2772 2639 2813 non

385 2855 667 2910 vereatur
725 2850 992 2928 profiteri
1039 2853 1314 2912 Latinam
1372 2853 1671 2931 linguam,
1734 2854 2007 2930 quamvis
2064 2872 2340 2929 magnam
2386 2854 2460 2913 ad
2508 2873 2638 2914 eam

389 2951 726 3027 augendam
807 2957 994 3028 atque
1056 2954 1466 3014 exornandam
1526 2973 1771 3032 operam
1836 2956 1963 3031 ipse
2025 2956 2368 3032 contulerit,
2439 2959 2638 3015 tamen

387 3054 559 3128 copia
605 3054 923 3114 verborum
956 3073 1074 3114 non
1111 3073 1313 3131 parem
1345 3073 1476 3116 esse
1508 3054 1792 3132 Graecae,
1822 3074 1952 3115 cnm
1987 3056 2149 3116 dicat
2178 3055 2382 3130 (Tusc.
2415 3061 2468 3127 2,
2502 3055 2640 3129 35):

392 3153 666 3228 „Graeci
694 3155 794 3231 illi,
838 3173 1090 3232 quorum
1136 3157 1435 3234 copiosior
1467 3162 1557 3217 est
1595 3158 1817 3235 lingua,
1862 3176 2040 3235 qnam
2073 3158 2329 3219 nostra.“
2408 3159 2638 3218 Tamen

385 3256 559 3316 facile
592 3257 756 3317 credi
790 3262 993 3334 potest
1021 3259 1318 3318 interdum
1352 3260 1422 3331 ei,
1470 3264 1535 3318 ut
1572 3260 1760 3336 ipsius
1792 3260 1993 3321 verbis
2022 3259 2123 3334 (ad
2154 3261 2275 3321 Att.
2312 3264 2408 3338 13,
2447 3266 2543 3340 13,
2576 3259 2637 3333 1)

385 3364 541 3437 utar,
591 3361 919 3430 „communi
953 3355 1274 3442 φιλαυτίᾳ
1328 3355 1610 3438 decepto“
1656 3361 1839 3422 fnisse
1869 3380 2222 3438 persuasum
2253 3364 2378 3423 suis
2423 3363 2637 3424 studiis

385 3466 444 3520 et
491 3461 793 3522 laboribus
852 3461 1130 3521 effectum
1196 3480 1347 3537 esse,
1392 3468 1460 3523 ut
1503 3464 1753 3524 Romani
1801 3463 2081 3543 Graecis,
2136 3466 2185 3525 si
2233 3467 2427 3526 minus
2469 3484 2639 3544 prae-

384 3568 627 3640 starent,
688 3567 852 3623 certe
899 3584 1016 3624 non
1066 3565 1349 3626 cederent
1394 3566 1568 3643 copia
1612 3566 1949 3626 verborum.
2036 3567 2252 3644 Neque
2298 3569 2450 3628 enim
2498 3587 2636 3628 con-

383 3665 682 3726 siderasse
737 3664 976 3726 videtur
1037 3668 1255 3727 nullius
1305 3686 1490 3744 opera
1534 3669 1829 3747 ejusmodi
1873 3686 1973 3729 res
2017 3688 2195 3747 posse
2239 3669 2480 3747 perfici,
2525 3671 2638 3731 nisi

385 3768 557 3845 quasi
623 3769 853 3828 semina
916 3775 976 3829 et
1036 3771 1204 3829 initia
1258 3770 1438 3848 hujus
1493 3771 1578 3831 rei
1637 3772 1770 3848 ipsa
1827 3771 2143 3847 praeberet
2200 3777 2430 3832 natura.
2517 3772 2637 3833 Sed

382 3889 507 3931 non
551 3871 634 3930 ita
679 3869 911 3931 firmam
958 3870 1139 3932 fuisse
1185 3872 1343 3932 illam
1391 3874 1732 3951 opinionem
1780 3875 1924 3934 satis
1971 3893 2040 3935 eo
2085 3873 2326 3934 videtur
2370 3874 2636 3952 probari,

383 3973 548 4050 quod
595 3974 655 4033 in
701 3973 973 4049 epistulis
1018 3973 1094 4033 ad
1127 3974 1417 4049 Quintum
1464 3975 1708 4036 fratrem
1756 3981 1816 4036 et
1867 3977 1941 4036 ad
1987 3977 2249 4037 Atticum
2298 3975 2453 4036 datis
2497 3994 2636 4036 nus·

556 4206 617 4269 ¹⁴)
654 4199 726 4257 cf·
763 4203 797 4257 l.
833 4203 870 4256 l.
901 4202 966 4271 v,
1002 4219 1170 4274 pagg.
1198 4207 1314 4273 222,
1349 4205 1484 4259 ibid.
1511 4208 1627 4259 226.

557 4290 619 4355 ¹⁸)
655 4285 726 4342 cf.
762 4287 834 4341 ad
870 4287 933 4354 Q.
969 4285 1034 4343 fr.
1067 4293 1110 4358 l,
1146 4294 1186 4352 l,
1217 4292 1277 4342 27
1324 4296 1381 4344 et
1419 4294 1499 4344 28.
