3166 4871
512 272 594 331 24
1368 248 1379 255 ⁰
1512 260 1772 316 zacher

513 446 635 505 iota
664 445 811 505 eliso
843 443 929 517 ε);
964 427 1254 521 Ἀργεῖοι,
1301 432 1574 518 ἕρκειος,
1620 434 1873 519 θερείη,
1920 432 2211 511 ἐπέτεος,
2258 433 2501 509 τέλεος,
2532 426 2752 517 ἐπιτή-

514 541 683 619 δεος,
726 533 1023 624 ὑπωρέη,
1071 528 1373 624 αληθείη,
1418 530 1662 623 ὑγιείη,
1709 526 1912 622 αδείη,
1956 526 2218 620 ἀτελείη
2248 542 2326 600 al.
2413 540 2591 601 Bred.
2621 540 2757 600 dial.

513 648 735 709 Herod.
778 666 837 726 p.
892 644 1024 706 ¹27.
1072 642 1211 706 186.
1300 646 1501 707 Unum
1547 629 1825 724 ἀγγήιον
1885 644 1960 705 ab
2005 630 2204 722 ἄγγος
2269 644 2603 721 analogiam
2665 660 2754 702 se-

514 752 720 829 quitur
748 749 1204 828 periecticorum
1239 750 1297 808 in
1329 764 1518 827 ηιον.·
1562 737 1905 827 χαλκηιον,
1936 734 2347 827 κηλωνήιοι,
2378 735 2754 824 ἐργαλήιον,

514 842 854 932 κναφήιον
901 852 971 911 al.
1059 850 1235 910 Bred.
1280 869 1337 927 p.
1389 846 1561 909 182..
1612 849 1710 923 Sic
1770 850 1945 910 etiam
2012 849 2116 909 illa
2160 848 2459 908 vocabula
2502 865 2755 926 quorum

514 955 853 1016 terminatio
901 970 1045 1024 αιος
1090 972 1165 1013 ex
1210 963 1397 1022 ασιος
1442 957 1602 1031 nata,
1644 970 1843 1029 neque
1890 953 1948 1011 in
1999 950 2141 1011 Iade
2196 968 2392 1029 neque
2436 952 2494 1010 in
2543 952 2756 1011 ceteris

515 1058 786 1119 dialectis
830 1074 1093 1133 uuquam
1139 1072 1179 1135 η
1224 1055 1475 1115 habent:
1528 1059 1867 1132 κνεφαῖος,
1911 1038 2423 1131 ἀκροκνέφαιος,
2468 1048 2759 1125 λεπαῖος,

517 1144 810 1231 θῦδατος,
857 1150 1240 1229 ἰπουδατος,
1283 1149 1706 1229 κατουδαϊος,
1743 1143 2124 1229 ὕπουδαῑος,
2157 1161 2529 1231 σκνιφαῐος,
2556 1144 2760 1232 χάιος,

518 1262 908 1340 βαθυχαῖος.
1001 1250 1207 1339 δήιος,
1254 1261 1518 1340 hostilis,
1563 1261 1757 1338 miser,
1803 1261 1941 1320 Max
1986 1260 2206 1319 Mulier
2251 1257 2490 1335 quidem
2537 1259 2594 1317 in
2643 1258 2761 1317 KZ.

519 1366 590 1442 V,
642 1362 780 1441 151,
824 1369 883 1424 et
925 1365 1051 1423 Leo
1096 1365 1306 1440 Meyer
1350 1364 1466 1439 vgl.
1512 1362 1613 1424 Gr.
1643 1363 1719 1440 11,
1761 1381 1819 1439 p.
1853 1360 1974 1418 445
2021 1380 2096 1422 ex
2146 1354 2335 1434 daojo
2383 1365 2585 1420 natum
2634 1377 2762 1420 esse

521 1467 992 1544 affirmaverunt,
1038 1470 1105 1526 ut
1147 1466 1222 1526 ab
1268 1465 1475 1526 eadem
1524 1465 1727 1525 radice
1771 1465 2014 1525 fluxerit
2057 1465 2219 1525 unde
2265 1463 2399 1524 ved.
2431 1459 2583 1523 ἀάεα
2628 1463 2761 1523 dae·

520 1589 655 1631 mon
702 1568 990 1645 infestus;
1035 1567 1141 1627 sed
1190 1567 1258 1628 G.
1304 1566 1545 1628 Curtius
1593 1568 1686 1627 Et.
1735 1586 1830 1627 no.
1877 1562 2000 1624 258
2048 1568 2422 1645 monstravit,
2467 1566 2616 1626 haec
2661 1583 2761 1626 vo·

520 1672 716 1733 cabuli
760 1671 1061 1731 sententia
1104 1669 1404 1751 quomodo
1452 1671 1614 1729 nasci
1677 1671 1942 1747 potuerit
2000 1689 2072 1729 ex
2118 1670 2402 1748 primaria
2445 1669 2765 1745 urentis,

522 1774 800 1850 idemque
862 1773 1219 1832 vocabulum
1295 1791 1425 1833 csse
1488 1761 1674 1842 δάιος
1726 1773 1801 1833 ab
1864 1774 2153 1832 Alemane
2208 1772 2567 1844 adhibitum,
2626 1767 2764 1847 πῦρ

521 1893 592 1935 τε
640 1864 875 1935 δάῐιον
923 1874 994 1935 fr.
1040 1870 1138 1953 79,
1182 1878 1244 1935 et
1288 1874 1436 1934 illud
1484 1864 1672 1952 δήιος
1717 1874 1974 1934 hostilis:
2020 1874 2108 1935 Of.
2152 1874 2310 1934 infra
2353 1874 2389 1945 ξ
2433 1869 2473 1931 9
2520 1878 2579 1933 et
2625 1869 2722 1930 20.

694 1980 828 2039 Una
872 1978 1053 2053 igitur
1097 1977 1524 2037 vocabulorum
1573 1978 1632 2036 in
1682 1992 1828 2046 αιος
1873 1977 2268 2037 desinentium
2317 1976 2556 2048 classis,
2611 1993 2764 2053 quae

528 2098 673 2150 αιος
718 2100 793 2141 ex
840 2080 1028 2149 αῘιος
1074 2086 1277 2141 natum
1326 2080 1523 2158 habet,
1566 2098 1608 2159 η
1654 2098 1764 2156 pro
1809 2098 1850 2137 α
1889 2079 2163 2140 admittit.
2250 2081 2316 2138 ln
2364 2079 2456 2138 his
2499 2080 2683 2156 igitur
2727 2096 2766 2157 η

525 2202 600 2244 ex
661 2200 701 2240 α
760 2187 1011 2259 propter
1072 2183 1121 2241 f
1179 2184 1391 2242 elisum
1459 2182 1852 2259 productione
1921 2183 2295 2258 suppletoria
2363 2181 2591 2241 factum
2658 2186 2766 2258 est,

525 2268 908 2362 quamobrem
970 2284 1179 2344 eadem
1241 2285 1531 2344 vocabula
1592 2285 1650 2343 in
1714 2284 1929 2343 ceteris
1990 2283 2259 2344 dialectis
2317 2285 2664 2361 plerumque
2725 2299 2766 2340 α

524 2387 764 2463 longum
810 2385 1048 2446 habent.
1137 2386 1290 2447 Sunt
1336 2393 1533 2447 autem
1581 2387 1761 2446 haec:
1836 2375 2188 2466 παρὴιον
2235 2387 2309 2446 Η.
2356 2405 2487 2447 cum
2534 2404 2769 2466 compo-

526 2490 657 2549 sitis
729 2488 960 2548 καλλι·
1042 2488 1266 2567 μιλτο-
1353 2506 1656 2565 φοινικο·
1729 2480 2241 2569 χαλκο-πάρῃος.
2360 2474 2461 2548 εὖ·
2527 2488 2768 2568 χαλκο·

525 2581 786 2674 πάρᾳος
831 2593 1002 2652 Pind.
1047 2623 1130 2632 —
1176 2583 1412 2671 δήιος
1458 2593 1530 2651 Η.
1576 2593 1718 2670 Lyr.
1748 2594 1950 2669 Trag„
1996 2612 2128 2653 cum
2177 2593 2460 2653 derivatis
2507 2582 2772 2673 δηιοτής

528 2682 741 2774 δηιόω
816 2684 1015 2776 ὁῃόω
1072 2683 1416 2771 ὄηιέλωτος
1471 2684 1817 2774 Aminnea.
1945 2675 2165 2765 ὸῗιιος
2237 2701 2388 2772 trag.
2459 2696 2644 2755 Alcm.
2691 2727 2772 2736 —-

531 2781 774 2874 λῆιον
804 2797 877 2856 Η.
907 2798 1051 2857 Hsd.
1088 2797 1223 2857 Hdt.
1256 2815 1389 2856 cum
1423 2815 1713 2874 composa.
1746 2817 1815 2854 α·
1843 2797 2050 2872 &astv-
2095 2798 2303 2856 πολυ-
2350 2796 2553 2871 φιλο·
2529 2788 2768 2876 -λήιος

530 2895 735 2981 λᾷον
780 2900 991 2975 Sophr.
1049 2905 1108 2959 et
1170 2898 1409 2958 λαῖον
1472 2899 1600 2960 falx
1664 2899 1826 2976 apud
1874 2901 1989 2977 Ap.
2037 2900 2143 2960 nh.
2189 2931 2270 2939 —-
2327 2889 2555 2978 φήιος
2601 2901 2773 2960 Ηοιιι.

530 3000 677 3061 Hsd.
721 3001 835 3080 Ap.
879 3002 988 3062 Rh.
1036 2992 1332 3082 ἔπινὴιος
1379 3004 1580 3078 Antip.
1625 3002 1835 3062 Thess.
1897 3004 1954 3062 iu
2003 3003 2184 3063 Anth.
2232 3003 2451 3072 ιᾶιος
2494 3006 2644 3079 trag.
2689 3034 2774 3043 -—

530 3092 709 3181 ῥήια
754 3105 1037 3181 Hippocr.
1084 3095 1274 3186 ῥᾷος
1340 3106 1708 3185 grammatici
1776 3105 1874 3177 (cf.
1935 3105 1971 3175 ξ
2023 3102 2144 3178 Μ)
2192 3135 2273 3144 -
2330 3105 2445 3167 Sed
2499 3106 2772 3166 Minerva

529 3200 896 3285 προνηί·η
928 3207 1217 3266 Herodoti
1262 3206 1373 3278 (sic
1405 3209 1562 3267 enim
1593 3207 1878 3267 traditum
1911 3210 1955 3285 1,
2000 3203 2099 3284 92,
2144 3207 2250 3267 sed
2298 3207 2372 3267 cf.
2419 3227 2574 3284 quae
2619 3206 2775 3268 infra

531 3307 591 3366 in
651 3306 686 3377 ξ
732 3303 807 3363 21
882 3307 956 3367 de
1024 3309 1139 3368 hoc
1199 3309 1494 3369 vocabulo
1558 3309 1880 3385 exponam)
1951 3310 2253 3385 Aeschylo
2321 3310 2489 3369 Eum.
2535 3307 2610 3374 21
2683 3313 2775 3370 est

530 3402 922 3485 προναία,
995 3416 1055 3469 et
1129 3429 1239 3487 pro
1304 3403 1486 3490 ληΐη
1558 3411 1763 3472 lonico
1825 3413 2150 3472 Dorienses
2213 3411 2436 3472 dixisse
2499 3413 2776 3473 feruntur

534 3505 723 3568 λαία
766 3509 1084 3587 (Hesych.:
1132 3505 1366 3570 λαίαν·
1415 3505 1797 3593 ἐκκλησίαν,
1840 3511 2092 3593 κτῆσιν.
2185 3511 2458 3593 Δωριεῖς
2505 3508 2616 3573 ἐπὶ
2659 3511 2775 3594 τῆς

537 3606 771 3689 λείας),
834 3613 995 3690 quod
1059 3615 1398 3674 restitutum
1463 3620 1556 3675 est
1599 3616 1859 3677 Pindaro
1906 3615 1999 3676 Ol.
2045 3617 2146 3695 XI,
2190 3614 2287 3677 44.
2377 3618 2772 3692 Quamobrem

534 3714 790 3775 fortasse
835 3717 1057 3776 rectius
1101 3714 1260 3794 apud
1308 3718 1671 3796 Aeschylum
1720 3737 1853 3778 cum
1895 3720 2239 3779 Hermanno
2287 3720 2565 3780 scribitur
2609 3736 2774 3796 προ·

538 3805 684 3899 νᾲα,
731 3820 792 3877 et
834 3817 994 3894 apud
1028 3818 1354 3879 Pindarum
1404 3809 1551 3899 λᾴα,
1598 3821 1759 3896 qnod
1792 3820 2088 3881 Ahrensio
2129 3822 2321 3899 magis
2351 3823 2592 3899 placuit,
2639 3822 2775 3882 dial.

537 3922 681 3980 Dor.
696 3938 754 3997 p.
782 3916 915 3980 142.
960 3919 1315 3999 Quanquam
1340 3924 1404 3983 in
1431 3941 1472 3980 α
1494 3921 1889 3999 producendo
1913 3929 2164 4000 propter
2181 3923 2476 4002 digamma
2495 3926 2772 3985 omissum

538 4041 656 4083 non
703 4022 813 4082 sibi
860 4027 1202 4084 constantes
1247 4023 1433 4085 fuisse
1463 4025 1748 4085 videntur
1780 4025 2013 4086 Graeci.
2100 4028 2252 4086 Nam
2299 4029 2372 4087 ab
2419 4027 2628 4088 eadem
2677 4047 2772 4087 ra·

537 4124 670 4185 dice
729 4124 890 4185 unde
952 4122 1119 4183 λᾶον
1164 4125 1497 4204 Sophronis
1557 4126 1869 4187 descendit
1917 4126 2129 4186 λαῖον
2174 4129 2332 4206 apud
2380 4131 2493 4206 Ap.
2539 4129 2682 4207 Rh„
2739 4149 2777 4189 a

542 4217 704 4297 λᾶός
748 4207 954 4298 Λάιος
1010 4232 1070 4287 et
1112 4223 1420 4301 νεολαία,
1490 4247 1525 4287 a
1589 4208 1773 4298 δάιος
1838 4230 2161 4306 composita
2238 4232 2294 4289 in
2343 4225 2558 4300 ·ὀ“αιος
2620 4229 2773 4291 desi-
