3166 4871
527 344 652 405 230
1530 337 1786 392 Ζιοὶιοι·

528 504 852 578 adderetur
912 517 1116 595 „quod
1184 516 1582 594 proficiscitur
1647 517 1722 576 ab
1790 517 2081 578 ultoribus
2141 520 2531 593 cognatorum
2593 534 2777 575 manu

528 613 791 680 occisis“.
880 621 1282 697 Exspectares
1323 619 1760 697 appositionem
1807 620 2069 697 genitivo
2101 637 2244 679 casu
2276 616 2354 678 ad
2384 611 2779 697 ἐνερτέρων.

529 724 744 782 Mirum
805 728 898 782 est
954 723 1128 783 ctiam
1186 723 1318 798 ipsa
1363 721 1819 799 praepositionis
1864 714 1939 780 ἐκ
1985 722 2328 799 conjunctio
2375 739 2510 781 cum
2556 712 2774 793 βέλος.

528 824 718 900 Quam
766 825 842 885 ob
883 842 1006 885 rem
1053 844 1171 884 non
1224 829 1370 903 puto
1416 825 1529 884 hoc
1575 825 1708 885 loco
1756 824 2115 901 Aeschylum
2161 824 2452 885 vocabulo
2493 839 2772 903 προςτρ.

530 926 899 1003 significasse
945 928 1175 987 occisos
1219 927 1502 986 ultionem
1551 930 1850 1005 petentes,
1907 926 2014 987 sed
2069 926 2278 986 eodem
2335 944 2515 987 seusu
2560 943 2774 986 vocem

530 1047 854 1107 usurpasse
899 1047 1017 1106 quo
1063 1030 1275 1107 tragici
1325 1029 1410 1089 uti
1458 1030 1668 1105 solent,
1712 1053 1795 1076 ·--=
1840 1030 2184 1113 piacularis,
2231 1028 2514 1089 nefarius.

698 1136 1075 1210 τροχαῖος
1142 1149 1421 1209 currens,
1485 1131 1757 1208 inprimis
1824 1132 2096 1192 celeriter
2160 1148 2428 1191 currens.
2494 1113 2777 1207 τροχαῖα

528 1227 736 1291 :travia
783 1251 876 1311 ap.
923 1233 1108 1293 Leon.
1154 1235 1294 1315 Tar.
1342 1233 1520 1293 Anth.
1566 1233 1690 1293 Pal.
1736 1230 1793 1310 6,
1838 1228 1980 1312 288,
2026 1233 2062 1290 5
2108 1232 2391 1293 videntur
2435 1231 2775 1309 siguificare

527 1336 631 1395 fila
686 1335 1031 1396 subteminis
1094 1354 1250 1412 quae
1296 1355 1331 1395 a
1376 1334 1510 1395 fuso
1555 1336 1651 1395 vel
1710 1335 1878 1396 radio
1934 1336 2193 1395 textorio
2239 1335 2522 1395 continuo
2569 1332 2773 1395 devol-

528 1442 767 1516 vuntur,
811 1442 932 1516 aut,
976 1439 1023 1498 si
1056 1439 1305 1499 aliorum
1338 1439 1663 1515 explicatio
1693 1439 1858 1499 vocis
1886 1431 2135 1518 ,πηνίον
2166 1439 2387 1498 rectior
2421 1442 2531 1517 est,
2574 1438 2775 1513 ipsum

527 1541 722 1601 fusum
755 1541 851 1600 vel
881 1540 1111 1600 radium
1143 1541 1462 1601 textorium
1495 1541 1770 1601 celeriter
1802 1540 1919 1601 huc
1947 1540 2091 1601 illuc
2122 1541 2473 1618 projectum.
2545 1539 2773 1600 Pedem

529 1643 837 1703 metricum
885 1642 1136 1703 Platone
1182 1646 1426 1702 auctore
1471 1661 1517 1702 r.
1563 1663 1620 1720 p.
1652 1640 1709 1720 3,
1754 1640 1879 1700 400
1908 1644 1957 1703 Β
1993 1643 2119 1721 jam
2152 1645 2341 1702 Damo
2386 1644 2474 1702 sie
2519 1642 2780 1702 vocavit.

529 1744 686 1819 Quid
730 1746 973 1822 proprie
1017 1745 1444 1817 significaverit
1485 1745 1825 1821 Terpandri
1876 1734 2078 1822 νόμος
2123 1749 2434 1823 τροχαῖος
2478 1743 2661 1818 (Plut.
2698 1743 2779 1804 de

529 1865 677 1907 mus.
721 1866 778 1924 p.
830 1843 988 1904 1132
1023 1849 1094 1925 D,
1141 1847 1217 1907 cf.
1263 1847 1494 1908 Volkm.
1539 1847 1615 1907 ad
1666 1848 1717 1922 l.,
1764 1849 1861 1907 cui
1905 1866 1942 1906 a
1972 1847 2210 1924 rythmo
2255 1848 2597 1908 nominatus
2640 1864 2778 1907 esse

529 1947 789 2022 videtur)
848 1968 968 2010 nou
1029 1952 1172 2009 satis
1234 1956 1486 2011 constat.
1573 1950 1769 2025 Apud.
1825 1950 1989 2011 Cass.
2033 1949 2208 2011 Dion.
2255 1946 2364 2028 56,
2408 1946 2489 2006 22
2550 1941 2641 2022 (οἱ
2700 1944 2775 2008 δὲ

529 2047 932 2130 σαλπιγκταὶ
986 2044 1051 2110 οἱ
1108 2044 1234 2112 σύν
1288 2039 1518 2122 αὐτοῖς
1573 2039 1763 2122 ὄντες
1807 2041 2124 2131 τροχαϊόν
2168 2070 2233 2111 τι
2278 2042 2778 2131 συμβοήσαντες

528 2143 734 2230 δόξαν
793 2154 933 2225 ’ἰοῖς
989 2148 1318 2225 ἐναντίοις
1377 2144 1468 2225 ὡς
1522 2145 1704 2234 παρὰ
1762 2152 1889 2213 τοῦ
1932 2140 2327 2235 Άσπρηνοῦ·
2359 2149 2773 2232 πεπεμμένοι

525 2256 871 2335 παρεῖχον)
917 2247 1238 2336 τροχαῖον
1284 2275 1348 2315 τι
1395 2264 1486 2319 est
1531 2258 1830 2319 cantilena
1874 2257 2394 2335 proficiscentium,
2438 2242 2476 2316 ὃ
2513 2252 2776 2336 τρέχων

467 2366 480 2379 ’
527 2376 627 2429 τις
673 2345 829 2440 ᾅδει.
924 2360 1236 2433 Quodnam
1292 2360 1573 2420 tormenti
1635 2378 1829 2438 genus
1873 2359 2165 2437 significet
2210 2378 2304 2437 ap.
2348 2360 2464 2421 Ios.
2511 2360 2777 2422 Maccab.

537 2460 635 2539 ll,
694 2481 752 2539 p.
799 2460 950 2540 512,
1011 2461 1085 2518 15
1144 2458 1298 2541 περὶ
1353 2470 1673 2540 τροχαῖον
1735 2461 1960 2541 σᾳιῆνα
2016 2457 2485 2541 κατέκαμφαν,
2552 2464 2776 2543 neseio,

527 2583 723 2639 neque
769 2566 957 2640 magis
1002 2565 1302 2643 intellego,
1347 2565 1490 2642 quid
1538 2567 1619 2624 sit
1662 2572 1972 2642 τροχαῑα·
2017 2560 2184 2643 μέσα
2228 2559 2303 2624 ἐν
2347 2556 2579 2639 κύβοις
2608 2567 2775 2644 apud

527 2666 908 2741 IIcsychium.
1011 2667 1184 2740 Quod
1242 2668 1398 2727 idem
1457 2668 1628 2727 addit
1684 2655 1723 2746 ἢ
1786 2656 1970 2742 ὁδός,
2029 2656 2121 2738 ὡς
2154 2655 2472 2740 Ῥίνθων,
2533 2669 2777 2746 passiva

528 2768 1036 2829 notione-dictum
1083 2771 1407 2847 putaveris,
1452 2775 1517 2830 ut
1562 2771 1639 2830 sit
1682 2772 1780 2830 via
1824 2785 1978 2847 quae
2024 2772 2304 2832 curritur.
2356 2779 2365 2786 “

697 2966 798 3033 77.
887 2973 1001 3035 Sed
1058 2973 1263 3033 addito
1325 2990 1432 3031 αιο
1489 2993 1607 3034 non
1664 2994 1735 3035 ea
1779 2981 2010 3036 tantum
2056 2975 2298 3036 nomina
2340 2976 2605 3036 verbalia
2648 2995 2771 3035 am-

524 3075 892 3153 plificantur,
950 3094 1104 3153 quae
1150 3077 1280 3136 solo
1325 3077 1543 3137 suffixo
1590 3094 1628 3135 ο
1675 3097 1707 3136 e
1752 3078 1949 3137 verbis
2003 3078 2278 3139 derivata
2336 3084 2500 3155 sunt,
2559 3097 2769 3138 verum

525 3178 698 3237 etiam
746 3197 903 3256 quae
947 3180 1079 3238 aliis
1123 3180 1646 3240 terminationibus
1691 3184 1958 3241 utuntur.
2032 3182 2243 3258 Itaque
2288 3181 2492 3241 eadem
2536 3182 2770 3241 ratione

525 3300 650 3357 qua
692 3281 989 3341 vocabula
1035 3282 1207 3342 modo
1255 3287 1606 3342 enumerata
1650 3283 1823 3342 etiam
1856 3289 2033 3343 natae
2064 3287 2205 3343 suut
2232 3302 2413 3344 voces
2442 3284 2503 3343 in
2536 3300 2770 3357 -ταιος,

527 3399 856 3460 -μεναιος,
904 3400 1202 3460 ·μναιος,
1249 3400 1493 3460 ·μαιος.
1588 3386 1787 3462 Atque
1848 3385 2040 3462 primo
2100 3386 2234 3447 loco
2294 3406 2366 3448 ea
2420 3404 2635 3463 ponam
2690 3386 2768 3447 de

525 3485 742 3561 quibus
789 3486 1082 3545 dubitatio
1131 3503 1261 3546 esse
1307 3506 1424 3546 non
1472 3491 1689 3565 potest,
1734 3507 1890 3565 quae
1935 3490 1993 3547 iu
2042 3506 2257 3558 -ταιος
2302 3489 2598 3549 desinunt.

696 3573 1065 3657 εὐκταῑος
1110 3605 1292 3665 saepe
1337 3590 1501 3666 apud
1545 3591 1775 3650 Atticos
1822 3591 1936 3651 hac
1980 3591 2445 3668 significatione:
2504 3592 2663 3652 votis
2707 3598 2772 3653 et

527 3689 802 3765 precibus
863 3691 1191 3768 expetitus,
1248 3691 1582 3753 invocatus.
1670 3693 1830 3752 Idem
1887 3710 2018 3753 csse
2070 3698 2250 3770 atque
2306 3678 2545 3764 εὐκτός
2586 3698 2770 3772 patet.

525 3779 618 3849 τὰ
684 3775 1016 3851 εὐκταῖα
1083 3798 1222 3853 vota
1287 3795 1512 3871 'Px-agg.
1580 3778 2073 3867 ἀπευκταῖος
2133 3821 2215 3843 =
2283 3782 2616 3869 ἄπευκτός
2680 3799 2770 3858 Pl.

526 3892 775 3954 Axioch.

693 4003 1222 4075 προκριταῑος
1267 4023 1348 4045 --
1393 3988 1760 4078 πρόκριτος
1804 4000 2099 4077 Epiphan.

694 4095 1316 4175 οταφιδευταῑος
1361 4102 1649 4179 Hippocr.
1693 4103 1770 4163 de
1814 4104 2002 4164 morb.
2031 4104 2136 4178 111,
2179 4100 2406 4182 11:497,
2449 4100 2487 4161 8
2534 4094 2766 4183 τρύγες

524 4196 1020 4280 στεμφυλίτιδες
1063 4200 1570 4280 σταφιδευταῑαι
1617 4199 2108 4288 (σταφιιδευτέαι
2139 4206 2352 4269 EHIG.
2396 4200 2761 4282 σταφυδευ-

523 4300 666 4363 τεάι
713 4304 809 4377 Κ)
863 4294 1133 4386 ὑὸαρέες
1189 4310 1386 4369 faeces
1431 4329 1506 4369 ex
1565 4310 1699 4369 uvis
1742 4310 1935 4387 passis
1978 4304 2378 4385 (σταφὶόων)
2422 4310 2520 4370 vel
2564 4311 2765 4388 potius
