3166 4871
2469 288 2595 351 237

356 476 607 518 acumen
677 463 737 518 et
806 459 1049 535 egregia
1114 458 1188 518 de
1257 458 1626 519 orationibus
1695 459 2078 519 instituendis
2150 466 2475 539 praecepta
2494 458 2595 534 ²⁴).

355 560 628 620 Ceterum
676 567 872 620 exstat
915 560 1083 620 locus
1128 561 1274 619 satis
1322 560 1628 636 notabilis,
1689 561 1788 620 ubi
1837 561 2042 621 Cicero
2097 562 2330 623 occulte
2376 564 2595 640 signifi-

356 681 492 722 care
553 662 789 722 videtur
854 680 919 721 se
980 663 1039 721 in
1098 662 1262 721 libris
1317 662 1658 722 Aristotelis
1719 681 1835 723 nou
1902 662 1986 721 ita
2050 662 2225 723 valde
2294 669 2593 724 versatum

355 783 486 825 esse
506 763 601 837 2⁵).
675 795 754 803 -—
830 765 1059 837 Quibus
1104 764 1335 824 duobus
1392 764 1765 841 philosophis
1809 765 2125 824 addendus
2171 769 2262 825 est
2304 766 2594 839 Socrates,

354 887 549 945 quem,
596 873 661 927 ut
699 868 846 926 alios
888 868 1052 926 locos
1098 867 1378 942 omittam,
1422 866 1479 925 d.
1509 885 1594 926 or.
1626 872 1684 942 3,
1716 871 1797 927 60
1827 868 2076 927 Crassus
2118 868 2249 928 sine
2295 868 2475 929 dubio
2519 888 2593 928 ex

354 971 655 1031 Ciceronis
685 971 980 1030 sententia
1026 970 1117 1028 his
1147 971 1318 1029 effert
1360 969 1669 1029 laudibus:
1713 971 2025 1046 „Socrates
2072 999 2155 1008 —
2197 971 2301 1047 qui
2333 972 2593 1031 omnium

353 1073 722 1132 eruditorum
773 1072 1107 1131 testimonio
1153 1073 1455 1149 totiusque
1491 1071 1723 1149 jndicio
1772 1072 2057 1132 Graeciae
2097 1091 2232 1132 cum
2278 1074 2595 1150 prudentia

353 1181 414 1234 et
465 1176 737 1234 acumine
797 1181 858 1234 et
919 1181 1235 1235 venustate
1295 1182 1355 1233 et
1415 1173 1771 1243 subtilitate,
1844 1179 1969 1235 tum
2030 1193 2173 1235 vero
2233 1176 2595 1253 eloquentia,

356 1278 670 1353 varietate,
729 1278 934 1354 eopia,
977 1295 1153 1353 qnam
1201 1296 1264 1335 se
1311 1295 1550 1352 cunque
1598 1277 1656 1335 in
1702 1282 1931 1353 partem
1976 1276 2273 1353 dedisset,
2329 1280 2592 1338 omnium

356 1381 468 1439 fuit
510 1380 687 1439 facile
732 1379 1064 1456 princeps.“
1152 1378 1286 1451 Quo
1331 1378 1392 1438 in
1423 1379 1655 1456 Judicio
1703 1380 1816 1438 hoc
1848 1380 2100 1438 maxime
2133 1381 2591 1457 vituperandum

353 1489 463 1558 est,
506 1481 668 1558 quod
715 1481 941 1555 cicere,
987 1487 1053 1541 ut
1096 1483 1374 1542 omnibus
1417 1487 1479 1541 et
1520 1481 1863 1558 philosophi
1894 1487 1953 1540 et
1983 1484 2238 1542 oratoris
2272 1484 2592 1542 virtutibus

351 1588 656 1672 Socratem
701 1589 973 1660 ornaret,
1019 1584 1309 1644 nonnulla
1352 1585 1531 1643 etiam
1577 1584 1855 1660 protulit,
1913 1603 2068 1660 quae
2111 1585 2172 1643 in
2218 1603 2351 1646 enm
2399 1586 2595 1646 minus

352 1686 634 1747 videntur
695 1688 936 1758 cadere,
997 1690 1161 1747 velut
1222 1686 1395 1747 valde
1440 1686 1718 1763 equidem
1766 1686 1994 1761 dubito,
2054 1705 2192 1746 num
2241 1695 2401 1746 reete
2443 1687 2595 1763 „elo-

350 1790 597 1864 quentia
640 1794 699 1848 et
744 1791 915 1865 eopia
960 1792 1221 1850 omnium
1268 1789 1439 1848 facile
1484 1781 1804 1865 princeps“
1850 1789 2040 1865 possit
2082 1788 2390 1865 appellari.
2476 1790 2594 1848 Ne-

352 1910 469 1968 que
545 1909 687 1950 vero
762 1892 1137 1961 mirabimur,
1213 1910 1322 1951 cur
1382 1891 1604 1950 factum
1661 1892 1770 1966 sit,
1843 1896 1907 1950 ut
1963 1891 2142 1950 tantis
2188 1891 2397 1951 Cicero
2459 1910 2593 1950 eum

354 1995 688 2052 cumularet
749 1992 1061 2070 laudibus,
1134 2011 1266 2052 uam
1328 1997 1541 2052 contra
1599 1993 1897 2069 sophistas
1977 1992 2258 2052 disseruit
2331 1999 2393 2052 et
2466 2011 2596 2052 eam

356 2094 607 2154 maxime
651 2095 1065 2172 philosophiae
1110 2101 1340 2171 partem
1388 2095 1684 2164 tractavit,
1730 2113 1885 2169 quae
1933 2094 2009 2152 ad
2058 2095 2233 2154 vitam
2281 2113 2597 2170 moresque

356 2197 657 2256 hominum
707 2195 984 2274 pertinet.

528 2298 645 2359 Sed
694 2300 841 2358 haee
887 2299 1195 2358 haetenus.
1283 2297 1796 2375 Progrediendum
1843 2297 1997 2357 enim
2045 2303 2137 2357 est
2173 2298 2250 2358 ad
2283 2316 2386 2357 eos
2416 2299 2597 2368 locos,

357 2402 454 2461 ubi
522 2401 730 2462 Cicero
792 2403 1157 2462 Graecorum
1219 2407 1279 2461 et
1339 2402 1735 2461 Romanorum
1806 2399 2246 2478 quodammodo
2320 2400 2476 2461 inter
2535 2419 2599 2461 se

359 2511 667 2582 comparat
711 2504 1123 2581 philosophiae
1168 2503 1366 2564 studia
1413 2514 1599 2581 atque
1645 2505 1921 2564 indolem.
2010 2505 2144 2577 Qua
2173 2505 2232 2563 in
2265 2523 2328 2563 re
2358 2505 2600 2581 iniquis·

357 2609 568 2668 simum
616 2626 748 2667 eum
795 2626 860 2667 se
906 2606 1252 2682 praebuisse
1288 2605 1557 2683 judicem
1597 2607 1723 2683 jam
1769 2624 1953 2683 supra
1993 2607 2599 2666 commemoravimus.

361 2712 448 2770 Ac
506 2716 672 2769 tanta
731 2708 1002 2787 profecto
1059 2709 1219 2770 haud
1281 2728 1415 2769 raro
1474 2710 1622 2768 haec
1688 2711 1970 2785 iniquitas
2029 2710 2299 2783 videtur,
2379 2714 2443 2769 ut
2502 2711 2599 2770 vix

361 2812 1031 2890 comprehenderemus,
1091 2812 1392 2890 quomodo
1455 2813 1541 2871 ita
1589 2811 1864 2888 judicare
1927 2816 2165 2886 posset,
2237 2812 2349 2870 nisi
2411 2813 2599 2871 consi·

361 2914 742 2989 dei-aremus,
806 2915 1048 2973 nimium
1112 2916 1171 2973 iu
1240 2933 1311 2972 eo
1379 2914 1564 2972 fuisse
1631 2914 1721 2971 sni
1784 2913 1971 2988 ipsius
2037 2929 2315 2971 amorem.
2425 2912 2598 2984 Quod

362 3016 593 3085 vitium,
650 3022 940 3091 quantum
987 3015 1244 3075 valuerit
1297 3015 1371 3073 ad
1435 3015 1566 3091 ejus
1628 3012 1927 3073 sentiendi
1980 3012 2418 3090 judicandique
2463 3015 2601 3073 rati·

362 3136 564 3193 onem,
621 3116 780 3177 infra
836 3119 1040 3194 paullo
1098 3119 1440 3176 accuratius
1499 3134 1898 3192 exponemus:
1958 3134 2118 3175 nuuc
2172 3114 2249 3174 de
2296 3116 2603 3175 nonnullis

307 3221 597 3297 ‘judiciis
641 3221 773 3297 ejus
819 3218 1117 3296 agendum
1164 3224 1273 3279 est.
1372 3220 1570 3294 Atque
1620 3217 1837 3277 nullius
1883 3218 2008 3277 fere
2055 3218 2334 3277 momenti
2381 3224 2522 3278 sunt
2564 3217 2603 3277 ii

366 3324 498 3401 loci,
549 3322 643 3383 ubi
690 3342 762 3382 ex
810 3324 936 3398 ipso
982 3320 1407 3381 sententiarum
1455 3338 1689 3379 conexu
1722 3319 1934 3380 nimiae
1967 3320 2371 3380 Romanorum
2412 3320 2605 3380 laudis

364 3429 669 3485 excusatio
731 3423 994 3502 petenda
1051 3428 1159 3483 est.
1248 3424 1399 3483 Nam
1445 3423 1495 3482 si
1541 3422 1703 3481 Lael.
1753 3426 1787 3483 7
1836 3424 2102 3483 Fannius
2147 3422 2288 3482 dicit
2333 3422 2602 3483 Laelium

367 3547 566 3604 parem
623 3546 753 3586 esse
813 3527 1044 3587 Socrati
1104 3534 1165 3585 et
1223 3525 1360 3585 ibid.
1427 3529 1503 3585 10
1564 3526 1701 3584 huic
1768 3524 2053 3585 Catonem
2118 3525 2600 3603 anteponendum

365 3648 494 3690 esse
543 3630 784 3689 Laelius
827 3628 1103 3704 affirmat,
1148 3629 1296 3687 haee
1333 3628 1566 3703 judicia
1609 3626 1735 3688 sine
1778 3627 1961 3688 dubio
2004 3647 2122 3688 non
2154 3634 2270 3687 tam
2304 3627 2380 3687 ad
2412 3628 2601 3704 ipsam

535 3830 604 3895 ²⁴)
638 3824 710 3881 cf.
747 3844 826 3881 or.
867 3830 982 3881 172:
1030 3826 1138 3881 Sed
1186 3825 1313 3894 quis
1349 3824 1595 3878 omnium
1623 3823 1880 3889 doctior,
1929 3824 2057 3892 quis
2104 3825 2336 3891 acutior,
2380 3823 2508 3891 quis
2546 3823 2605 3877 in

365 3914 530 3967 rebus
567 3914 652 3966 vel
691 3911 1043 3967 inveniendis
1082 3910 1168 3965 vel
1197 3908 1526 3981 judicandis
1562 3910 1741 3963 acrior
1776 3906 2092 3963 Aristotele
2130 3908 2278 3962 fuit?

535 3999 703 4053 'l'usc.
739 4004 778 4065 1,
806 4003 856 4052 7:
897 3993 1255 4061 Aristoteles,
1293 3996 1380 4048 vir
1416 4011 1630 4049 summo
1667 3995 1910 4063 ingeniO,
1948 3994 2204 4059 scientia,
2239 3993 2435 4061 gloria.

536 4088 603 4143 ²⁵)
637 4083 709 4137 cf.
745 4082 885 4151 'l‘op.
913 4086 972 4135 3:
1017 4081 1237 4135 Minime
1274 4096 1394 4135 sum
1441 4080 1749 4134 admiratus
1799 4094 1923 4133 cum
1960 4076 2348 4148 philosophum
2398 4076 2605 4132 rhetori

365 4185 474 4222 non
515 4183 640 4223 csse
675 4167 975 4234 cognitum,
1009 4168 1103 4235 qui
1140 4168 1211 4221 ab
1245 4166 1385 4234 ipsis
1424 4164 1775 4235 philosophis
1815 4170 2034 4232 praeter
2058 4162 2352 4216 admodum
2391 4177 2606 4230 paucos

367 4255 737 4323 ignoraretur.

2140 4353 2201 4403 16
