3166 4871
573 292 697 358 324

742 468 913 542 Quod
962 470 1179 528 attinet
1220 468 1297 527 ad
1348 485 1515 526 usum
1564 468 1742 526 huius
1787 466 2132 544 particulae,
2176 472 2363 542 atque
2408 486 2698 545 nusquam
2731 469 2816 528 in-

569 573 808 631 venitur
853 572 913 630 in
958 571 1366 630 libertinorum
1411 566 1897 636 sermonibnsffl)
1973 588 2166 646 neque
2211 585 2288 629 ac
2331 572 2589 648 saepius,
2633 589 2814 648 quam

571 692 691 733 uno
736 673 867 734 loco
914 674 1216 733 invenitur
1261 674 1317 731 in
1365 672 1435 730 iis
1481 671 1752 747 partibus
1796 671 1990 741 libelli,
2037 672 2094 731 iu
2143 672 2361 749 quibus
2399 674 2657 750 scriptor
2686 674 2815 732 vul·

567 794 770 853 garem
830 776 1076 835 adhibet
1136 793 1303 834 usum
1366 773 1622 833 dicendi.
1713 780 1773 831 et
1816 773 1930 832 hoc
1977 773 2213 849 quidem
2261 774 2390 834 loco
2436 790 2512 833 ac
2559 794 2676 834 uon
2724 780 2816 834 est

571 879 866 954 particula
909 876 1269 953 copulativa,
1312 875 1418 935 sed
1465 876 1887 952 comparativa.
1958 875 2032 935 cf.
2062 893 2110 935 c.
2140 879 2221 936 42
2255 875 2378 947 (47,
2410 881 2482 937 3:
2526 877 2814 935 neminem

567 979 727 1039 nihil
785 978 922 1038 boni
972 980 1190 1054 faeere
1250 982 1520 1052 oportet,
1596 993 1787 1050 aeque
1842 983 1934 1036 est
1993 978 2144 1036 enim
2204 994 2281 1036 ae
2336 979 2395 1036 si
2449 980 2512 1036 in
2563 984 2814 1052 pateam

567 1083 883 1153 emticias).
955 1087 1208 1160 apparet
1253 1083 1435 1158 igitur
1479 1081 1836 1157 particulam
1882 1096 1960 1140 ac
2003 1080 2099 1139 vel
2144 1089 2326 1154 atque
2368 1081 2443 1139 ab
2475 1082 2814 1140 hominibus

568 1187 806 1245 rusticis
862 1185 1023 1244 illius
1082 1184 1291 1243 aetatis
1350 1183 1652 1242 rarissime
1714 1190 2063 1259 usurpatas,
2128 1182 2230 1241 sed
2295 1184 2482 1259 magis
2538 1183 2810 1242 nobiliori

567 1287 799 1346 dicendi
843 1287 1048 1362 generi
1095 1291 1269 1361 aptas
1314 1284 1517 1361 fuisse,
1558 1283 1621 1343 id
1667 1283 1827 1361 quod
1876 1286 2049 1343 etiam
2095 1302 2167 1343 eo
2198 1282 2603 1361 confirmatur,
2646 1284 2809 1362 quod

566 1392 627 1449 iu
672 1391 745 1449 iis
788 1391 977 1449 nostri
1023 1389 1159 1448 libri
1204 1388 1490 1464 partibus,
1535 1405 1693 1463 qnae
1738 1388 1971 1463 poetice
2002 1388 2260 1463 scriptae
2291 1393 2450 1461 sunt,
2493 1394 2656 1447 certe
2687 1407 2807 1446 non

564 1494 647 1552 ita
692 1491 922 1567 magnis
965 1506 1041 1549 ac
1073 1491 1167 1549 vel
1213 1494 1393 1563 atque
1433 1490 1635 1549 tricies
1678 1490 1995 1548 invenitur.

737 1594 1125 1654 Notissimum
1172 1597 1296 1669 est,
1340 1610 1449 1669 per
1492 1607 1569 1650 aa
1614 1610 1746 1651 cnm
1794 1592 1851 1650 vi
1898 1592 2155 1668 quadam
2200 1591 2515 1652 transitum
2562 1591 2689 1651 fieri
2733 1592 2807 1652 ab

566 1698 758 1757 altera
815 1715 882 1755 re
939 1694 1014 1753 ad
1076 1694 1343 1754 alteram.
1451 1713 1522 1753 ac
1581 1695 1836 1770 primum
1898 1694 2138 1769 quidem
2199 1696 2258 1753 in
2317 1713 2438 1754 uno
2496 1696 2806 1755 enuntiato

567 1818 672 1875 per
729 1815 805 1856 ac
849 1797 1005 1856 duae
1051 1796 1323 1857 notiones
1366 1798 1520 1855 inter
1565 1814 1629 1854 se
1674 1797 2153 1873 coniunguntur,
2212 1814 2464 1873 quarum
2511 1796 2810 1874 posterior

564 1903 809 1977 gravior
852 1906 957 1969 cst,
1003 1918 1182 1976 quam
1229 1900 1393 1975 prior
1437 1896 1538 1970 (cf.
1585 1898 1834 1958 Haud.1
1879 1903 2021 1974 466,
2051 1901 2107 1958 8.
2176 1900 2463 1975 Draeger.
2508 1896 2544 1972 ἓ
2579 1904 2718 1973 315,
2749 1904 2806 1958 3.

565 2004 872 2063 Kuehner.
915 2002 971 2063 Il
1019 2002 1055 2071 §t
1102 2005 1237 2073 153,
1276 1999 1360 2073 4).
1455 2000 1530 2061 cf.
1590 2020 1639 2060 c.
1689 2005 1725 2061 2
1772 1999 1854 2077 (4,
1896 1997 1995 2077 4),
2063 2004 2097 2061 7
2146 1999 2273 2077 (10,
2320 2005 2431 2079 15,
2495 2001 2595 2061 ubi
2650 2002 2806 2060 inter

548 2122 754 2179 ⁸aeque?
795 2111 855 2164 et
898 2121 975 2162 ac
1021 2105 1188 2164 nulla
1229 2103 1546 2163 intercedit
1590 2101 1791 2174 ratio),
1837 2107 1916 2164 24
1963 2103 2087 2178 (25,
2121 2101 2254 2181 14),
2298 2108 2376 2163 81
2424 2102 2550 2180 (96,
2582 2100 2677 2180 2),
2723 2107 2805 2163 74

563 2208 690 2284 (88,
721 2205 801 2279 9),
850 2212 926 2268 75
958 2207 1084 2281 (89,
1109 2205 1191 2284 6),
1242 2211 1354 2267 111
1391 2207 1558 2282 (137,
1590 2211 1628 2266 5
1653 2212 1713 2266 et
1737 2204 1820 2282 6),
1868 2209 1987 2266 138
2019 2208 2186 2283 (201,
2216 2211 2291 2283 1),
2342 2210 2460 2267 112
2493 2202 2656 2280 (140,
2688 2210 2808 2281 12),

563 2315 644 2370 93
691 2310 859 2386 (112,
893 2307 970 2381 1),
1022 2313 1140 2370 126
1186 2308 1355 2385 (173,
1388 2306 1510 2379 17).
1601 2309 1925 2367 clarissime
1968 2314 2165 2368 autem
2212 2309 2360 2368 haec
2404 2308 2678 2383 gradatio
2717 2308 2803 2367 in-

562 2414 801 2474 dicatur
860 2432 908 2471 c.
961 2417 1078 2474 136
1139 2413 1303 2482 (195,
1349 2406 1445 2487 8),
1518 2411 1617 2470 ubi
1679 2411 2010 2490 Encolpius
2067 2414 2302 2472 narrat:
2375 2417 2503 2470 tres
2561 2426 2807 2470 anseres

560 2519 729 2574 sacri
756 2559 772 2575 .
796 2559 811 2574 .
842 2516 1121 2588 impetum
1150 2507 1214 2573 in
1242 2530 1336 2572 me
1358 2514 1605 2588 faciunt
1632 2514 1936 2589 foedoque
1966 2530 2041 2572 ac
2062 2516 2240 2573 vetuti
2267 2513 2507 2573 rabioso
2537 2514 2805 2573 stridore

560 2619 1011 2676 circumsistunt
1071 2617 1485 2689 trepidantem.
1590 2614 1863 2675 videmus
1920 2616 2074 2675 enim
2137 2617 2489 2693 Encolpium
2550 2616 2627 2675 ad
2682 2618 2802 2675 vim

560 2721 724 2779 verbi
770 2720 1011 2778 rabioso
1057 2718 1470 2779 deleniendam
1515 2718 1703 2777 veluti
1745 2715 2076 2786 adden-en)

559 2967 766 3033 inveni,
800 2982 913 3035 quo
948 2973 1117 3037 atque
1152 2966 1395 3035 positum
1440 2971 1529 3020 est
1572 2971 1704 3018 ante
1751 2964 1766 3018 l
1803 2979 2137 3019 consonam:
2184 2980 2233 3019 c.
2275 2970 2339 3018 ’ΐο
2371 2967 2483 3031 (83,
2519 2968 2625 3033 21).
2671 2964 2798 3030 ‚sed

560 3051 650 3104 hic
686 3051 841 3105 locus
877 3052 1040 3105 etiam
1076 3051 1201 3105 aliis
1238 3051 1309 3103 de
1344 3050 1531 3103 causis
1566 3049 1698 3103 mibi
1736 3057 2033 3119 suspectus
2068 3056 2171 3102 est.

729 3158 798 3219 ²¹)
856 3153 919 3208 In
954 3171 1001 3208 c.
1039 3159 1103 3206 59
1137 3157 1244 3220 (70,
1286 3155 1372 3221 10)
1407 3151 1744 3206 Trimalchio
1780 3152 1939 3206 dicit:
2014 3157 2105 3212 „et
2148 3160 2238 3219 tu,
2290 3168 2415 3206 cum
2454 3167 2609 3206 esses
2657 3167 2801 3220 capo

557 3255 694 3293 coco
728 3255 868 3293 coco
901 3246 1073 3308 atque
1107 3254 1203 3292 cor
1238 3253 1353 3292 non
1379 3236 1630 3291 habeas.“
1705 3238 1786 3291 sic
1821 3238 1968 3292 enim
2003 3236 2182 3291 codex
2216 3237 2457 3291 exhibet.
2527 3237 2626 3291 sed
2665 3236 2800 3291 baec

558 3325 730 3379 verba
773 3332 885 3378 tam
921 3325 1168 3392 graviter
1201 3330 1466 3392 corrupta
1500 3329 1662 3390 sunt,
1716 3331 1780 3376 ut
1831 3324 2064 3376 maxime
2112 3323 2187 3376 sit
2231 3323 2625 3389 dubitandum,
2669 3338 2799 3377 num

556 3417 727 3480 atque
762 3409 867 3464 hoc
904 3409 1026 3463 loco
1059 3415 1212 3463 recte
1247 3408 1514 3477 scriptum
1553 3409 1643 3463 sit.

725 3498 793 3560 ²²)
828 3494 916 3549 Ita
949 3494 1089 3549 illud
1113 3509 1335 3563 quoqne
1360 3494 1755 3562 explicandum
1780 3498 1934 3562 puto,
1971 3493 2123 3562 qnod
2149 3494 2386 3562 legimus
2422 3510 2469 3550 c.
2495 3498 2560 3548 29
2598 3499 2800 3562 (31,ολ

554 3579 651 3634 ubi
689 3581 949 3635 atriensis
986 3579 1259 3647 Encolpio
1312 3579 1705 3648 interroganti,
1765 3594 1905 3647 quas
1956 3579 2014 3631 in
2068 3578 2252 3632 medio
2305 3577 2505 3633 habeat
2545 3580 2799 3648 picturas

554 3664 903 3734 Trimalchio,
939 3664 1268 3733 respondet:
1325 3663 1511 3719 Iliada
1564 3671 1618 3718 et
1660 3663 1949 3736 Odyssian
1984 3680 2054 3719 ao
2095 3663 2365 3719 Laenatis
2395 3664 2798 3735 aladiatorium

554 3766 784 3815 manus,
833 3764 902 3804 ex
936 3765 1049 3818 quo
1083 3757 1319 3819 apparet
1354 3750 1626 3805 Laenatis
1666 3749 2070 3821 aladiatorium
2105 3767 2309 3805 munus
2361 3750 2520 3805 multi
2575 3751 2800 3804 maioris

554 3836 818 3891 momenti
870 3850 997 3890 csse
1047 3835 1277 3889 atriensi
1328 3835 1534 3901 videri,
1588 3850 1752 3903 qnam
1805 3834 1993 3891 Iliada
2052 3843 2106 3890 et
2154 3833 2459 3908 Odyssian.
2528 3843 2661 3905 post
2702 3837 2801 3891 illa

554 3922 726 3976 verba
758 3922 816 3975 in
851 3921 1012 3976 codd.
1038 3925 1379 3989 sequuntur:
1416 3937 1530 3975 non
1565 3920 1767 3976 licebat
1799 3921 2118 3976 multaciam
2142 3922 2509 3977 considerare
2543 3938 2652 3977 nos
2686 3923 2798 3977 iam

553 4005 632 4060 ad
667 4006 960 4060 triclinium
996 4021 1456 4075 perveneramus,
1492 4019 1635 4074 quae
1672 4006 1755 4059 sic
1793 4005 2092 4061 scribenda
2132 4022 2256 4061 esse
2293 4007 2526 4060 arbiter:
2585 4024 2699 4061 non
2737 4007 2800 4061 Ii-

552 4091 714 4146 oebat
745 4091 918 4146 multa
954 4090 1325 4146 considerare
1358 4107 1488 4158 nos,
1540 4090 1652 4146 iam
1688 4090 1766 4146 ad
1810 4091 2108 4146 triclinium
2149 4108 2607 4163 perveneramus.
2677 4107 2798 4147 sae-

552 4177 679 4243 pius
714 4176 858 4229 cuim
894 4177 1003 4230 iam
1040 4176 1196 4230 nulla
1228 4175 1421 4229 addita
1455 4175 1848 4231 coniunctione
1884 4177 2115 4245 ponitur
2148 4192 2182 4230 a
2215 4178 2495 4244 Petronio,
2539 4178 2636 4231 nbi
2670 4193 2800 4233 can·

553 4276 669 4315 sam
715 4261 952 4316 allenius
1006 4262 1081 4315 rei
1134 4261 1373 4330 indicat,
1426 4278 1530 4331 pro
1575 4280 1706 4317 nam
1740 4263 1868 4317 iam.
1939 4263 2006 4317 cf.
2044 4280 2091 4317 c.
2129 4268 2195 4317 22⁵
2246 4269 2356 4331 (29,
2395 4266 2482 4328 14)
2535 4270 2594 4317 et
2645 4279 2692 4318 c.
2728 4271 2798 4319 60
