3166 4871
541 341 622 403 28
1540 335 1799 391 zacher

542 511 722 595 velcp,
767 537 897 576 nam
947 536 1127 594 quum
1165 517 1563 576 Athenienses
1609 514 1876 575 dicerent
1922 508 2221 575 ἐπίνειον
2266 536 2301 575 a
2347 514 2507 588 ναῦς
2553 517 2781 577 deriva-

542 624 684 697 tum,
728 619 1037 696 probabile
1083 623 1206 695 est,
1267 637 1368 678 eos
1412 620 1591 685 ‚etiam
1638 637 1673 676 a
1718 608 1879 689 ναός
1925 644 2007 665 =
2055 608 2258 689 vafdg
2302 620 2568 697 (Brugm.
2615 620 2782 680 Stud.

542 722 643 798 lv,
694 719 829 782 154.
876 718 980 793 36)
1027 722 1333 781 derivasse
1380 710 1800 799 πρόνειου.
1895 721 1982 782 Of.
2017 705 2470 801 Ἀμφιάρηον,
2536 726 2601 782 ut
2647 722 2780 782 Am·
2887 705 2898 717 ⁰

541 825 770 902 phiarai
836 844 1072 885 sacrum
1147 825 1493 902 appellatur
1559 843 1595 883 a
1639 823 1829 884 Strab.
1877 820 1938 903 9,
1984 822 2106 880 404
2155 830 2213 884 et
2256 824 2453 885 Suida.
2547 815 2783 903 λήιον

543 950 579 988 a
622 928 877 987 dialecto
924 927 1104 987 attica
1150 927 1405 987 alienum
1454 945 1612 985 unus
1659 926 2006 986 Aristotcles
2068 929 2383 1003 usurpavit
2429 928 2484 987 h.
2529 946 2580 986 a.
2626 924 2682 1005 9,
2727 924 2782 987 6.

541 1032 869 1107 Ambigunt
910 1031 1024 1089 viri
1071 1029 1229 1089 docti
1276 1029 1349 1089 de
1397 1018 1622 1098 δάιος
1667 1033 1726 1088 et
1772 1017 2005 1109 δὴιος.
2099 1030 2318 1089 Poetae
2366 1028 2518 1108 epici
2566 1035 2626 1090 et
2669 1029 2780 1090 ele·

542 1135 694 1211 giaci
757 1150 994 1210 semper
1055 1133 1275 1192 habent
1321 1150 1361 1212 η
1430 1122 1641 1210 (δήιος
1700 1150 1795 1209 ap.
1839 1132 2010 1207 Tyrt.
2063 1130 2156 1207 11,
2211 1128 2300 1191 18.
2361 1128 2458 1191 30.
2531 1128 2626 1210 12,
2690 1128 2783 1192 12.

546 1237 743 1296 Mimn.
796 1235 893 1314 14,
942 1234 1037 1295 10.
1082 1236 1302 1296 Simon.
1347 1236 1407 1294 in
1455 1236 1643 1311 epigr.
1679 1232 1816 1312 136,
1863 1231 1916 1309 3,
1961 1235 2140 1295 Solon
2185 1238 2321 1294 tetr.
2353 1232 2451 1313 34,
2497 1231 2577 1314 2),
2622 1235 2782 1314 apud

544 1339 821 1425 tragicos
878 1343 1133 1415 utraque
1208 1338 1399 1397 forma
1472 1338 1787 1414 reperitur.
1904 1337 2019 1398 Sed
2096 1326 2281 1414 δήιος
2353 1338 2548 1415 ipsum
2624 1338 2782 1415 apud

545 1440 905 1516 Aeschylum
971 1441 1159 1500 solum
1222 1439 1505 1499 traditum
1565 1444 1656 1500 est
1701 1440 1810 1517 Ag.
1858 1436 1979 1496 559
2029 1435 2240 1519 δηίων
2285 1429 2456 1519 πρὸς
2503 1434 2782 1518 ninom

544 1548 604 1603 et
648 1544 792 1604 Cho,
849 1540 972 1599 628
1033 1529 1136 1600 ἐπ’
1200 1527 1389 1621 ἀνδρὶ
1452 1535 1664 1621 ὁηίὀις
1726 1531 2023 1621 ἐπικότῳ
2098 1534 2234 1614 (ἐπὶ
2294 1531 2477 1601 κότω
2552 1562 2641 1619 pr.
2689 1545 2783 1612 m.)

545 1639 762 1718 σέβας,
830 1647 925 1705 cui
971 1647 1167 1706 versui
1213 1646 1540 1723 respondet
1586 1641 1707 1701 636
1771 1641 2038 1723 βροτῶν
2112 1630 2465 1722 ἀτιμωθὲν
2539 1639 2784 1723 οἴχεται

545 1742 752 1825 γένος.
806 1746 1030 1821 (Locus
1062 1753 1382 1826 corruptus
1415 1752 1523 1826 est,
1568 1748 1821 1808 necdum
1869 1751 2128 1807 sanatus.
2217 1748 2372 1807 Nam
2403 1767 2597 1825 neque
2631 1750 2783 1808 Pau·

544 1852 638 1911 wii
709 1851 1075 1929 emendatio,
1149 1870 1326 1929 quam
1395 1851 1670 1928 plerique
1736 1837 2100 1927 receperunt
2163 1840 2420 1927 δῄοισιν
2487 1840 2784 1929 ἐπικόπῳ

546 1946 778 2026 σέβας,
842 1972 1035 2030 neque
1092 1954 1481 2014 Heimsocthii
1530 1943 1792 2029 δῄοισιν
1838 1942 2096 2032 ἐγκότφ
2157 1971 2354 2031 neque
2401 1955 2785 2031 Bambergeri

545 2046 725 2133 ὀῄοις
772 2048 1097 2136 ἐπικρὶτῳ
1146 2076 1340 2135 neque
1388 2057 1589 2116 Weilii
1635 2045 1895 2133 δῄοισιν
1943 2045 2202 2134 ἐυτόκῳ
2247 2076 2449 2116 veram
2501 2057 2783 2133 Aeschyli

544 2160 899 2237 scripturam
948 2161 1183 2219 videtur
1228 2164 1553 2220 consecuta
1599 2177 1748 2218 esse.
1836 2159 1952 2218 Sed
2015 2159 2130 2218 hoc
2194 2159 2340 2218 nihil
2402 2159 2475 2218 ad
2525 2146 2824 2219 nostram*

546 2260 1001 2339 quaestionem).
1091 2264 1316 2323 Ceteris
1361 2263 1507 2323 locis
1552 2262 1834 2321 traditum
1881 2267 1973 2321 est
2019 2251 2204 2331 δάιος
2235 2262 2430 2321 Prom.
2457 2258 2598 2322 352.
2645 2258 2784 2322 423.

546 2368 706 2443 Sept.
757 2360 895 2444 119,
948 2361 1082 2423 146.
1127 2361 1268 2423 222.
1314 2365 1479 2424 Pers.
1526 2361 1668 2422 257.
1715 2360 1856 2422 282.
1905 2360 2046 2424 271.
2091 2360 2215 2421 985
2277 2354 2475 2447 (ὃᾴαν
2506 2352 2785 2424 <Ελλάδα

541 2456 815 2546 χώραν).
905 2469 1049 2529 Cho.
1097 2464 1235 2528 429.
1282 2469 1450 2528 Eum.
1501 2464 1637 2526 160.
1682 2468 1891 2545 Suppl.
1941 2465 2118 2528 1065.
2206 2468 2400 2547 Apud.
2432 2468 2783 2545 Sophoclem

547 2574 606 2630 et
673 2559 1020 2648 Euripidem
1098 2571 1245 2631 haec
1320 2571 1510 2630 forma
1574 2572 1704 2631 sola
1777 2572 2092 2649 reperitur.
2181 2560 2617 2650 δαϊόφρων
2693 2589 2785 2647 ap.

548 2673 761 2733 Aesch.
821 2675 982 2751 Sept.
1035 2670 1159 2731 916
1235 2676 1572 2734 restitutum
1636 2678 1726 2733 est
1781 2693 1814 2733 a
1868 2674 2237 2734 Blomfieldio
2300 2693 2413 2752 pro
2459 2667 2780 2752 δαΐφρων.

546 2775 663 2837 Sed
711 2765 1168 2855 δηιάλωτος
1228 2780 1318 2836 est
1378 2777 1519 2835 Eur.
1573 2776 1758 2835 Andr.
1811 2773 1926 2833 105
1987 2775 2146 2850 (dist.
2195 2774 2398 2855 eleg.)‚
2443 2765 2785 2853 δῃάλωτος

546 2878 764 2938 Aesch.
808 2878 969 2955 Sept.
1018 2874 1096 2935 72
1142 2877 1361 2956 (trim.)‚
1406 2865 1665 2955 ἄδῃος
1711 2879 1887 2957 Soph.
1919 2876 2019 2938 Oc
2058 2875 2216 2936 1533
2265 2876 2482 2951 (trim.).
2572 2873 2782 2957 δηιο-

546 2970 691 3059 τής
738 2985 798 3040 et
843 2970 1094 3061 δηιόω
1140 2980 1298 3058 apud
1347 2983 1551 3059 epicos
1598 2981 1759 3040 solos
1806 2982 2122 3059 leguntur,
2186 2970 2396 3058 δῃόω
2443 3000 2562 3041 nou
2609 2982 2783 3041 modo

546 3084 851 3160 epicorum
936 3089 994 3143 et
1067 3084 1356 3144 Herodoti
1426 3084 1527 3143 sed
1592 3085 1765 3143 etiam
1828 3084 2154 3144 Atticorum
2218 3087 2339 3143 cst:
2428 3085 2607 3161 Soph.
2669 3082 2786 3145 Oc.

556 3183 731 3245 1319.
778 3187 918 3245 Eur.
965 3187 1201 3246 Heracl.
1248 3182 1388 3247 995.
1434 3187 1536 3246 Ar.
1583 3187 1725 3262 Lys.
1777 3183 1954 3256 1146.
1999 3187 2190 3246 Thuc.
2222 3188 2372 3246 Xen.
2418 3186 2490 3245 al.
2537 3180 2784 3267 δᾳοῦν

545 3307 661 3348 non
709 3293 801 3347 est
846 3290 955 3348 nisi
1002 3290 1057 3348 in
1107 3308 1364 3348 monum.
1410 3289 1590 3349 attico
1638 3290 1730 3349 CI.
1783 3291 1824 3367 1,
1869 3309 1923 3365 p.
1975 3285 2097 3346 310
2144 3278 2407 3370 δᾳώσας
2452 3278 2621 3347 ἑπτὰ
2662 3282 2785 3366 μὲν

546 3377 826 3470 ἄνδρας,
890 3395 950 3448 et
1005 3391 1162 3468 apud
1209 3392 1608 3466 Hesychium:
1698 3380 1845 3449 ὁάοι
1904 3381 2087 3449 νόσω
2134 3405 2146 3417 ·
2196 3384 2540 3472 ἐπικρατεῖ
2580 3381 2781 3469 νόσῳ.

547 3494 636 3552 De
712 3482 897 3562 δάιος
970 3496 1031 3551 et
1087 3481 1272 3571 ὁήιος
1326 3493 1710 3552 Hermannus
1777 3493 1850 3552 ad
1916 3495 2096 3571 Soph.
2152 3493 2242 3553 Ai.
2289 3491 2410 3550 784
2487 3473 2568 3566 (ὦ
2632 3485 2786 3552 δαΐα

554 3589 928 3674 Τέκμησσα,
994 3613 1176 3671 quum
1235 3594 1296 3654 in
1352 3595 1481 3655 cod.
1525 3596 1694 3655 Leid.
1740 3597 1975 3674 legatur
2023 3588 2199 3675 δηΐα)
2261 3596 2604 3675 adnotavit,
2670 3596 2785 3656 hoc

543 3697 880 3775 significatu
926 3699 1178 3757 miserae
1224 3697 1379 3757 hauc
1425 3716 1632 3758 vocem
1680 3700 1850 3758 ctiam
1898 3701 1955 3759 in
1990 3699 2193 3758 iambis
2225 3700 2500 3759 Doricam
2533 3698 2784 3758 formam

546 3802 801 3872 habere,
843 3802 945 3860 sed
994 3800 1093 3860 ubi
1141 3802 1365 3860 hostem
1432 3803 1614 3878 notet,
1677 3804 1971 3861 communi
2018 3801 2210 3860 forma
2256 3791 2436 3882 δήιος
2492 3801 2627 3860 dici.
2715 3803 2783 3861 In

546 3905 772 3965 melicis
814 3907 1011 3962 autem
1059 3904 1333 3962 Doricam
1395 3903 1646 3962 formam
1710 3905 1944 3979 utrique
2011 3904 2427 3980 significationi
2476 3904 2786 3964 inservire.

545 4006 661 4067 Sed
726 4005 1059 4065 Ellendtius
1122 4007 1179 4064 in
1247 4007 1359 4065 lex.
1422 4006 1601 4081 Soph.
1648 4024 1692 4064 s,
1739 4024 1821 4081 v.‚
1895 4025 2076 4082 quum
2146 4007 2322 4066 etiam
2399 4008 2456 4066 in
2522 4008 2786 4067 iambicis

547 4098 736 4178 δάιος
780 4108 1054 4168 hostilem
1103 4107 1444 4184 significans
1489 4108 1830 4167 inveniatur
1875 4107 2094 4184 (neque
2140 4109 2330 4168 solnm
2373 4109 2590 4169 Aesch.
2621 4111 2788 4170 Pers.

472 4235 487 4244 -
548 4209 688 4286 352,
733 4199 926 4268 δάιοι·
972 4205 1185 4289 τέρας,
1233 4229 1409 4288 quem
1462 4229 1641 4269 unum
1690 4211 1863 4270 affert
1909 4211 2122 4289 locum,
2167 4211 2272 4270 sed
2305 4211 2488 4270 multo
2522 4213 2786 4291 saepiuS,

546 4330 599 4370 v.
650 4312 916 4372 Dindorf.
960 4314 1071 4373 lex.
1118 4313 1332 4373 Aesch.
1376 4331 1421 4371 s.
1466 4310 1579 4391 v.)‚
1638 4315 1897 4382 „rectius
1943 4314 2156 4390 igitur,
2203 4314 2425 4391 inquit,
2486 4303 2679 4371 δάιοι·
2725 4318 2785 4374 et
