3166 4871
1100 249 1187 305 De
1223 250 1428 304 nomin.
1461 249 1522 304 in
1553 266 1719 314 -αιος,
1778 252 1812 315 s
1847 253 1930 305 32.
2108 299 2116 308 .
2545 255 2641 317 97‘

376 425 598 486 ahmein
636 426 856 501 fruoiu
897 426 1167 487 haitariu
1211 431 1349 504 oet,
1407 431 1513 488 aut
1569 442 1753 505 onya,
1818 418 2042 500 ebana',
2099 428 2321 503 sruoa,
2382 429 2631 489 haitara

375 534 490 589 oet.
578 530 793 606 Itaque
849 532 1080 589 tantum
1142 530 1311 590 abest
1369 534 1437 590 ut
1492 530 1587 590 his
1643 529 2031 591 substantivis
2087 530 2473 592 confirmetur
2514 533 2630 593 Lo·

370 631 571 693 beekii
619 633 936 711 sententia,
979 637 1046 692 ut
1089 631 1243 693 falsa
1286 650 1414 693 esse
1459 637 1768 709 arguatur.
1859 632 2217 710 Quanquam
2269 653 2383 693 non
2432 635 2629 694 omnia

370 735 474 794 illa
517 733 816 795 voeabula
870 754 906 795 a
961 734 1267 796 Lobeekio
1327 735 1512 795 allata
1567 734 1725 795 hane
1782 735 2008 795 habent
2064 737 2385 815 originem,
2445 755 2626 796 unum

370 839 562 915 enim,
601 838 823 911 platta,
887 856 1006 898 uon
1069 839 1473 916 germanicum
1521 843 1618 899 est
1660 837 1768 898 sed
1814 857 1889 899 ex
1934 837 2110 898 medii
2155 839 2289 899 aevi
2333 839 2627 899 latinitate

370 944 652 1019 tmetum,
695 940 899 1015 spitze
926 944 1125 1001 autem
1157 942 1363 1001 neseio
1397 923 1597 1000 utrum
1627 958 1702 1000 ex
1733 943 1940 1001 vetere
1976 937 2181 1015 spizzi
2223 960 2375 1019 apex
2411 943 2627 1020 jugum

371 1043 557 1121 sudis,
617 1061 694 1102 an
739 1060 816 1102 ex
858 1044 1077 1117 apina
1121 1042 1256 1102 fem.
1301 1043 1434 1103 deb.
1477 1031 1903 1120 pinnaeulum,
1946 1044 2180 1122 pinula,
2224 1062 2445 1122 mucro,
2490 1062 2627 1104 aeu-

372 1145 536 1223 leus,
595 1145 825 1221 vallus,
887 1145 1102 1223 pinna,
1160 1149 1358 1207 ortum
1418 1146 1513 1205 sit.
1600 1145 1801 1222 Atque
1857 1146 2078 1230 spina
2135 1146 2374 1223 quidem
2433 1151 2632 1224 potest

368 1265 520 1308 sane
565 1246 915 1308 femininum
962 1247 1158 1308 debile
1203 1265 1338 1309 esse
1380 1247 1667 1325 adjectivi
1704 1248 1884 1327 spizi,
1927 1246 2033 1309 sed
2064 1248 2179 1309 hae
2208 1250 2626 1310 terminatione

367 1350 675 1427 permulta
717 1349 1004 1412 feminina
1046 1351 1351 1411 abstracta
1394 1354 1680 1429 utuntur,
1736 1368 1994 1429 quarum
2053 1351 2293 1412 minima
2349 1371 2495 1431 pars
2551 1352 2626 1413 ab

370 1453 695 1530 adjectivis
753 1452 936 1514 dueta
993 1471 1127 1514 esse
1181 1457 1409 1532 potest,
1464 1454 1650 1514 multo
1705 1454 1887 1532 plura
1939 1472 1977 1513 a
2019 1454 2220 1515 verbis
2260 1455 2406 1533 ipsis
2447 1456 2629 1516 dueta

369 1561 539 1616 sunt:
600 1550 766 1615 lemna
818 1555 1150 1635 festinatio,
1206 1556 1426 1616 lcouma
1471 1574 1659 1634 eura,
1698 1557 1921 1617 lucella
1965 1555 2266 1636 foramen,
2318 1556 2449 1618 lma
2494 1576 2628 1635 vox,

368 1674 590 1718 morna
633 1660 946 1737 maestitia,
990 1656 1129 1719 biba
1169 1662 1414 1736 tremor,
1456 1659 1651 1719 scelta
1670 1659 1961 1737 Jurgium,
2003 1654 2179 1720 seina
2209 1659 2628 1738 manifestatio,

368 1762 526 1821 seha
569 1760 751 1840 visus,
793 1775 1034 1821 smerza
1079 1749 1270 1840 dol'or,
1311 1762 1512 1821 sunda
1541 1761 1782 1841 derisio,
1824 1766 2032 1822 stunta
2059 1763 2228 1840 hora,
2263 1762 2439 1836 fasta
2466 1762 2625 1841 jeju·
2722 1767 2733 1774 ’

369 1864 557 1943 nium,
599 1864 803 1938 freisa
845 1865 1197 1944 perieulum,
1240 1858 1390 1924 wisa
1433 1864 1664 1942 modus,
1707 1868 1767 1924 et
1810 1865 2113 1942 permulta
2156 1869 2442 1926 concreta
2470 1884 2625 1943 quae

370 1986 496 2028 non
543 1967 736 2046 magis
782 1968 855 2027 ab
902 1966 1218 2046 adJectivis
1264 1966 1538 2028 derivata
1581 1984 1712 2027 esse
1757 1971 2028 2045 possunt,
2072 1970 2139 2028 ut
2181 1982 2376 2028 amma
2405 1968 2626 2046 nutrix,

370 2070 550 2128 huna
606 2069 939 2147 tugurium,
1003 2071 1240 2130 huorra
1283 2069 1588 2148 adultera,
1628 2085 1881 2145 ⁴muoma
1912 2085 2076 2144 pasa
2120 2071 2328 2147 amita,
2381 2071 2628 2145 pluoma

371 2172 511 2249 flos,
568 2188 773 2247 quena
815 2191 998 2252 uxor,
1053 2173 1278 2247 spinna
1321 2190 1574 2252 aranea,
1616 2173 1827 2248 vliuqa
1870 2190 2078 2234 musea
2120 2173 2197 2233 al.
2241 2172 2482 2233 Grimm.
2525 2172 2624 2234 Gr.

363 2273 450 2353 -,1¹
495 2270 621 2332 626
653 2291 745 2353 sq.

552 2378 773 2458 Neque
816 2378 957 2457 plus
999 2379 1238 2457 valent,
1282 2395 1458 2495 quaet
1479 2377 1698 2440 ibidem
1744 2378 1921 2439 affert
1962 2376 2307 2440 Lobeekius
2351 2378 2627 2458 exempla

371 2500 448 2542 ex
494 2480 703 2558 lingua
767 2499 1018 2560 graeca,
1075 2468 1142 2596 ἡ<
1162 2497 1368 2560 moa,
1426 2469 1468 2560 ἡ
1514 2471 1750 2561 στενή,
1810 2468 1851 2561 ἡ
1896 2477 2221 2555 πλατεῖα,
2275 2468 2316 2561 ἡ
2362 2471 2529 2561 Zeia,
2585 2500 2626 2561 η

372 2571 665 2663 γαλήνη,
709 2570 751 2661 ἡ
800 2571 1066 2662 στερεά,
1109 2570 1151 2662 ἡ
1200 2572 1531 2664 τραφερά,
1583 2602 1626 2664 η
1656 2575 1917 2663 ἔρημος.
2007 2585 2058 2644 Ε
2087 2584 2307 2662 quibus
2335 2584 2625 2661 pleraque

367 2685 675 2763 adjectiva
718 2703 853 2746 esse
899 2704 1017 2746 non
1064 2704 1256 2764 nego,
1309 2685 1418 2749 sed
1461 2685 1611 2746 haee
1656 2691 1798 2746 sunt
1840 2690 2157 2766 concreta,
2214 2687 2445 2747 omissis
2489 2687 2624 2747 sub-

369 2787 653 2849 stantivis
715 2787 948 2848 usitatis
1004 2784 1086 2866 γῆ
1132 2776 1395 2866 (στενή,
1454 2777 1727 2867 στερεά,
1788 2776 2119 2868 τραφερά,
2179 2778 2420 2869 ἔρημος
2477 2789 2625 2851 Lob.

370 2910 429 2970 p.
462 2887 635 2968 350),
676 2884 820 2970 χείρ
864 2888 1174 2963 (πλατεῖα
1217 2890 1293 2950 ab
1323 2890 1729 2969 Aristophane
1772 2909 1843 2952 eo
1888 2892 2020 2951 loeo
2064 2909 2260 2968 eoque
2290 2890 2626 2952 sententiae

373 3010 538 3053 nexu
584 2997 938 3069 usurpatum
983 2995 1132 3054 Rau.
1170 2988 1351 3073 1096,
1395 2996 1462 3054 ut
1507 2994 1731 3054 nemini
1777 2992 2020 3054 dubium
2065 3011 2199 3055 esse
2229 2994 2434 3072 possit,
2477 2993 2625 3070 quin

366 3090 725 3166 πλατείαις
768 3086 1190 3174 τυπτόμενος
1234 3095 1312 3156 sit
1352 3090 1699 3166 πλατείαις
1739 3090 1995 3175 χερσίν,
2041 3094 2118 3155 ef.
2161 3096 2351 3156 schol.
2392 3095 2473 3156 ad
2511 3095 2625 3156 loe.

369 3201 431 3258 et
479 3201 781 3259 nostrum:
825 3199 955 3273 auf
986 3198 1148 3258 allen
1189 3197 1401 3258 vieren
1428 3197 1759 3257 kriechen:
1806 3197 1954 3257 nihil
1996 3196 2193 3258 differt
2221 3197 2372 3258 haee
2401 3197 2625 3258 locutio

365 3289 668 3376 Ἡδεξιά
728 3284 1075 3381 ἀριστερά,
1133 3303 1342 3361 nostro
1397 3300 1501 3361 die
1544 3299 1783 3373 rechte,
1837 3301 1936 3360 die
1979 3297 2198 3379 linlce),
2253 3283 2398 3379 ὥρα
2441 3289 2625 3377 (ἑῴα,

369 3403 447 3463 ef.
515 3391 816 3483 ἓωθίνη).
929 3403 1098 3478 Quae
1175 3406 1374 3463 autem
1463 3401 1770 3463 abstracta
1853 3420 1998 3463 vera
2069 3404 2211 3463 suut
2290 3405 2357 3465 ut
2430 3420 2625 3485 ακρα,

364 3493 658 3585 γαλήνη,
712 3498 979 3586 αἰθρία,
1029 3499 1279 3586 νηπίη,
1325 3488 1601 3585 ανδρεία
1656 3505 1763 3585 aL,
1821 3523 1893 3566 ea
1949 3504 2097 3565 nihil
2155 3522 2289 3566 esse
2349 3506 2462 3566 nisi
2520 3504 2622 3566 ad·

356 3608 727 3685 jectivorum
772 3624 1008 3687 ακρος,
1060 3596 1389 3688 γαληνός,
1450 3600 1751 3685 αἴθριος,
1819 3595 2096 3686 νήπιος,
2164 3591 2469 3685 ἀνδρεῖος
2537 3607 2622 3668 fe-

371 3709 599 3770 minina
640 3710 824 3789 plane
869 3729 1044 3789 nego.
1131 3711 1338 3771 Potuit
1379 3710 1624 3786 quidem
1655 3708 2000 3772 Lobeekius
2046 3711 2232 3771 multo
2275 3711 2457 3788 plura
2494 3710 2625 3771 eius

374 3812 536 3874 modi
565 3812 874 3875 abstracta
917 3816 1134 3875 afferre
1177 3812 1371 3874 forma
1415 3813 1565 3874 nihil
1609 3812 1980 3874 discedentia
2023 3832 2060 3873 a
2102 3811 2441 3874 nominibus
2484 3830 2623 3872 eon·

369 3916 552 3976 eretis
602 3916 666 3976 in
725 3931 836 3990 ος,
896 3917 1022 3977 sive
1086 3916 1545 3994 compositorum
1607 3914 1885 3976 membris
1947 3915 2416 3993 posterioribus,
2490 3915 2621 3975 sive

369 4017 797 4097 substantivis,
871 4019 998 4079 sive
1057 4017 1402 4093 adjectivis:
1474 4001 1716 4096 ἀμοιβή
1774 4000 2133 4097 (ἀμοιβάς),
2207 4005 2429 4097 φορβή
2486 4015 2624 4091 (συ-

369 4108 674 4200 φορβός),
718 4113 953 4201 avezan
991 4109 1334 4196 (στιλβός),
1379 4104 1606 4199 ἀγωγή
1652 4104 1979 4198 (ἀγωγός),
2023 4102 2248 4200 ἅρωνή
2290 4105 2624 4198 (ἀρωγός),

370 4210 595 4304 σφαγή
620 4211 1193 4303 (ταυρο-σφάγος),
1234 4211 1441 4303 τάγγη
1466 4211 1778 4301 (ταγγός),
1821 4207 1964 4302 ᾠδή
1996 4206 2268 4296 (ἀοιδός,
2313 4208 2625 4300 ἐπῳδός),
2711 4248 2726 4259 ·

2177 4338 2205 4387 7
