3166 4871
607 246 726 309 168
1634 242 1888 298 Zacher

603 426 806 482 vatum
846 423 920 481 ab
954 407 1227 480 ἅκασκα.
1306 421 1602 495 Hesych.:
1648 407 1961 481 Ἄκασκα·
2008 409 2289 503 ἡσύχως,
2328 418 2661 499 μαλακῶς,
2692 418 2862 499 βρα·

604 516 789 591 deme.
845 524 993 584 Lex.
1036 523 1171 602 Seg.
1218 521 1372 601 371,
1432 521 1497 583 1:
1569 510 1879 583 Ἄκασκα·
1941 509 2152 601 ἥσυχα
2215 518 2472 601 qaod-‘fa
2533 518 2858 602 (βραδέα).

607 622 941 703 Κρατῖνος
973 616 1260 702 Νόμοις·
1301 605 1368 685 {Q
1396 622 1769 704 πρεσβῦται
1799 616 1983 684 πάνυ
2026 620 2359 706 γηραλέοι,
2404 614 2860 705 σκήπτροισιν

605 712 865 787 ἄκασκα
908 724 1316 805 προβῶντες.

776 813 1102 899 ἅνταῑος
1155 829 1483 907 adversus,
1538 830 1766 907 Tragg.
1852 824 2262 900 διανταῖος
2314 848 2386 890 ex
2438 829 2694 890 adverso
2750 848 2857 906 pe-

607 934 849 991 netrans
911 931 1126 991 Aescb.
1183 932 1327 991 Eur.
1412 930 1501 992 cf.
1549 918 1835 992 c'v'cma‘et
1889 916 2119 992 ἀντᾶν.
2210 934 2422 993 Utrum
2480 931 2715 992 illorum
2776 933 2859 991 sit

605 1033 989 1111 primitivum,
1031 1052 1152 1094 nou
1197 1034 1405 1110 liquet.

778 1119 919 1212 ἇτρ
937 1133 1116 1213 εμαῖ
1128 1152 1209 1205 ος
1266 1137 1409 1196 Eur.
1454 1133 1581 1209 (Or.
1631 1134 1748 1193 147
1804 1121 2168 1215 α’τρεμαὶαν
2223 1125 2395 1212 βοάν
2448 1154 2655 1196 vocem
2713 1136 2856 1195 sub-

609 1239 877 1315 missam,
931 1239 1146 1307 lenem)
1193 1257 1312 1299 uon
1357 1258 1394 1298 a
1438 1238 1623 1298 verbo
1666 1233 1932 1317 τρέμειν
1976 1243 2043 1299 ut
2088 1226 2397 1319 ἀτρεμής,
2456 1239 2563 1299 sed
2619 1238 2693 1298 ab
2750 1238 2858 1297 ad·

609 1341 812 1399 verbio
847 1341 1065 1400 usitato
1098 1325 1349 1418 ἇτρέμα
1392 1341 1490 1399 vel
1533 1325 1816 1418 ἀτρέμας
1861 1341 2225 1402 descendere
2269 1342 2448 1401 doeet
2482 1340 2862 1417 significatio,

607 1460 763 1519 quae
811 1462 928 1503 uon
977 1448 1069 1503 cst
1110 1437 1535 1521 ,‚intrcpidus“,
1581 1443 1726 1511 „sed
1772 1444 1940 1522 lenis,
1982 1444 2362 1521 tranquillae,
2406 1444 2812 1503 summissus.“

779 1538 1085 1615 εἰκαῖος
1150 1545 1331 1622 Soph.
1391 1546 1517 1605 Pol.
1586 1552 1646 1605 et
1709 1548 1950 1623 saepius
2016 1546 2181 1624 apud
2248 1546 2629 1624 posteriores.
2734 1544 2859 1617 Qui

618 1640 781 1724 εἰκῆ,
827 1652 1047 1708 temere
1091 1647 1318 1724 aliquid
1362 1647 1529 1723 facit,
1590 1652 1651 1709 et
1694 1648 1991 1725 quidquid
2036 1642 2180 1727 εἰκῆ
2224 1648 2318 1725 fit,
2372 1666 2593 1723 vanus,
2642 1647 2864 1721 inanis,

610 1750 780 1808 etiam
843 1735 880 1807 ὁ
941 1738 1194 1826 τυχών,
1253 1749 1552 1810 fortuitae.
1649 1751 1805 1813 Hinc
1866 1750 2091 1828 posteri
2155 1751 2339 1810 multa
2400 1749 2861 1809 derivaverunt:

609 1839 1099 1923 εἰκαιόβουλος,
1185 1845 1674 1925 εἰκαιοβουλία,
1756 1842 2297 1923 εἰκαιοδάπανος,
2381 1844 2861 1939 εἰκαιολέσχης,

610 1942 1023 2031 εἰκαιολόγος
1066 1955 1144 2013 al.
1188 1972 1470 2032 compos„
1514 1943 1924 2034 εἰκαιοσύνη,
1970 1944 2313 2034 εἰκαιότης.

780 2048 1117 2131 ἐξαπινα
1135 2053 1168 2113 ἴ
1171 2073 1258 2126 ος
1301 2058 1590 2133 Hippocr.
1614 2058 1786 2116 Pros.
1807 2062 1932 2134 att„
1961 2057 2211 2134 subitus,
2241 2055 2403 2132 quod
2436 2047 2755 2133 ἐξαπίνης
2772 2053 2864 2114 fit.

778 2141 1012 2235 ἠκαῖο
1029 2171 1103 2216 ν·
1166 2145 1465 2228 ἀσθενές.
1511 2144 1780 2236 ἡκαῑος·
1829 2142 2228 2237 α’ριστερὶας,
2285 2147 2553 2235 ἰσχυρός
2596 2156 2864 2232 Hesych.

610 2261 696 2321 Cf.
754 2260 1018 2321 eiusdem
1081 2261 1159 2351 gl.
1228 2243 1523 2338 ἠκαλέον
1591 2250 1929 2338 γελόωσα·
1994 2250 2255 2336 πράως,
2319 2245 2447 2317 οὐκ
2513 2252 2861 2335 ἐσκυθρω-

609 2358 902 2440 πακυῖα,
946 2363 1022 2421 ab
1062 2354 1195 2440 ἦκα
1239 2381 1358 2440 quo
1405 2365 1647 2441 saepius
1695 2367 1947 2423 utuntur
1974 2364 2271 2425 Homerus
2301 2366 2363 2423 et
2394 2363 2577 2423 ceteri
2606 2362 2776 2440 epici.

777 2450 1169 2544 ηρεμαῑος
1229 2468 1410 2542 Hipp.
1470 2469 1638 2527 Pros.
1697 2473 1801 2527 att.
1859 2467 2247 2543 tranquillus,
2304 2466 2490 2544 mitis,
2544 2465 2727 2542 lenis,
2782 2465 2862 2524 ab

611 2550 841 2645 ἠρέμα,
886 2551 1148 2646 ἠρέμας,
1195 2587 1313 2644 quo
1360 2576 1421 2629 et
1463 2570 1594 2646 ipso
1640 2570 1824 2629 Attici
1871 2574 2122 2629 utuntur
2164 2568 2372 2629 eadem
2403 2566 2863 2644 significatione.

782 2655 1167 2730 εύόιαῑον.
1254 2671 1354 2732 Sic
1398 2672 1698 2734 vocabant
1743 2671 2011 2732 foramen
2052 2672 2241 2746 navis,
2285 2689 2394 2748 per
2432 2669 2592 2746 quod
2624 2670 2863 2729 sentina

613 2771 926 2832 defluebat.
1020 2773 1168 2832 Poll.
1222 2772 1271 2851 l,
1316 2770 1425 2834 92:
1479 2761 1520 2853 ἡ
1586 2758 1643 2832 δ’
1704 2759 2101 2853 ανοιγομένη
2175 2767 2377 2852 θυρὶς
2450 2765 2543 2842 εἷς
2610 2761 2863 2849 ἐκροήν

612 2870 734 2934 τοῦ
781 2860 1028 2945 ὕδατος
1073 2863 1363 2945 &dialog
1407 2874 1542 2949 (sic)
1572 2875 1892 2935 καλεῖται.
1984 2875 2283 2954 Hesych.:
2344 2860 2685 2934 Εὕοὶαιον.
2729 2871 2863 2949 (sic,

617 2980 794 3038 etiam
842 2979 1050 3038 ordine
1097 2978 1467 3055 alphabetico
1507 2978 1825 3058 firmatum,
1869 2983 1937 3038 ut
1962 2978 2263 3055 intelligas
2292 2982 2696 3054 pervetustum
2726 2995 2862 3036 esse

616 3078 1041 3159 corruptelam)
1098 3066 1315 3150 οὕτως
1377 3066 1897 3160 ἐὖφημιζόμενοι
1956 3075 2222 3158 λέγουσι
2266 3070 2392 3139 τὸν
2435 3068 2864 3156 καλούμενον

610 3179 1009 3263 χείμαρρον,
1069 3174 1148 3241 τὸ
1207 3181 1326 3262 τῆς
1383 3174 1555 3253 νεώς
1609 3180 1842 3262 τρῆμα.
1942 3184 2107 3243 Suid.
2166 3189 2225 3242 et
2288 3183 2486 3244 Phot.:
2532 3166 2858 3250 εὐδιαῖος·

610 3275 1041 3366 χειμάρρους,
1101 3280 1214 3345 καὶ
1275 3283 1492 3364 τρῆμα
1548 3283 1666 3364 τῆς
1720 3276 1921 3358 νεώς,
1978 3269 2062 3344 δι’
2120 3267 2204 3345 οὗ
2261 3272 2301 3364 ἡ
2364 3269 2604 3344 ἀντλία
2662 3277 2857 3360 ἐκρεῖ.

617 3389 1085 3463 „Roponendum
1129 3383 1443 3467 χείμαρος
1486 3408 1561 3449 cx
1602 3388 1848 3449 Hesiodi
1879 3387 2034 3466 Opp.
2064 3385 2227 3445 62:1⁴⁴
2277 3386 2459 3449 Gaisf.
2549 3387 2682 3462 Quo
2727 3387 2860 3447 loco

615 3489 917 3549 Hesiodus
964 3491 1141 3567 jubet
1198 3510 1269 3551 eo
1315 3498 1585 3570 tempore
1631 3510 1752 3568 quo
1798 3491 2074 3550 Pleiades
2116 3491 2175 3550 iu
2226 3509 2385 3549 mare
2432 3490 2679 3567 cadant,
2723 3505 2861 3567 pro-

616 3591 801 3651 cellas
846 3592 1038 3662 vitari,
1085 3611 1269 3653 naves
1312 3596 1371 3653 in
1417 3593 1651 3654 aridum
1691 3592 1948 3653 subduci
1973 3592 2391 3669 lapidibusque
2437 3592 2660 3652 fulciri:
2706 3575 2863 3670 ὄφρ’

617 3678 841 3772 ἴσχο)σ’
887 3712 969 3752 αι
974 3688 1154 3771 ἐμων
1196 3689 1395 3773 μένος
1441 3683 1648 3775 ὑγρὸν
1694 3680 1976 3767 αέιτων,
2016 3689 2334 3773 χείμαρον
2376 3683 2707 3773 ἐξερύσας,
2751 3685 2862 3752 ἵνα

613 3787 701 3876 μὴ
745 3785 935 3873 πύ9η
981 3786 1136 3867 Διὸς
1181 3783 1444 3877 ὄμβρος.
1535 3799 1605 3857 In
1654 3816 1787 3857 eum
1831 3798 2025 3856 locum
2072 3796 2349 3856 Proclus:
2405 3790 2716 3876 χείμαρος
2760 3789 2862 3854 λε’-

622 3916 807 3978 γεται
852 3885 890 3958 ὁ
935 3886 1074 3958 ὑπὸ
1120 3889 1245 3978 τὴν
1283 3890 1536 3978 τρόπιν
1578 3890 1951 3977 πάσσαλος,
2004 3880 2086 3957 οὗ
2131 3891 2642 3978 ἐξαιρουμένου,
2697 3883 2866 3957 όταν

619 3987 776 4078 ὅση,
834 3992 914 4060 τὸ
974 3986 1158 4079 ὕδωρ
1218 4007 1573 4081 προχωρεῖ.
1660 3999 1961 4060 καλεῖται
2007 3996 2079 4061 δὲ
2125 3995 2233 4060 καὶ
2282 3984 2591 4069 εὐδιαῖος.
2678 4001 2865 4061 Vides

619 4105 827 4166 eodem
888 4105 1126 4164 nomine
1182 4109 1244 4166 et
1300 4105 1566 4165 foramen
1629 4108 1689 4163 et
1744 4105 1873 4163 eius
1917 4106 2393 4164 obturamentum
2440 4104 2664 4164 vocari.
2750 4105 2868 4164 Ve-

615 4208 926 4268 tustiorem
971 4225 1104 4268 esse
1133 4206 1442 4268 foraminis
1483 4205 1977 4283 significationem
2009 4211 2171 4284 puto,
2215 4210 2276 4265 et
2302 4211 2551 4284 propter
2586 4203 2869 4267 vocabuli
