<?xml version="1.0" encoding="UTF-8"?>
<!DOCTYPE html PUBLIC "-//W3C//DTD XHTML 1.0 Transitional//EN"
    "http://www.w3.org/TR/xhtml1/DTD/xhtml1-transitional.dtd">
<html xmlns="http://www.w3.org/1999/xhtml" xml:lang="en" lang="en">
 <head>
  <title>
</title>
<meta http-equiv="Content-Type" content="text/html;charset=utf-8" />
  <meta name='ocr-system' content='tesseract 3.04.00' />
  <meta name='ocr-capabilities' content='ocr_page ocr_carea ocr_par ocr_line ocrx_word'/>
</head>
<body>
  <div class='ocr_page' id='page_1' title='image "./dissertationesp00hallgoog_0570.png"; bbox 0 0 3166 4871; ppageno 0'>
   <div class='ocr_carea' id='block_1_1' title="bbox 555 279 801 351">
    <p class='ocr_par' dir='ltr' id='par_1_1' title="bbox 555 279 801 351">
     <span class='ocr_line' id='line_1_1' title="bbox 555 279 801 351; baseline 0.008 -11"><span class='ocrx_word' id='word_1_1' title='bbox 555 279 678 342; x_wconf 79' lang='lat'><strong>212</strong></span> <span class='ocrx_word' id='word_1_2' title='bbox 789 339 801 351; x_wconf 82' lang='lat'><em>,</em></span> 
     </span>
    </p>
   </div>
   <div class='ocr_carea' id='block_1_2' title="bbox 547 453 2798 1451">
    <p class='ocr_par' dir='ltr' id='par_1_2' title="bbox 547 453 2798 1451">
     <span class='ocr_line' id='line_1_2' title="bbox 558 453 2797 531; baseline 0 -17"><span class='ocrx_word' id='word_1_3' title='bbox 558 453 766 516; x_wconf 82' lang='lat' dir='ltr'><strong>fabula</strong></span> <span class='ocrx_word' id='word_1_4' title='bbox 831 455 1166 515; x_wconf 79' lang='lat' dir='ltr'><strong>afferuntur</strong></span> <span class='ocrx_word' id='word_1_5' title='bbox 1243 453 1426 513; x_wconf 90' lang='lat' dir='ltr'><strong>verba</strong></span> <span class='ocrx_word' id='word_1_6' title='bbox 1479 458 1717 514; x_wconf 81' lang='lat' dir='ltr'><strong>exstant</strong></span> <span class='ocrx_word' id='word_1_7' title='bbox 1789 453 1949 530; x_wconf 78' lang='lat' dir='ltr'><strong>apud</strong></span> <span class='ocrx_word' id='word_1_8' title='bbox 2001 454 2217 513; x_wconf 82' lang='lat' dir='ltr'><strong>Athen.</strong></span> <span class='ocrx_word' id='word_1_9' title='bbox 2269 454 2431 530; x_wconf 88' lang='lat' dir='ltr'><strong>XIV,</strong></span> <span class='ocrx_word' id='word_1_10' title='bbox 2503 473 2562 531; x_wconf 88' lang='lat' dir='ltr'><strong>p.</strong></span> <span class='ocrx_word' id='word_1_11' title='bbox 2623 457 2797 514; x_wconf 81' lang='lat'>6140:</span> 
     </span>
     <span class='ocr_line' id='line_1_3' title="bbox 551 540 2797 637; baseline -0.001 -20.958"><span class='ocrx_word' id='word_1_12' title='bbox 551 542 1083 637; x_wconf 60' lang='grc' dir='ltr'><em>»Αναξανδρίόης</em></span> <span class='ocrx_word' id='word_1_13' title='bbox 1127 540 1216 615; x_wconf 63' lang='grc' dir='ltr'><strong>δ”</strong></span> <span class='ocrx_word' id='word_1_14' title='bbox 1188 573 1262 615; x_wconf 85' lang='grc' dir='ltr'><strong>εν</strong></span> <span class='ocrx_word' id='word_1_15' title='bbox 1303 549 1811 637; x_wconf 77' lang='grc' dir='ltr'><strong><em>Γεροντομανίᾳ</em></strong></span> <span class='ocrx_word' id='word_1_16' title='bbox 1854 549 1965 614; x_wconf 86' lang='grc' dir='ltr'><strong>καὶ</strong></span> <span class='ocrx_word' id='word_1_17' title='bbox 2013 542 2284 633; x_wconf 79' lang='grc' dir='ltr'><em>ευρετάς</em></span> <span class='ocrx_word' id='word_1_18' title='bbox 2324 552 2468 614; x_wconf 83' lang='grc' dir='ltr'><em>τῶν</em></span> <span class='ocrx_word' id='word_1_19' title='bbox 2510 550 2797 634; x_wconf 84' lang='grc' dir='ltr'><em>γελοίων</em></span> 
     </span>
     <span class='ocr_line' id='line_1_4' title="bbox 552 640 2796 739; baseline -0 -21"><span class='ocrx_word' id='word_1_20' title='bbox 552 653 712 739; x_wconf 84' lang='grc' dir='ltr'>φησὶ</span> <span class='ocrx_word' id='word_1_21' title='bbox 774 651 1087 738; x_wconf 78' lang='grc' dir='ltr'><em>γενέσθαι</em></span> <span class='ocrx_word' id='word_1_22' title='bbox 1121 640 1594 735; x_wconf 76' lang='grc' dir='ltr'><em>Ραὸάμανθυν</em></span> <span class='ocrx_word' id='word_1_23' title='bbox 1655 652 1765 716; x_wconf 84' lang='grc' dir='ltr'><strong>καὶ</strong></span> <span class='ocrx_word' id='word_1_24' title='bbox 1814 647 2230 737; x_wconf 79' lang='grc' dir='ltr'><em>Παλαμήδην</em></span> <span class='ocrx_word' id='word_1_25' title='bbox 2275 651 2490 735; x_wconf 77' lang='grc' dir='ltr'><em>λέγων</em></span> <span class='ocrx_word' id='word_1_26' title='bbox 2535 644 2796 728; x_wconf 76' lang='grc' dir='ltr'><em>οὕτως.-</em></span> 
     </span>
     <span class='ocr_line' id='line_1_5' title="bbox 549 744 2797 840; baseline 0 -21"><span class='ocrx_word' id='word_1_27' title='bbox 549 755 706 833; x_wconf 70' lang='grc' dir='ltr'><strong>υκαί</strong></span> <span class='ocrx_word' id='word_1_28' title='bbox 774 778 881 821; x_wconf 92' lang='grc' dir='ltr'><em>τοι</em></span> <span class='ocrx_word' id='word_1_29' title='bbox 954 750 1209 838; x_wconf 81' lang='grc' dir='ltr'><em>πολύγε</em></span> <span class='ocrx_word' id='word_1_30' title='bbox 1294 757 1642 837; x_wconf 75' lang='grc' dir='ltr'><em>πονοῦμεν</em></span> <span class='ocrx_word' id='word_1_31' title='bbox 1718 749 1844 818; x_wconf 81' lang='grc' dir='ltr'><em>τὸν</em></span> <span class='ocrx_word' id='word_1_32' title='bbox 1910 744 2293 839; x_wconf 78' lang='grc' dir='ltr'><em>ἀσύμβολον</em></span> <span class='ocrx_word' id='word_1_33' title='bbox 2358 754 2508 840; x_wconf 72' lang='grc' dir='ltr'><em>εὗρε</em></span> <span class='ocrx_word' id='word_1_34' title='bbox 2574 759 2797 838; x_wconf 75' lang='grc' dir='ltr'><em>γελοῖα</em></span> 
     </span>
     <span class='ocr_line' id='line_1_6' title="bbox 552 851 2798 942; baseline 0.001 -21"><span class='ocrx_word' id='word_1_35' title='bbox 552 854 767 941; x_wconf 80' lang='grc' dir='ltr'><em>λέγειν</em></span> <span class='ocrx_word' id='word_1_36' title='bbox 799 851 1257 941; x_wconf 79' lang='grc' dir='ltr'><em>Ῥαδάμανθυς</em></span> <span class='ocrx_word' id='word_1_37' title='bbox 1301 857 1415 922; x_wconf 88' lang='grc' dir='ltr'><strong>καὶ</strong></span> <span class='ocrx_word' id='word_1_38' title='bbox 1461 851 1915 942; x_wconf 56' lang='grc' dir='ltr'><em>Παλαμηδηςέ(</em></span> <span class='ocrx_word' id='word_1_39' title='bbox 2015 863 2106 923; x_wconf 82' lang='lat' dir='ltr'><strong>Ex</strong></span> <span class='ocrx_word' id='word_1_40' title='bbox 2165 864 2355 924; x_wconf 78' lang='lat' dir='ltr'><strong>alters</strong></span> <span class='ocrx_word' id='word_1_41' title='bbox 2397 862 2609 923; x_wconf 83' lang='lat' dir='ltr'><strong>fabula</strong></span> <span class='ocrx_word' id='word_1_42' title='bbox 2654 863 2798 923; x_wconf 82' lang='lat' dir='ltr'><strong>nihil</strong></span> 
     </span>
     <span class='ocr_line' id='line_1_7' title="bbox 552 965 2795 1043; baseline 0 -18"><span class='ocrx_word' id='word_1_43' title='bbox 552 971 761 1026; x_wconf 85' lang='lat' dir='ltr'><strong>exstat.</strong></span> <span class='ocrx_word' id='word_1_44' title='bbox 851 967 1225 1043; x_wconf 73' lang='lat' dir='ltr'><strong>Quamquam</strong></span> <span class='ocrx_word' id='word_1_45' title='bbox 1273 966 1456 1043; x_wconf 83' lang='lat' dir='ltr'><strong>ratio,</strong></span> <span class='ocrx_word' id='word_1_46' title='bbox 1499 984 1620 1041; x_wconf 88' lang='lat' dir='ltr'><strong>qua</strong></span> <span class='ocrx_word' id='word_1_47' title='bbox 1666 965 1936 1025; x_wconf 79' lang='lat' dir='ltr'><strong>Philemo</strong></span> <span class='ocrx_word' id='word_1_48' title='bbox 1982 966 2041 1025; x_wconf 91' lang='lat' dir='ltr'><strong>in</strong></span> <span class='ocrx_word' id='word_1_49' title='bbox 2090 966 2550 1042; x_wconf 77' lang='lat' dir='ltr'><strong>pronuntiandis</strong></span> <span class='ocrx_word' id='word_1_50' title='bbox 2595 967 2795 1026; x_wconf 84' lang='lat' dir='ltr'><strong>verbis</strong></span> 
     </span>
     <span class='ocr_line' id='line_1_8' title="bbox 547 1052 2796 1147; baseline 0 -20"><span class='ocrx_word' id='word_1_51' title='bbox 547 1055 1034 1145; x_wconf 53' lang='grc' dir='ltr'><em>,Ῥαδάμανθυς</em></span> <span class='ocrx_word' id='word_1_52' title='bbox 1092 1061 1205 1125; x_wconf 80' lang='grc' dir='ltr'><strong>καὶ</strong></span> <span class='ocrx_word' id='word_1_53' title='bbox 1262 1056 1696 1147; x_wconf 78' lang='grc' dir='ltr'><em>Παλαμήδης“</em></span> <span class='ocrx_word' id='word_1_54' title='bbox 1757 1073 1816 1127; x_wconf 88' lang='lat' dir='ltr'><strong>et</strong></span> <span class='ocrx_word' id='word_1_55' title='bbox 1870 1052 2067 1144; x_wconf 74' lang='grc' dir='ltr'><strong><em>,,ἐγώ“</em></strong></span> <span class='ocrx_word' id='word_1_56' title='bbox 2115 1086 2257 1128; x_wconf 88' lang='lat' dir='ltr'><strong>usus</strong></span> <span class='ocrx_word' id='word_1_57' title='bbox 2311 1069 2418 1139; x_wconf 85' lang='lat' dir='ltr'><strong>sit,</strong></span> <span class='ocrx_word' id='word_1_58' title='bbox 2477 1085 2677 1145; x_wconf 89' lang='lat' dir='ltr'><strong>neque</strong></span> <span class='ocrx_word' id='word_1_59' title='bbox 2720 1086 2796 1128; x_wconf 85' lang='lat' dir='ltr'><strong>ex</strong></span> 
     </span>
     <span class='ocr_line' id='line_1_9' title="bbox 550 1168 2791 1250; baseline -0.001 -20"><span class='ocrx_word' id='word_1_60' title='bbox 550 1171 887 1231; x_wconf 87' lang='lat' dir='ltr'><strong>Aristotelis</strong></span> <span class='ocrx_word' id='word_1_61' title='bbox 933 1171 1129 1230; x_wconf 89' lang='lat' dir='ltr'><strong>verbis</strong></span> <span class='ocrx_word' id='word_1_62' title='bbox 1174 1189 1370 1246; x_wconf 88' lang='lat' dir='ltr'><strong>neque</strong></span> <span class='ocrx_word' id='word_1_63' title='bbox 1416 1187 1489 1229; x_wconf 87' lang='lat' dir='ltr'><strong>ex</strong></span> <span class='ocrx_word' id='word_1_64' title='bbox 1538 1168 1834 1228; x_wconf 79' lang='lat' dir='ltr'><strong>Athenaei</strong></span> <span class='ocrx_word' id='word_1_65' title='bbox 1879 1169 2010 1229; x_wconf 90' lang='lat' dir='ltr'><strong>loco</strong></span> <span class='ocrx_word' id='word_1_66' title='bbox 2056 1171 2202 1230; x_wconf 87' lang='lat' dir='ltr'><strong>satis</strong></span> <span class='ocrx_word' id='word_1_67' title='bbox 2260 1177 2541 1250; x_wconf 85' lang='lat' dir='ltr'><strong>apparet,</strong></span> <span class='ocrx_word' id='word_1_68' title='bbox 2595 1174 2791 1231; x_wconf 88' lang='lat' dir='ltr'><strong>tamen</strong></span> 
     </span>
     <span class='ocr_line' id='line_1_10' title="bbox 550 1253 2793 1349; baseline -0.001 -17"><span class='ocrx_word' id='word_1_69' title='bbox 550 1277 612 1332; x_wconf 89' lang='lat' dir='ltr'><strong>et</strong></span> <span class='ocrx_word' id='word_1_70' title='bbox 656 1274 840 1333; x_wconf 84' lang='lat' dir='ltr'><strong>verba</strong></span> <span class='ocrx_word' id='word_1_71' title='bbox 895 1260 1370 1349; x_wconf 60' lang='grc' dir='ltr'><em>,μεταβάλλειν</em></span> <span class='ocrx_word' id='word_1_72' title='bbox 1429 1260 1511 1328; x_wconf 82' lang='grc' dir='ltr'><em>τὸ</em></span> <span class='ocrx_word' id='word_1_73' title='bbox 1568 1254 1734 1329; x_wconf 77' lang='grc' dir='ltr'><em>αὐτὸ</em></span> <span class='ocrx_word' id='word_1_74' title='bbox 1789 1265 2109 1349; x_wconf 80' lang='grc' dir='ltr'><em>λέγοντας</em></span> <span class='ocrx_word' id='word_1_75' title='bbox 2126 1264 2158 1297; x_wconf 88' lang='lat'>“</span> <span class='ocrx_word' id='word_1_76' title='bbox 2214 1278 2275 1332; x_wconf 88' lang='lat' dir='ltr'><strong>et</strong></span> <span class='ocrx_word' id='word_1_77' title='bbox 2333 1290 2449 1333; x_wconf 80' lang='lat' dir='ltr'><strong>vox</strong></span> <span class='ocrx_word' id='word_1_78' title='bbox 2503 1253 2793 1349; x_wconf 66' lang='grc' dir='ltr'><em>,,οιῖτος“</em></span> 
     </span>
     <span class='ocr_line' id='line_1_11' title="bbox 551 1373 2796 1451; baseline -0 -16"><span class='ocrx_word' id='word_1_79' title='bbox 551 1383 643 1435; x_wconf 89' lang='lat' dir='ltr'><strong>ter</strong></span> <span class='ocrx_word' id='word_1_80' title='bbox 672 1375 928 1450; x_wconf 84' lang='lat' dir='ltr'><strong>repetita</strong></span> <span class='ocrx_word' id='word_1_81' title='bbox 956 1373 1224 1434; x_wconf 74' lang='lat' dir='ltr'><strong>indicare</strong></span> <span class='ocrx_word' id='word_1_82' title='bbox 1256 1373 1556 1451; x_wconf 83' lang='lat' dir='ltr'><strong>videntur,</strong></span> <span class='ocrx_word' id='word_1_83' title='bbox 1600 1392 1756 1450; x_wconf 86' lang='lat' dir='ltr'><strong>quae</strong></span> <span class='ocrx_word' id='word_1_84' title='bbox 1786 1373 2068 1435; x_wconf 82' lang='lat' dir='ltr'><strong>Meinekii</strong></span> <span class='ocrx_word' id='word_1_85' title='bbox 2107 1392 2347 1451; x_wconf 87' lang='lat' dir='ltr'><strong>quoque</strong></span> <span class='ocrx_word' id='word_1_86' title='bbox 2377 1378 2471 1434; x_wconf 87' lang='lat' dir='ltr'><strong>est</strong></span> <span class='ocrx_word' id='word_1_87' title='bbox 2499 1374 2796 1434; x_wconf 84' lang='lat' dir='ltr'><strong>sententia</strong></span> 
     </span>
    </p>
   </div>
   <div class='ocr_carea' id='block_1_3' title="bbox 433 1473 2794 1555">
    <p class='ocr_par' dir='ltr' id='par_1_3' title="bbox 433 1473 2794 1555">
     <span class='ocr_line' id='line_1_12' title="bbox 433 1473 2794 1555; baseline 0.001 -21"><span class='ocrx_word' id='word_1_88' title='bbox 433 1503 444 1508; x_wconf 56' lang='grc'>’</span> <span class='ocrx_word' id='word_1_89' title='bbox 550 1476 611 1548; x_wconf 90' lang='lat'><strong>(1.</strong></span> <span class='ocrx_word' id='word_1_90' title='bbox 641 1479 676 1536; x_wconf 82' lang='grc' dir='ltr'><strong>Ι.</strong></span> <span class='ocrx_word' id='word_1_91' title='bbox 708 1478 814 1555; x_wconf 87' lang='lat'>111,</span> <span class='ocrx_word' id='word_1_92' title='bbox 848 1473 1030 1553; x_wconf 83' lang='lat'><strong>166),</strong></span> <span class='ocrx_word' id='word_1_93' title='bbox 1089 1475 1278 1537; x_wconf 87' lang='lat' dir='ltr'><strong>verba</strong></span> <span class='ocrx_word' id='word_1_94' title='bbox 1321 1476 1422 1535; x_wconf 87' lang='lat' dir='ltr'><strong>illa</strong></span> <span class='ocrx_word' id='word_1_95' title='bbox 1465 1477 1525 1535; x_wconf 90' lang='lat' dir='ltr'><strong>in</strong></span> <span class='ocrx_word' id='word_1_96' title='bbox 1571 1477 1849 1552; x_wconf 86' lang='lat' dir='ltr'><strong>pluribus</strong></span> <span class='ocrx_word' id='word_1_97' title='bbox 1894 1477 2178 1554; x_wconf 76' lang='lat' dir='ltr'><strong>deinceps</strong></span> <span class='ocrx_word' id='word_1_98' title='bbox 2223 1477 2494 1537; x_wconf 84' lang='lat' dir='ltr'><strong>versibus</strong></span> <span class='ocrx_word' id='word_1_99' title='bbox 2537 1478 2794 1553; x_wconf 84' lang='lat' dir='ltr'><strong>repetita</strong></span> 
     </span>
    </p>
   </div>
   <div class='ocr_carea' id='block_1_4' title="bbox 541 1579 2801 4317">
    <p class='ocr_par' dir='ltr' id='par_1_4' title="bbox 547 1579 2793 2069">
     <span class='ocr_line' id='line_1_13' title="bbox 550 1579 2793 1655; baseline 0 -15"><span class='ocrx_word' id='word_1_100' title='bbox 550 1584 611 1641; x_wconf 87' lang='lat' dir='ltr'><strong>et</strong></span> <span class='ocrx_word' id='word_1_101' title='bbox 671 1579 790 1639; x_wconf 89' lang='lat' dir='ltr'><strong>alio</strong></span> <span class='ocrx_word' id='word_1_102' title='bbox 857 1583 1040 1655; x_wconf 86' lang='lat' dir='ltr'><strong>atque</strong></span> <span class='ocrx_word' id='word_1_103' title='bbox 1106 1579 1223 1637; x_wconf 84' lang='lat' dir='ltr'><strong>alio</strong></span> <span class='ocrx_word' id='word_1_104' title='bbox 1297 1581 1456 1638; x_wconf 84' lang='lat' dir='ltr'><strong>vocis</strong></span> <span class='ocrx_word' id='word_1_105' title='bbox 1520 1579 1679 1638; x_wconf 84' lang='lat' dir='ltr'><strong>flexu</strong></span> <span class='ocrx_word' id='word_1_106' title='bbox 1746 1587 1805 1639; x_wconf 88' lang='lat' dir='ltr'><strong>et</strong></span> <span class='ocrx_word' id='word_1_107' title='bbox 1861 1598 2008 1642; x_wconf 89' lang='lat' dir='ltr'><strong>sono</strong></span> <span class='ocrx_word' id='word_1_108' title='bbox 2065 1600 2101 1640; x_wconf 89' lang='lat' dir='ltr'><strong>a</strong></span> <span class='ocrx_word' id='word_1_109' title='bbox 2145 1580 2490 1641; x_wconf 86' lang='lat' dir='ltr'><strong>Philemone</strong></span> <span class='ocrx_word' id='word_1_110' title='bbox 2541 1580 2793 1640; x_wconf 85' lang='lat' dir='ltr'><strong>recitata</strong></span> 
     </span>
     <span class='ocr_line' id='line_1_14' title="bbox 550 1680 2793 1759; baseline -0 -17"><span class='ocrx_word' id='word_1_111' title='bbox 550 1682 752 1757; x_wconf 81' lang='lat' dir='ltr'><strong>fuisse,</strong></span> <span class='ocrx_word' id='word_1_112' title='bbox 796 1680 855 1741; x_wconf 88' lang='lat' dir='ltr'><strong>id</strong></span> <span class='ocrx_word' id='word_1_113' title='bbox 901 1680 1063 1757; x_wconf 89' lang='lat' dir='ltr'><strong>quod</strong></span> <span class='ocrx_word' id='word_1_114' title='bbox 1108 1680 1360 1741; x_wconf 81' lang='lat' dir='ltr'><strong>fortasse</strong></span> <span class='ocrx_word' id='word_1_115' title='bbox 1407 1680 1582 1741; x_wconf 83' lang='lat' dir='ltr'><strong>etiam</strong></span> <span class='ocrx_word' id='word_1_116' title='bbox 1616 1682 1802 1741; x_wconf 85' lang='lat' dir='ltr'><strong>verba</strong></span> <span class='ocrx_word' id='word_1_117' title='bbox 1847 1699 2005 1758; x_wconf 87' lang='lat' dir='ltr'><strong>quae</strong></span> <span class='ocrx_word' id='word_1_118' title='bbox 2041 1686 2380 1759; x_wconf 87' lang='lat' dir='ltr'><strong>sequuntur</strong></span> <span class='ocrx_word' id='word_1_119' title='bbox 2410 1681 2793 1742; x_wconf 86' lang='lat' dir='ltr'><strong>confirmant:</strong></span> 
     </span>
     <span class='ocr_line' id='line_1_15' title="bbox 547 1769 2791 1863; baseline -0 -21"><span class='ocrx_word' id='word_1_120' title='bbox 547 1776 701 1862; x_wconf 52' lang='lat' dir='ltr'><strong>„sav</strong></span> <span class='ocrx_word' id='word_1_121' title='bbox 755 1771 881 1860; x_wconf 81' lang='grc' dir='ltr'><strong>γάρ</strong></span> <span class='ocrx_word' id='word_1_122' title='bbox 942 1800 1044 1854; x_wconf 82' lang='grc' dir='ltr'><em>τις</em></span> <span class='ocrx_word' id='word_1_123' title='bbox 1096 1772 1182 1841; x_wconf 81' lang='grc' dir='ltr'><em>τὰ</em></span> <span class='ocrx_word' id='word_1_124' title='bbox 1239 1779 1519 1842; x_wconf 87' lang='grc' dir='ltr'><em>τοιαῦτα</em></span> <span class='ocrx_word' id='word_1_125' title='bbox 1578 1772 1669 1862; x_wconf 81' lang='grc' dir='ltr'><strong>μὴ</strong></span> <span class='ocrx_word' id='word_1_126' title='bbox 1712 1769 2188 1862; x_wconf 78' lang='grc' dir='ltr'><em>ὑποκρίνηται,</em></span> <span class='ocrx_word' id='word_1_127' title='bbox 2240 1778 2536 1863; x_wconf 80' lang='grc' dir='ltr'><em>γίγνεται</em></span> <span class='ocrx_word' id='word_1_128' title='bbox 2580 1771 2618 1843; x_wconf 80' lang='grc' dir='ltr'><strong>ὁ</strong></span> <span class='ocrx_word' id='word_1_129' title='bbox 2662 1773 2791 1861; x_wconf 82' lang='grc' dir='ltr'><em>τὴν</em></span> 
     </span>
     <span class='ocr_line' id='line_1_16' title="bbox 550 1870 2791 1966; baseline -0.001 -21"><span class='ocrx_word' id='word_1_130' title='bbox 550 1870 759 1945; x_wconf 81' lang='grc' dir='ltr'><em>δοκὸν</em></span> <span class='ocrx_word' id='word_1_131' title='bbox 810 1879 1073 1964; x_wconf 80' lang='grc' dir='ltr'><em>φέρων“</em></span> <span class='ocrx_word' id='word_1_132' title='bbox 1135 1884 1238 1959; x_wconf 83' lang='lat' dir='ltr'><strong>(cf.</strong></span> <span class='ocrx_word' id='word_1_133' title='bbox 1283 1886 1455 1945; x_wconf 89' lang='lat' dir='ltr'><strong>Phot.</strong></span> <span class='ocrx_word' id='word_1_134' title='bbox 1501 1886 1619 1945; x_wconf 83' lang='lat' dir='ltr'><strong>lex.</strong></span> <span class='ocrx_word' id='word_1_135' title='bbox 1665 1903 1709 1945; x_wconf 86' lang='lat' dir='ltr'><strong>s.</strong></span> <span class='ocrx_word' id='word_1_136' title='bbox 1755 1905 1807 1944; x_wconf 84' lang='lat' dir='ltr'><strong>v.</strong></span> <span class='ocrx_word' id='word_1_137' title='bbox 1866 1872 1903 1945; x_wconf 83' lang='grc' dir='ltr'><strong>ὁ</strong></span> <span class='ocrx_word' id='word_1_138' title='bbox 1949 1876 2079 1966; x_wconf 80' lang='grc' dir='ltr'><em>τὴν</em></span> <span class='ocrx_word' id='word_1_139' title='bbox 2136 1876 2345 1945; x_wconf 80' lang='grc' dir='ltr'><em>δοκὸν</em></span> <span class='ocrx_word' id='word_1_140' title='bbox 2390 1877 2791 1966; x_wconf 81' lang='grc' dir='ltr'><em>φέρων-ἐπὶ</em></span> 
     </span>
     <span class='ocr_line' id='line_1_17' title="bbox 547 1973 2349 2069; baseline 0 -22"><span class='ocrx_word' id='word_1_141' title='bbox 547 1985 687 2048; x_wconf 77' lang='grc' dir='ltr'><em>τῶν</em></span> <span class='ocrx_word' id='word_1_142' title='bbox 730 1973 941 2047; x_wconf 77' lang='grc' dir='ltr'><em>ταύτὰ</em></span> <span class='ocrx_word' id='word_1_143' title='bbox 984 1974 1382 2047; x_wconf 80' lang='grc' dir='ltr'><em>ποιούντων</em></span> <span class='ocrx_word' id='word_1_144' title='bbox 1424 1982 1539 2047; x_wconf 80' lang='grc' dir='ltr'><strong>καὶ</strong></span> <span class='ocrx_word' id='word_1_145' title='bbox 1580 1981 1788 2069; x_wconf 76' lang='grc' dir='ltr'><em>μηδὲν</em></span> <span class='ocrx_word' id='word_1_146' title='bbox 1832 1979 2349 2069; x_wconf 77' lang='grc' dir='ltr'><em>περαινόντων).</em></span> 
     </span>
    </p>

    <p class='ocr_par' dir='ltr' id='par_1_5' title="bbox 546 2090 2790 2478">
     <span class='ocr_line' id='line_1_18' title="bbox 720 2090 2790 2170; baseline -0.001 -19"><span class='ocrx_word' id='word_1_147' title='bbox 720 2092 883 2151; x_wconf 83' lang='lat' dir='ltr'><strong>Idem</strong></span> <span class='ocrx_word' id='word_1_148' title='bbox 929 2092 1196 2151; x_wconf 85' lang='lat' dir='ltr'><strong>Philemo</strong></span> <span class='ocrx_word' id='word_1_149' title='bbox 1245 2091 1479 2169; x_wconf 83' lang='lat' dir='ltr'><strong>histrio,</strong></span> <span class='ocrx_word' id='word_1_150' title='bbox 1520 2110 1704 2169; x_wconf 91' lang='lat' dir='ltr'><strong>quum</strong></span> <span class='ocrx_word' id='word_1_151' title='bbox 1750 2100 2023 2168; x_wconf 87' lang='lat' dir='ltr'><strong>tempora</strong></span> <span class='ocrx_word' id='word_1_152' title='bbox 2067 2099 2206 2169; x_wconf 89' lang='lat' dir='ltr'><strong>apte</strong></span> <span class='ocrx_word' id='word_1_153' title='bbox 2251 2090 2565 2170; x_wconf 84' lang='lat' dir='ltr'><strong>quadrent,</strong></span> <span class='ocrx_word' id='word_1_154' title='bbox 2611 2092 2790 2168; x_wconf 83' lang='lat' dir='ltr'><strong>signi·</strong></span> 
     </span>
     <span class='ocr_line' id='line_1_19' title="bbox 547 2182 2789 2272; baseline -0.002 -19"><span class='ocrx_word' id='word_1_155' title='bbox 547 2193 714 2254; x_wconf 82' lang='lat' dir='ltr'><strong>ficari</strong></span> <span class='ocrx_word' id='word_1_156' title='bbox 765 2194 1002 2254; x_wconf 79' lang='lat' dir='ltr'><strong>videtur</strong></span> <span class='ocrx_word' id='word_1_157' title='bbox 1059 2195 1134 2254; x_wconf 77' lang='lat' dir='ltr'><strong>ab</strong></span> <span class='ocrx_word' id='word_1_158' title='bbox 1198 2194 1491 2254; x_wconf 78' lang='lat' dir='ltr'><strong>Aeschine</strong></span> <span class='ocrx_word' id='word_1_159' title='bbox 1564 2192 1742 2267; x_wconf 84' lang='lat' dir='ltr'><strong>(Tim.</strong></span> <span class='ocrx_word' id='word_1_160' title='bbox 1800 2193 1972 2267; x_wconf 83' lang='lat'>132):</span> <span class='ocrx_word' id='word_1_161' title='bbox 2027 2195 2382 2256; x_wconf 79' lang='lat' dir='ltr'><strong>Timarchus</strong></span> <span class='ocrx_word' id='word_1_162' title='bbox 2452 2182 2789 2272; x_wconf 70' lang='grc' dir='ltr'><strong>υεἰληφώς</strong></span> 
     </span>
     <span class='ocr_line' id='line_1_20' title="bbox 546 2281 2789 2377; baseline -0.001 -22"><span class='ocrx_word' id='word_1_163' title='bbox 546 2281 845 2376; x_wconf 75' lang='grc' dir='ltr'><em>ἠλέγχθη</em></span> <span class='ocrx_word' id='word_1_164' title='bbox 892 2287 1074 2376; x_wconf 81' lang='grc' dir='ltr'><em>παρὰ</em></span> <span class='ocrx_word' id='word_1_165' title='bbox 1118 2290 1592 2368; x_wconf 73' lang='grc' dir='ltr'><em>Λευκωνίδου,</em></span> <span class='ocrx_word' id='word_1_166' title='bbox 1655 2293 1780 2355; x_wconf 88' lang='grc' dir='ltr'><em>τοῦ</em></span> <span class='ocrx_word' id='word_1_167' title='bbox 1834 2285 2243 2356; x_wconf 76' lang='grc' dir='ltr'><em>Φιλωτάδου</em></span> <span class='ocrx_word' id='word_1_168' title='bbox 2286 2292 2635 2377; x_wconf 75' lang='grc' dir='ltr'><em>κηδεστοῦ,</em></span> <span class='ocrx_word' id='word_1_169' title='bbox 2681 2283 2789 2353; x_wconf 77' lang='grc' dir='ltr'><strong>διὰ</strong></span> 
     </span>
     <span class='ocr_line' id='line_1_21' title="bbox 551 2385 2047 2478; baseline -0.001 -19"><span class='ocrx_word' id='word_1_170' title='bbox 551 2387 929 2478; x_wconf 82' lang='grc' dir='ltr'><em>Φιλήμονος</em></span> <span class='ocrx_word' id='word_1_171' title='bbox 971 2396 1097 2458; x_wconf 85' lang='grc' dir='ltr'><em>τοῦ</em></span> <span class='ocrx_word' id='word_1_172' title='bbox 1139 2385 1519 2477; x_wconf 71' lang='grc' dir='ltr'><em>ὑποκριτοῦ</em></span> <span class='ocrx_word' id='word_1_173' title='bbox 1566 2391 1777 2458; x_wconf 81' lang='grc' dir='ltr'><em>εἴκοσι</em></span> <span class='ocrx_word' id='word_1_174' title='bbox 1821 2396 2047 2477; x_wconf 84' lang='grc' dir='ltr'><em>μνᾶς.“</em></span> 
     </span>
    </p>

    <p class='ocr_par' dir='ltr' id='par_1_6' title="bbox 544 2500 2792 3809">
     <span class='ocr_line' id='line_1_22' title="bbox 722 2500 2792 2578; baseline -0.001 -15"><span class='ocrx_word' id='word_1_175' title='bbox 722 2502 996 2563; x_wconf 88' lang='lat' dir='ltr'><strong>Comicus</strong></span> <span class='ocrx_word' id='word_1_176' title='bbox 1041 2502 1247 2562; x_wconf 85' lang='lat' dir='ltr'><strong>histrio</strong></span> <span class='ocrx_word' id='word_1_177' title='bbox 1292 2501 1602 2578; x_wconf 83' lang='lat' dir='ltr'><strong>perclarus</strong></span> <span class='ocrx_word' id='word_1_178' title='bbox 1646 2501 1889 2562; x_wconf 81' lang='lat' dir='ltr'><strong>videtur</strong></span> <span class='ocrx_word' id='word_1_179' title='bbox 1932 2502 2116 2562; x_wconf 84' lang='lat' dir='ltr'><strong>fuisse</strong></span> <span class='ocrx_word' id='word_1_180' title='bbox 2160 2502 2421 2577; x_wconf 78' lang='lat' dir='ltr'><strong>Satyrus</strong></span> <span class='ocrx_word' id='word_1_181' title='bbox 2473 2500 2792 2578; x_wconf 74' lang='lat' dir='ltr'><strong>Olynthius</strong></span> 
     </span>
     <span class='ocr_line' id='line_1_23' title="bbox 546 2591 2791 2681; baseline -0.001 -18"><span class='ocrx_word' id='word_1_182' title='bbox 546 2604 646 2677; x_wconf 83' lang='lat' dir='ltr'><strong>(ef.</strong></span> <span class='ocrx_word' id='word_1_183' title='bbox 675 2604 894 2664; x_wconf 85' lang='lat' dir='ltr'><strong>Athen.</strong></span> <span class='ocrx_word' id='word_1_184' title='bbox 918 2604 1075 2674; x_wconf 86' lang='lat' dir='ltr'><strong>XIII,</strong></span> <span class='ocrx_word' id='word_1_185' title='bbox 1119 2622 1176 2680; x_wconf 88' lang='lat' dir='ltr'><strong>p.</strong></span> <span class='ocrx_word' id='word_1_186' title='bbox 1208 2607 1358 2664; x_wconf 76' lang='lat'>591⁰</span> <span class='ocrx_word' id='word_1_187' title='bbox 1398 2597 1769 2680; x_wconf 69' lang='grc' dir='ltr'><strong>υπαρεσίτει</strong></span> <span class='ocrx_word' id='word_1_188' title='bbox 1817 2596 1887 2661; x_wconf 80' lang='grc' dir='ltr'><strong>δὲ</strong></span> <span class='ocrx_word' id='word_1_189' title='bbox 1916 2598 1998 2679; x_wconf 78' lang='grc' dir='ltr'><em>τῇ</em></span> <span class='ocrx_word' id='word_1_190' title='bbox 2037 2594 2266 2680; x_wconf 82' lang='grc' dir='ltr'><em>Φρύνη</em></span> <span class='ocrx_word' id='word_1_191' title='bbox 2298 2598 2656 2681; x_wconf 79' lang='grc' dir='ltr'><em>Γρυλλίων</em></span> <span class='ocrx_word' id='word_1_192' title='bbox 2698 2591 2791 2674; x_wconf 73' lang='grc' dir='ltr'><strong>εἷς</strong></span> 
     </span>
     <span class='ocr_line' id='line_1_24' title="bbox 547 2689 2792 2783; baseline 0 -20"><span class='ocrx_word' id='word_1_193' title='bbox 547 2692 645 2763; x_wconf 79' lang='grc' dir='ltr'><strong>ὢν</strong></span> <span class='ocrx_word' id='word_1_194' title='bbox 702 2720 843 2763; x_wconf 86' lang='grc' dir='ltr'><em>των</em></span> <span class='ocrx_word' id='word_1_195' title='bbox 903 2690 1402 2783; x_wconf 82' lang='grc' dir='ltr'><em>αρεοπαγιτῶν,</em></span> <span class='ocrx_word' id='word_1_196' title='bbox 1461 2691 1551 2774; x_wconf 81' lang='grc' dir='ltr'><strong>ὡς</strong></span> <span class='ocrx_word' id='word_1_197' title='bbox 1605 2698 1719 2762; x_wconf 80' lang='grc' dir='ltr'><strong>καὶ</strong></span> <span class='ocrx_word' id='word_1_198' title='bbox 1774 2694 2085 2783; x_wconf 82' lang='grc' dir='ltr'><em>Σάτυρος</em></span> <span class='ocrx_word' id='word_1_199' title='bbox 2139 2692 2177 2763; x_wconf 84' lang='grc' dir='ltr'><em>ὃ</em></span> <span class='ocrx_word' id='word_1_200' title='bbox 2219 2689 2570 2776; x_wconf 75' lang='grc' dir='ltr'><em>Ὀλυνθιος</em></span> <span class='ocrx_word' id='word_1_201' title='bbox 2622 2722 2792 2764; x_wconf 85' lang='grc' dir='ltr'><em>υπο·</em></span> 
     </span>
     <span class='ocr_line' id='line_1_25' title="bbox 546 2793 2790 2887; baseline 0.001 -21"><span class='ocrx_word' id='word_1_202' title='bbox 546 2793 773 2887; x_wconf 76' lang='grc' dir='ltr'><em>κριτὴς</em></span> <span class='ocrx_word' id='word_1_203' title='bbox 817 2800 1164 2886; x_wconf 56' lang='grc' dir='ltr'><em>Παμφίλῃέ</em></span> <span class='ocrx_word' id='word_1_204' title='bbox 1167 2804 1207 2881; x_wconf 79' lang='lat'><strong>⁸)</strong></span> <span class='ocrx_word' id='word_1_205' title='bbox 1306 2807 1495 2881; x_wconf 83' lang='lat' dir='ltr'><strong>Quem</strong></span> <span class='ocrx_word' id='word_1_206' title='bbox 1552 2824 1739 2884; x_wconf 89' lang='lat' dir='ltr'><strong>supra</strong></span> <span class='ocrx_word' id='word_1_207' title='bbox 1784 2826 1916 2868; x_wconf 87' lang='lat' dir='ltr'><strong>cum</strong></span> <span class='ocrx_word' id='word_1_208' title='bbox 1962 2806 2294 2868; x_wconf 87' lang='lat' dir='ltr'><strong>Luedersio</strong></span> <span class='ocrx_word' id='word_1_209' title='bbox 2339 2806 2597 2868; x_wconf 79' lang='lat' dir='ltr'><strong>discerni</strong></span> <span class='ocrx_word' id='word_1_210' title='bbox 2632 2808 2790 2887; x_wconf 87' lang='lat' dir='ltr'><strong>jussi</strong></span> 
     </span>
     <span class='ocr_line' id='line_1_26' title="bbox 545 2907 2787 2988; baseline 0 -19"><span class='ocrx_word' id='word_1_211' title='bbox 545 2929 582 2969; x_wconf 88' lang='lat' dir='ltr'><strong>a</strong></span> <span class='ocrx_word' id='word_1_212' title='bbox 612 2912 828 2986; x_wconf 84' lang='lat' dir='ltr'><strong>Satyro</strong></span> <span class='ocrx_word' id='word_1_213' title='bbox 870 2911 1157 2987; x_wconf 84' lang='lat' dir='ltr'><strong>tragoedo</strong></span> <span class='ocrx_word' id='word_1_214' title='bbox 1189 2910 1565 2970; x_wconf 84' lang='lat' dir='ltr'><strong>Marathonio</strong></span> <span class='ocrx_word' id='word_1_215' title='bbox 1612 2907 1883 2982; x_wconf 87' lang='lat' dir='ltr'><strong>(Lucian.</strong></span> <span class='ocrx_word' id='word_1_216' title='bbox 1915 2911 2169 2988; x_wconf 88' lang='lat' dir='ltr'><strong>menipp.</strong></span> <span class='ocrx_word' id='word_1_217' title='bbox 2205 2910 2325 2983; x_wconf 87' lang='grc'><strong>16).</strong></span> <span class='ocrx_word' id='word_1_218' title='bbox 2413 2911 2787 2988; x_wconf 82' lang='lat' dir='ltr'><strong>Quamquam</strong></span> 
     </span>
     <span class='ocr_line' id='line_1_27' title="bbox 547 3011 2789 3090; baseline -0 -17"><span class='ocrx_word' id='word_1_219' title='bbox 547 3032 641 3090; x_wconf 87' lang='lat' dir='ltr'><strong>ap.</strong></span> <span class='ocrx_word' id='word_1_220' title='bbox 687 3013 901 3074; x_wconf 81' lang='lat' dir='ltr'><strong>Athen.</strong></span> <span class='ocrx_word' id='word_1_221' title='bbox 948 3014 1025 3075; x_wconf 88' lang='lat' dir='ltr'><strong>de</strong></span> <span class='ocrx_word' id='word_1_222' title='bbox 1073 3012 1361 3090; x_wconf 85' lang='lat' dir='ltr'><strong>Olynthio</strong></span> <span class='ocrx_word' id='word_1_223' title='bbox 1422 3011 1711 3071; x_wconf 83' lang='lat' dir='ltr'><strong>histrione</strong></span> <span class='ocrx_word' id='word_1_224' title='bbox 1758 3017 1987 3072; x_wconf 85' lang='lat' dir='ltr'><strong>tantum</strong></span> <span class='ocrx_word' id='word_1_225' title='bbox 2032 3012 2219 3073; x_wconf 81' lang='lat' dir='ltr'><strong>verba</strong></span> <span class='ocrx_word' id='word_1_226' title='bbox 2261 3012 2414 3074; x_wconf 87' lang='lat' dir='ltr'><strong>fiunt</strong></span> <span class='ocrx_word' id='word_1_227' title='bbox 2457 3013 2789 3090; x_wconf 88' lang='lat' dir='ltr'><strong>ceterisque</strong></span> 
     </span>
     <span class='ocr_line' id='line_1_28' title="bbox 547 3114 2788 3193; baseline 0 -18"><span class='ocrx_word' id='word_1_228' title='bbox 547 3134 700 3193; x_wconf 86' lang='lat' dir='ltr'><strong>quos</strong></span> <span class='ocrx_word' id='word_1_229' title='bbox 761 3116 1121 3177; x_wconf 86' lang='lat' dir='ltr'><strong>enumerabo</strong></span> <span class='ocrx_word' id='word_1_230' title='bbox 1173 3116 1346 3186; x_wconf 86' lang='lat' dir='ltr'><strong>locis,</strong></span> <span class='ocrx_word' id='word_1_231' title='bbox 1420 3114 1518 3175; x_wconf 89' lang='lat' dir='ltr'><strong>ubi</strong></span> <span class='ocrx_word' id='word_1_232' title='bbox 1578 3114 1655 3173; x_wconf 89' lang='lat' dir='ltr'><strong>de</strong></span> <span class='ocrx_word' id='word_1_233' title='bbox 1713 3116 1939 3175; x_wconf 90' lang='lat' dir='ltr'><strong>comico</strong></span> <span class='ocrx_word' id='word_1_234' title='bbox 1997 3121 2203 3176; x_wconf 79' lang='lat' dir='ltr'><strong>actore</strong></span> <span class='ocrx_word' id='word_1_235' title='bbox 2255 3116 2486 3193; x_wconf 84' lang='lat' dir='ltr'><strong>agitur,</strong></span> <span class='ocrx_word' id='word_1_236' title='bbox 2560 3116 2788 3193; x_wconf 83' lang='lat' dir='ltr'><strong>patriae</strong></span> 
     </span>
     <span class='ocr_line' id='line_1_29' title="bbox 547 3217 2789 3295; baseline -0.001 -17"><span class='ocrx_word' id='word_1_237' title='bbox 547 3237 759 3279; x_wconf 89' lang='lat' dir='ltr'><strong>nomen</strong></span> <span class='ocrx_word' id='word_1_238' title='bbox 823 3237 943 3278; x_wconf 89' lang='lat' dir='ltr'><strong>non</strong></span> <span class='ocrx_word' id='word_1_239' title='bbox 1001 3223 1224 3292; x_wconf 79' lang='lat' dir='ltr'><strong>exstat,</strong></span> <span class='ocrx_word' id='word_1_240' title='bbox 1298 3221 1496 3277; x_wconf 88' lang='lat' dir='ltr'><strong>tamen</strong></span> <span class='ocrx_word' id='word_1_241' title='bbox 1554 3217 1900 3294; x_wconf 86' lang='lat' dir='ltr'><strong>apparebit,</strong></span> <span class='ocrx_word' id='word_1_242' title='bbox 1963 3236 2117 3295; x_wconf 87' lang='lat' dir='ltr'><strong>quae</strong></span> <span class='ocrx_word' id='word_1_243' title='bbox 2171 3237 2203 3278; x_wconf 91' lang='lat' dir='ltr'><strong>e</strong></span> <span class='ocrx_word' id='word_1_244' title='bbox 2263 3217 2669 3279; x_wconf 86' lang='lat' dir='ltr'><strong>Demosthene</strong></span> <span class='ocrx_word' id='word_1_245' title='bbox 2728 3222 2789 3276; x_wconf 89' lang='lat' dir='ltr'><strong>et</strong></span> 
     </span>
     <span class='ocr_line' id='line_1_30' title="bbox 549 3319 2788 3398; baseline -0.001 -17"><span class='ocrx_word' id='word_1_246' title='bbox 549 3322 843 3381; x_wconf 83' lang='lat' dir='ltr'><strong>Aeschine</strong></span> <span class='ocrx_word' id='word_1_247' title='bbox 890 3320 964 3381; x_wconf 90' lang='lat' dir='ltr'><strong>de</strong></span> <span class='ocrx_word' id='word_1_248' title='bbox 996 3321 1211 3396; x_wconf 82' lang='lat' dir='ltr'><strong>Satyro</strong></span> <span class='ocrx_word' id='word_1_249' title='bbox 1257 3320 1483 3380; x_wconf 89' lang='lat' dir='ltr'><strong>comico</strong></span> <span class='ocrx_word' id='word_1_250' title='bbox 1516 3319 1806 3379; x_wconf 85' lang='lat' dir='ltr'><strong>histrione</strong></span> <span class='ocrx_word' id='word_1_251' title='bbox 1845 3319 2116 3380; x_wconf 82' lang='lat' dir='ltr'><strong>audimus</strong></span> <span class='ocrx_word' id='word_1_252' title='bbox 2156 3320 2459 3398; x_wconf 85' lang='lat' dir='ltr'><strong>aptissime</strong></span> <span class='ocrx_word' id='word_1_253' title='bbox 2489 3319 2788 3398; x_wconf 82' lang='lat' dir='ltr'><strong>quadrare</strong></span> 
     </span>
     <span class='ocr_line' id='line_1_31' title="bbox 544 3420 2783 3500; baseline -0.001 -18"><span class='ocrx_word' id='word_1_254' title='bbox 544 3423 604 3483; x_wconf 90' lang='lat' dir='ltr'><strong>in</strong></span> <span class='ocrx_word' id='word_1_255' title='bbox 669 3423 964 3482; x_wconf 90' lang='lat' dir='ltr'><strong>hominem</strong></span> <span class='ocrx_word' id='word_1_256' title='bbox 1012 3422 1381 3500; x_wconf 84' lang='lat' dir='ltr'><strong>Olynthium.</strong></span> <span class='ocrx_word' id='word_1_257' title='bbox 1447 3452 1525 3461; x_wconf 93' lang='lat'>-</span> <span class='ocrx_word' id='word_1_258' title='bbox 1589 3424 1715 3481; x_wconf 90' lang='lat' dir='ltr'><strong>lam</strong></span> <span class='ocrx_word' id='word_1_259' title='bbox 1769 3440 1955 3499; x_wconf 88' lang='lat' dir='ltr'><strong>supra</strong></span> <span class='ocrx_word' id='word_1_260' title='bbox 1999 3423 2245 3483; x_wconf 83' lang='lat' dir='ltr'><strong>allatum</strong></span> <span class='ocrx_word' id='word_1_261' title='bbox 2289 3422 2593 3484; x_wconf 88' lang='lat' dir='ltr'><strong>Theodori</strong></span> <span class='ocrx_word' id='word_1_262' title='bbox 2637 3420 2783 3481; x_wconf 87' lang='lat' dir='ltr'><strong>illud</strong></span> 
     </span>
     <span class='ocr_line' id='line_1_32' title="bbox 544 3522 2787 3602; baseline -0.001 -17"><span class='ocrx_word' id='word_1_263' title='bbox 544 3526 606 3585; x_wconf 89' lang='lat' dir='ltr'><strong>in</strong></span> <span class='ocrx_word' id='word_1_264' title='bbox 651 3523 928 3601; x_wconf 83' lang='lat' dir='ltr'><strong>Satyrum</strong></span> <span class='ocrx_word' id='word_1_265' title='bbox 976 3522 1324 3585; x_wconf 88' lang='lat' dir='ltr'><strong>comoedum</strong></span> <span class='ocrx_word' id='word_1_266' title='bbox 1371 3525 1614 3602; x_wconf 87' lang='lat' dir='ltr'><strong>dictum,</strong></span> <span class='ocrx_word' id='word_1_267' title='bbox 1676 3524 1838 3601; x_wconf 90' lang='lat' dir='ltr'><strong>quod</strong></span> <span class='ocrx_word' id='word_1_268' title='bbox 1885 3530 2082 3586; x_wconf 82' lang='lat' dir='ltr'><strong>exstat</strong></span> <span class='ocrx_word' id='word_1_269' title='bbox 2124 3544 2221 3602; x_wconf 90' lang='lat' dir='ltr'><strong>ap.</strong></span> <span class='ocrx_word' id='word_1_270' title='bbox 2264 3526 2420 3585; x_wconf 89' lang='lat' dir='ltr'><strong>Plut.</strong></span> <span class='ocrx_word' id='word_1_271' title='bbox 2464 3525 2521 3585; x_wconf 90' lang='lat' dir='ltr'><strong>d.</strong></span> <span class='ocrx_word' id='word_1_272' title='bbox 2565 3543 2631 3586; x_wconf 88' lang='lat' dir='ltr'><strong>se</strong></span> <span class='ocrx_word' id='word_1_273' title='bbox 2678 3526 2787 3601; x_wconf 80' lang='lat' dir='ltr'><strong>ips.</strong></span> 
     </span>
     <span class='ocr_line' id='line_1_33' title="bbox 544 3611 2788 3705; baseline -0.001 -18"><span class='ocrx_word' id='word_1_274' title='bbox 544 3628 714 3687; x_wconf 84' lang='lat' dir='ltr'><strong>XVII</strong></span> <span class='ocrx_word' id='word_1_275' title='bbox 776 3657 902 3704; x_wconf 87' lang='lat'><strong>„—</strong></span> <span class='ocrx_word' id='word_1_276' title='bbox 958 3614 1051 3697; x_wconf 81' lang='grc' dir='ltr'><strong>ὡς</strong></span> <span class='ocrx_word' id='word_1_277' title='bbox 1114 3611 1197 3684; x_wconf 76' lang='grc' dir='ltr'><strong>οὐ</strong></span> <span class='ocrx_word' id='word_1_278' title='bbox 1258 3615 1660 3705; x_wconf 80' lang='grc' dir='ltr'><em>θαυμαστόν</em></span> <span class='ocrx_word' id='word_1_279' title='bbox 1726 3618 1866 3685; x_wconf 76' lang='grc' dir='ltr'><em>ἐστι</em></span> <span class='ocrx_word' id='word_1_280' title='bbox 1940 3612 2020 3685; x_wconf 83' lang='grc' dir='ltr'><em>τὸ</em></span> <span class='ocrx_word' id='word_1_281' title='bbox 2080 3623 2284 3705; x_wconf 84' lang='grc' dir='ltr'><em>γελᾶν</em></span> <span class='ocrx_word' id='word_1_282' title='bbox 2346 3634 2570 3687; x_wconf 82' lang='grc' dir='ltr'><em>ποιεῖν</em></span> <span class='ocrx_word' id='word_1_283' title='bbox 2629 3612 2788 3696; x_wconf 75' lang='grc' dir='ltr'><em>τοὺς</em></span> 
     </span>
     <span class='ocr_line' id='line_1_34' title="bbox 544 3712 2028 3809; baseline 0 -22"><span class='ocrx_word' id='word_1_284' title='bbox 544 3719 812 3802; x_wconf 77' lang='grc' dir='ltr'><em>θεατὰς,</em></span> <span class='ocrx_word' id='word_1_285' title='bbox 857 3712 1029 3787; x_wconf 71' lang='grc' dir='ltr'><em>ἀλλὰ</em></span> <span class='ocrx_word' id='word_1_286' title='bbox 1069 3718 1147 3787; x_wconf 88' lang='grc' dir='ltr'><strong><em>τὸ</em></strong></span> <span class='ocrx_word' id='word_1_287' title='bbox 1194 3714 1515 3809; x_wconf 79' lang='grc' dir='ltr'><em>δακρύειν</em></span> <span class='ocrx_word' id='word_1_288' title='bbox 1559 3723 1672 3787; x_wconf 88' lang='grc' dir='ltr'><strong>καὶ</strong></span> <span class='ocrx_word' id='word_1_289' title='bbox 1716 3723 2028 3788; x_wconf 88' lang='grc' dir='ltr'><em>κλαίειν.“</em></span> 
     </span>
    </p>

    <p class='ocr_par' dir='ltr' id='par_1_7' title="bbox 541 3828 2801 4317">
     <span class='ocr_line' id='line_1_35' title="bbox 714 3828 2801 3916; baseline -0 -25"><span class='ocrx_word' id='word_1_290' title='bbox 714 3833 902 3892; x_wconf 87' lang='lat' dir='ltr'><strong>Plura</strong></span> <span class='ocrx_word' id='word_1_291' title='bbox 946 3830 1380 3891; x_wconf 88' lang='lat' dir='ltr'><strong>Demosthenes</strong></span> <span class='ocrx_word' id='word_1_292' title='bbox 1426 3830 1502 3892; x_wconf 89' lang='lat' dir='ltr'><strong>de</strong></span> <span class='ocrx_word' id='word_1_293' title='bbox 1546 3828 1765 3909; x_wconf 78' lang='lat' dir='ltr'><strong>Satyro</strong></span> <span class='ocrx_word' id='word_1_294' title='bbox 1812 3831 2250 3891; x_wconf 89' lang='lat' dir='ltr'><strong>comoediarum</strong></span> <span class='ocrx_word' id='word_1_295' title='bbox 2296 3837 2499 3893; x_wconf 79' lang='lat' dir='ltr'><strong>actore</strong></span> <span class='ocrx_word' id='word_1_296' title='bbox 2542 3831 2801 3916; x_wconf 15' lang='lat' dir='ltr'><strong>tradidit*</strong></span> 
     </span>
     <span class='ocr_line' id='line_1_36' title="bbox 541 3930 2784 4010; baseline -0.001 -14"><span class='ocrx_word' id='word_1_297' title='bbox 541 3935 602 3996; x_wconf 90' lang='lat' dir='ltr'><strong>in</strong></span> <span class='ocrx_word' id='word_1_298' title='bbox 627 3952 714 3995; x_wconf 88' lang='lat' dir='ltr'><strong>or.</strong></span> <span class='ocrx_word' id='word_1_299' title='bbox 739 3934 795 3994; x_wconf 87' lang='lat' dir='ltr'><strong>d.</strong></span> <span class='ocrx_word' id='word_1_300' title='bbox 820 3934 858 3993; x_wconf 80' lang='lat' dir='ltr'><strong>s.</strong></span> <span class='ocrx_word' id='word_1_301' title='bbox 877 3935 913 3994; x_wconf 85' lang='lat' dir='ltr'><strong>l.</strong></span> <span class='ocrx_word' id='word_1_302' title='bbox 941 3937 1060 3994; x_wconf 81' lang='lat'><strong>192</strong></span> <span class='ocrx_word' id='word_1_303' title='bbox 1083 3930 1503 4007; x_wconf 83' lang='grc'><strong>(401)-198.</strong></span> <span class='ocrx_word' id='word_1_304' title='bbox 1570 3931 1796 3994; x_wconf 84' lang='lat' dir='ltr'><strong>Orator</strong></span> <span class='ocrx_word' id='word_1_305' title='bbox 1834 3933 2154 3995; x_wconf 83' lang='lat' dir='ltr'><strong>ostendere</strong></span> <span class='ocrx_word' id='word_1_306' title='bbox 2177 3933 2398 4010; x_wconf 84' lang='lat' dir='ltr'><strong>studet,</strong></span> <span class='ocrx_word' id='word_1_307' title='bbox 2430 3935 2784 3994; x_wconf 83' lang='lat' dir='ltr'><strong>Aeschinem</strong></span> 
     </span>
     <span class='ocr_line' id='line_1_37' title="bbox 543 4036 2783 4114; baseline -0.001 -16"><span class='ocrx_word' id='word_1_308' title='bbox 543 4040 602 4098; x_wconf 90' lang='lat' dir='ltr'><strong>in</strong></span> <span class='ocrx_word' id='word_1_309' title='bbox 670 4038 963 4114; x_wconf 83' lang='lat' dir='ltr'><strong>legatione</strong></span> <span class='ocrx_word' id='word_1_310' title='bbox 1019 4037 1368 4113; x_wconf 83' lang='lat' dir='ltr'><strong>peragenda</strong></span> <span class='ocrx_word' id='word_1_311' title='bbox 1427 4055 1547 4096; x_wconf 91' lang='lat' dir='ltr'><strong>non</strong></span> <span class='ocrx_word' id='word_1_312' title='bbox 1619 4036 1809 4095; x_wconf 89' lang='lat' dir='ltr'><strong>solum</strong></span> <span class='ocrx_word' id='word_1_313' title='bbox 1863 4036 2053 4112; x_wconf 86' lang='lat' dir='ltr'><strong>ipsum</strong></span> <span class='ocrx_word' id='word_1_314' title='bbox 2125 4054 2345 4096; x_wconf 89' lang='lat' dir='ltr'><strong>munus</strong></span> <span class='ocrx_word' id='word_1_315' title='bbox 2403 4053 2575 4097; x_wconf 85' lang='lat' dir='ltr'><strong>suum</strong></span> <span class='ocrx_word' id='word_1_316' title='bbox 2632 4036 2783 4096; x_wconf 89' lang='lat' dir='ltr'><strong>male</strong></span> 
     </span>
     <span class='ocr_line' id='line_1_38' title="bbox 544 4136 2785 4216; baseline -0.001 -16"><span class='ocrx_word' id='word_1_317' title='bbox 544 4142 801 4216; x_wconf 86' lang='lat' dir='ltr'><strong>gessisse</strong></span> <span class='ocrx_word' id='word_1_318' title='bbox 860 4139 966 4198; x_wconf 87' lang='lat' dir='ltr'><strong>sed</strong></span> <span class='ocrx_word' id='word_1_319' title='bbox 1029 4138 1204 4198; x_wconf 88' lang='lat' dir='ltr'><strong>etiam</strong></span> <span class='ocrx_word' id='word_1_320' title='bbox 1253 4136 1573 4198; x_wconf 87' lang='lat' dir='ltr'><strong>insolentia</strong></span> <span class='ocrx_word' id='word_1_321' title='bbox 1619 4155 1728 4197; x_wconf 79' lang='lat' dir='ltr'><strong>sua</strong></span> <span class='ocrx_word' id='word_1_322' title='bbox 1773 4138 2151 4214; x_wconf 86' lang='lat' dir='ltr'><strong>ignominiam</strong></span> <span class='ocrx_word' id='word_1_323' title='bbox 2199 4138 2259 4196; x_wconf 89' lang='lat' dir='ltr'><strong>in</strong></span> <span class='ocrx_word' id='word_1_324' title='bbox 2304 4155 2370 4197; x_wconf 89' lang='lat' dir='ltr'><strong>se</strong></span> <span class='ocrx_word' id='word_1_325' title='bbox 2417 4141 2785 4198; x_wconf 82' lang='lat' dir='ltr'><strong>convertisse</strong></span> 
     </span>
     <span class='ocr_line' id='line_1_39' title="bbox 545 4240 2781 4317; baseline 0 -17"><span class='ocrx_word' id='word_1_326' title='bbox 545 4243 871 4301; x_wconf 84' lang='lat' dir='ltr'><strong>maximam.</strong></span> <span class='ocrx_word' id='word_1_327' title='bbox 931 4242 1120 4315; x_wconf 88' lang='lat' dir='ltr'><strong>Quem</strong></span> <span class='ocrx_word' id='word_1_328' title='bbox 1155 4240 1230 4300; x_wconf 76' lang='lat' dir='ltr'><strong>ad</strong></span> <span class='ocrx_word' id='word_1_329' title='bbox 1261 4240 1440 4301; x_wconf 89' lang='lat' dir='ltr'><strong>finem</strong></span> <span class='ocrx_word' id='word_1_330' title='bbox 1472 4241 1715 4316; x_wconf 89' lang='lat' dir='ltr'><strong>copiose</strong></span> <span class='ocrx_word' id='word_1_331' title='bbox 1750 4240 2027 4317; x_wconf 79' lang='lat' dir='ltr'><strong>illustrat,</strong></span> <span class='ocrx_word' id='word_1_332' title='bbox 2057 4248 2339 4316; x_wconf 84' lang='lat' dir='ltr'><strong>quantam</strong></span> <span class='ocrx_word' id='word_1_333' title='bbox 2367 4240 2781 4301; x_wconf 86' lang='lat' dir='ltr'><strong>contumeliam</strong></span> 
     </span>
    </p>
   </div>
  </div>
 </body>
</html>
