3166 4871
2441 308 2561 369 311

322 499 498 557 quem
549 481 952 541 Buechelerus
996 484 1242 541 secutus
1288 479 1401 551 est)
1455 479 1879 540 cantabundus
1932 485 1989 540 et
2039 482 2249 540 stellas
2296 497 2564 541 numero.

239 596 242 599 ’
322 582 543 642 deinde
583 590 650 641 ut
691 583 945 657 respexi
988 584 1074 642 ad
1116 585 1408 654 comitem,
1453 584 1554 643 ille
1599 584 1769 643 exuit
1797 600 1867 643 se
1897 590 1956 643 et
1985 584 2184 641 omnia
2211 584 2569 643 vestimenta

320 687 647 745 secundum
710 686 864 744 viam
927 686 1149 759 posuit.
1257 685 1403 744 milti
1466 686 1671 744 anima
1739 687 1801 745 in
1863 701 2016 745 naso
2078 702 2225 745 esse.
2334 684 2568 745 stabam

324 792 606 861 tanquam
649 794 920 847 mortuas
963 793 1023 848 et
1066 792 1132 846 ut
1176 790 1350 847 larva
1394 789 1654 861 intravi,
1715 804 1917 864 paene
1976 790 2235 847 animam
2297 787 2565 848 ebullivi.

321 889 511 948 sudor
570 890 717 949 mihi
767 907 886 964 per
944 889 1247 964 bifurcam
1307 888 1576 962 volabat,
1637 892 1802 950 oculi
1855 891 2104 963 mortui,
2158 891 2262 950 vix
2304 906 2568 965 unquam

322 993 593 1067 refectus
633 1008 782 1051 sum.

498 1129 839 1206 Draegerus
883 1129 919 1199 ἓ
951 1133 1074 1190 362
1120 1130 1244 1206 agit
1288 1128 1363 1189 de
1407 1128 1700 1205 asyndeto
1748 1129 2125 1208 disiunctivo,
2171 1129 2343 1189 cuius
2373 1147 2569 1189 exem-

327 1231 444 1307 plis
503 1250 536 1290 e
583 1232 862 1291 Petronio
925 1232 1072 1291 haec
1130 1230 1268 1291 addi
1325 1236 1608 1308 possunt:
1658 1232 1807 1306 ptus
1848 1232 2042 1290 minus
2086 1250 2134 1291 e.
2186 1236 2265 1292 52
2314 1233 2439 1307 (59,
2484 1228 2569 1310 2),

325 1332 447 1391 hac
491 1334 640 1393 illac
684 1352 733 1393 c.
778 1338 857 1395 57
906 1334 1041 1405 (67,
1089 1332 1229 1412 20),
1287 1335 1428 1394 velit
1479 1335 1635 1393 nolit
1676 1353 1726 1394 e.
1774 1337 1849 1394 71
1901 1333 2040 1411 (85,
2087 1332 2170 1406 9).
2258 1333 2332 1393 cf.
2390 1333 2568 1394 etiam

325 1454 480 1511 quae
524 1436 701 1496 affert
745 1436 1178 1496 Buechelerus:
1223 1436 1410 1514 symb.
1455 1436 1600 1514 phil.
1646 1437 1832 1497 Bonn.
1878 1456 1936 1514 p.
1974 1441 2075 1497 41.

499 1571 732 1632 Medius
792 1573 946 1633 inter
1001 1572 1339 1650 asyndeton
1395 1577 1455 1633 et
1514 1574 1844 1634 sententias
1905 1573 2424 1634 coniunctionibus
2469 1573 2570 1632 ad-

327 1692 514 1734 nexas
576 1675 625 1734 is
671 1693 816 1735 usus
876 1679 999 1746 est,
1057 1693 1192 1735 cum
1253 1676 1588 1752 posteriore
1651 1676 1949 1735 sententia
1993 1676 2085 1745 id,
2143 1675 2307 1752 quod
2370 1675 2570 1752 priore

326 1775 548 1836 dictum
596 1782 701 1848 est,
747 1776 1147 1855 confirmetur,
1191 1778 1550 1855 plerumque
1596 1778 1800 1838 addita
1844 1777 2143 1854 particula
2182 1777 2460 1855 quadam,
2504 1780 2573 1836 ut

326 1880 430 1956 ita,
473 1896 613 1940 vero
659 1877 758 1950 (cf.
802 1880 1124 1956 Naegelsb.
1169 1879 1205 1950 ἓ
1255 1877 1419 1952 197).
1522 1899 1714 1958 quare
1778 1880 1892 1940 boc
1955 1899 2066 1941 usu
2130 1879 2368 1940 dicendi
2431 1882 2570 1956 apte

327 1981 772 2042 transducimur
816 1981 893 2041 ad
939 1982 1392 2043 coniunctiones
1435 1982 1617 2060 ipsas.

447 2160 462 2173 .
498 2117 749 2196 Saepius
793 2118 867 2178 ab
913 2119 1001 2176 ita
1043 2119 1250 2196 incipit
1308 2120 1534 2196 oratio,
1593 2137 1715 2196 qua
1758 2118 1851 2197 id,
1912 2118 2075 2196 quod
2138 2119 2571 2195 interrogatum

328 2227 437 2299 est,
480 2220 885 2282 confirmatur.
972 2239 1159 2297 quare
1207 2222 1363 2281 hane
1408 2221 1757 2299 particulam
1804 2225 1946 2299 apte
1984 2240 2092 2299 per
2121 2227 2292 2281 recte
2324 2222 2573 2281 circum-

327 2323 591 2383 scribere
636 2341 968 2400 possumus.
1055 2323 1129 2383 cf.
1174 2341 1221 2382 c.
1266 2328 1381 2384 24:
1447 2324 1762 2399 „Ascyltos
1815 2325 1880 2382 in
1933 2323 2049 2383 hoc
2095 2323 2365 2383 triclinio
2408 2325 2575 2383 solus

323 2425 525 2499 ferias
580 2426 714 2500 ayit
733 2423 796 2486 ?“
846 2456 933 2468 —-
982 2424 1176 2500 „ita“,
1223 2425 1418 2501 inquit
1473 2425 1803 2498 Quartilla,
1874 2429 1967 2499 „et
2020 2426 2268 2502 Ascylto
2322 2424 2576 2485 embasi-

328 2535 536 2590 coetas
580 2528 917 2605 detur“,‘c.
949 2534 1060 2591 25:
1113 2531 1256 2604 „ita,
1304 2529 1468 2603 ita“,
1515 2530 1712 2603 inquit
1765 2529 2094 2604 Quartilla,
2146 2527 2332 2600 „bene
2376 2529 2576 2589 admo-

328 2630 577 2704 nuisti“,
624 2650 672 2691 c.
705 2636 812 2693 53:
864 2630 1047 2704 „ita“,
1093 2633 1290 2706 inquit
1341 2631 1727 2703 Trimalchio,
1779 2647 1934 2704 „non
1975 2636 2219 2706 oportet
2250 2629 2578 2689 transire“.

330 2765 416 2775 -
466 2735 990 2813 „affin-mationem,
1050 2753 1230 2812 quam
1289 2736 1351 2794 in
1413 2737 1582 2795 recta
1626 2733 1897 2794 oratione
1943 2735 2030 2792 ita
2076 2738 2355 2812 occupat,
2400 2734 2576 2793 etiam

332 2837 392 2896 in
452 2837 925 2913 interrogatione
996 2836 1242 2896 obtinet.
1358 2836 1525 2895 itane
1587 2836 1772 2912 igitur
1842 2834 2160 2912 instantius
2232 2836 2581 2912 interrogat,

331 2959 409 2998 an
455 2940 532 2999 sit
575 2958 706 3017 res,
767 2958 923 3016 quae
987 2938 1358 2999 incredibilis
1400 2928 1507 2998 aut
1552 2936 1737 2999 dubia
1795 2942 1888 2999 est
1944 2937 2111 3015 visa,
2171 2936 2278 2997 sed
2325 2937 2402 2996 ab
2449 2938 2581 2996 aliis

331 3040 660 3101 affirmata“
688 3041 787 3108 (cf.
810 3040 1009 3101 Hand.
1039 3041 1125 3101 111
1154 3045 1302 3120 495,
1333 3045 1433 3102 24.
1485 3040 1873 3101 Knehner.11
1902 3041 1938 3110 ξ
1973 3043 2115 3110 230,
2149 3037 2231 3111 5).
2321 3040 2406 3100 ita
2436 3038 2579 3115 legi·

333 3162 463 3202 mus
493 3162 542 3203 c.
575 3147 684 3204 20:
729 3145 926 3220 „itane
958 3149 1044 3203 est
1059 3135 1120 3202 ?“
1151 3144 1348 3217 inquit
1385 3142 1707 3215 Quartilla,
1738 3161 1787 3202 c.
1807 3147 1919 3203 21:
1950 3143 2150 3214 „itane
2181 3134 2344 3201 σειν(
2392 3140 2582 3214 inquit

340 3246 662 3319 Quartilla,
698 3264 747 3306 c.
783 3248 929 3307 105:
974 3243 1249 3319 ,‚itane,“
1294 3246 1505 3319 inquit,
1534 3246 1841 3320 „capillos
1870 3245 2095 3318 aliquis
2125 3245 2188 3303 iu
2215 3259 2370 3303 nave
2396 3259 2583 3317 prae-

333 3346 564 3408 ciditr‘
656 3348 924 3409 Handius
969 3346 1029 3421 (l.
1076 3345 1151 3420 c.)
1198 3347 1465 3424 dubitat,
1519 3366 1660 3407 num
1707 3348 1883 3408 etiam
1930 3348 2019 3406 ita
2062 3346 2316 3423 simplex
2361 3346 2420 3405 iu
2467 3346 2583 3405 hoe

337 3469 448 3511 usu
496 3451 691 3511 fuerit.
778 3451 884 3512 sed
944 3451 1004 3511 in
1051 3451 1335 3512 Petronio
1394 3456 1564 3511 certa
1610 3450 1885 3528 exempla
1928 3449 2335 3510 inveniuntur.
2422 3449 2579 3508 Han-

335 3551 469 3613 dius
522 3554 647 3631 ipse
708 3553 884 3614 affert
942 3571 991 3613 c.
1040 3555 1150 3624 25,
1213 3551 1312 3613 ubi
1376 3551 1550 3612 codd.
1605 3551 1884 3613 AFGL
1945 3555 2004 3611 et
2066 3550 2243 3611 editio
2307 3550 2583 3610 Plautina

336 3653 584 3714 habent:
645 3648 965 3729 ‚,itaque“,
1011 3655 1206 3728 inquit
1258 3655 1603 3726 Quartilla,
1664 3654 1905 3727 „minor
1962 3656 2054 3712 est
2110 3650 2311 3712 ista?“
2398 3652 2584 3711 Patis-

335 3758 543 3817 sonius
588 3762 784 3817 autem
832 3757 1146 3818 adnotavit
1187 3756 1248 3816 in
1294 3757 1425 3816 aliis
1470 3756 1649 3816 codd.
1692 3756 1807 3833 legi
1855 3757 2041 3828 itane,
2088 3754 2252 3833 quod
2299 3753 2585 3814 Heinsius

338 3865 398 3921 et
431 3858 702 3920 Handius
748 3878 869 3920 non
900 3866 1064 3920 recte
1096 3858 1659 3936 comprobaverunt,
1704 3858 1918 3918 melius
1964 3857 2119 3918 enim
2153 3875 2286 3917 eum
2319 3856 2583 3916 Bueche-

336 3963 460 4022 lero
523 3964 611 4021 ita
673 3960 832 4036 (eum
879 3964 938 4022 vi
984 3963 1210 4022 causali
1257 3980 1368 4038 pro
1414 3962 1642 4034 itaque)
1689 3960 1998 4032 scribitur,
2056 3958 2218 4036 qnod
2279 3959 2381 4020 ille
2426 3959 2586 4019 eruit

338 4085 371 4126 e
419 4066 676 4125 lectione
722 4064 970 4125 aliorum
1019 4064 1189 4124 codd.
1237 4064 1375 4123 ist‘t.
1481 4063 1766 4123 Heinsius
1810 4063 1985 4122 etiam
2031 4081 2079 4121 c.
2126 4063 2241 4122 127
2290 4060 2470 4138 (176,
2522 4059 2583 4131 1)

340 4169 507 4227 itane
551 4169 812 4228 seribere
860 4166 1092 4244 maluit,
1137 4183 1484 4243 quanquam
1530 4166 1609 4224 ibi
1656 4165 1716 4224 in
1764 4184 1884 4224 nno
1929 4169 2161 4224 tantum
2208 4163 2338 4223 eod.
2384 4164 2587 4236 itaque

341 4270 592 4348 legitur,
646 4272 828 4330 ceteri
884 4274 1085 4329 autem
1147 4269 1470 4346 praebent:
1524 4265 1735 4340 „ita“‚
1782 4268 2003 4341 inquit,
2065 4282 2228 4338 „non
2274 4266 2435 4325 dixit
2481 4264 2589 4325 tibi

2080 4379 2179 4431 21*
