3166 4871
1040 366 1126 423 De
1157 366 1363 423 nomin.
1398 366 1459 422 in
1491 385 1658 434 ·αιος.
1712 370 1745 434 s
1786 371 1864 423 12.
2477 371 2569 436 37

312 547 559 626 jectivie
622 546 961 607 Homericis
1021 530 1477 626 εὖπατέρειος,
1551 531 1935 626 εὕρυόδειος
2005 538 2569 629 κυανοπρώρειος.

325 649 734 724 Quamobrem
779 630 942 709 recte
988 648 1125 709 mihi
1158 648 1236 709 de
1266 648 1357 709 his
1385 649 1592 711 formis
1614 649 1921 727 judicasse
1949 649 2191 711 videtur
2234 650 2303 711 G.
2334 651 2575 713 Curtius

322 754 380 811 in
425 752 549 812 ΚΖ.
581 750 689 827 IV,
719 753 877 811 213:
933 750 1086 821 „Die
1131 751 1414 829 episehen
1458 752 1718 835 Formep
1763 735 2180 830 εὐπατέρεια,
2224 737 2574 832 εὖρυόδεια

319 854 630 914 branohen
674 853 783 913 wir
826 871 941 913 nur
984 854 1091 914 mit
1141 844 1370 932 ἱέρεια,
1425 848 1752 931 βασίλεια,
1797 843 2379 933 δυςαριστοτόκεια
2422 857 2571 935 (ng.

322 946 589 1027 τοκεύς)
635 973 713 1016 zu
757 956 1160 1033 vergleiohen,
1202 974 1301 1016 um
1346 974 1421 1017 zu
1467 956 1681 1035 eehen,
1736 957 1880 1018 daea
1922 957 2021 1017 die
2064 960 2315 1019 stamme
2357 975 2571 1039 πατερ

321 1045 442 1119 ὁδο
488 1058 622 1119 hier
664 1076 779 1119 vor
821 1058 957 1119 dem
1001 1077 1025 1116 ι
1068 1059 1165 1119 ein
1210 1056 1576 1120 secundarea
1622 1076 1717 1132 ευ,
1777 1059 1860 1120 ef
1893 1059 2164 1121 erhalte'n
2209 1060 2424 1139 haben,
2466 1062 2575 1121 mit

322 1161 537 1222 deenen
585 1160 730 1223 hilfe
775 1160 871 1222 die
905 1161 975 1239 ja
1015 1162 1078 1221 in
1123 1161 1241 1221 den
1287 1161 1536 1222 meisten
1566 1159 1758 1222 fanen
1789 1160 2267 1224 unauefflhrbare
2297 1162 2571 1224 feminin-

323 1262 579 1341 bildnng
621 1281 740 1324 von
797 1263 1140 1340 compositis
1195 1262 1305 1324 der
1357 1264 1616 1341 epraohe
1672 1263 1955 1342 gelang“.
2042 1264 2418 1343 Quamquam
2462 1264 2569 1327 du·

323 1365 499 1425 bitari
544 1365 687 1426 lieet
729 1368 929 1429 utrum
989 1365 1331 1426 terminatio
1387 1382 1489 1424 εια
1532 1384 1608 1426 ex
1654 1366 1799 1426 esta
1842 1384 1918 1426 an
1965 1384 2042 1427 ex
2087 1377 2230 1426 εσια
2273 1365 2435 1429 faeta
2477 1369 2575 1448 eit,

324 1471 383 1526 et
424 1467 710 1545 fingentis
753 1468 949 1527 animo
994 1467 1373 1529 obversatum
1417 1468 1496 1528 eit
1541 1468 1927 1529 mascnlinum
1980 1468 2042 1529 in
2102 1486 2210 1541 ευς
2255 1487 2331 1530 an
2375 1471 2437 1530 in
2481 1489 2573 1551 ης.

324 1569 453 1631 Hae
496 1574 699 1631 autem
743 1570 974 1630 ratione
1018 1570 1206 1631 multa
1247 1569 1536 1631 feminina
1579 1573 1722 1631 eunt
1777 1569 2056 1650 formata,
2113 1590 2369 1649 qnorum
2423 1590 2570 1634 mae·

323 1673 558 1734 enlinae
613 1673 774 1734 unde
833 1691 945 1751 per
1003 1673 1137 1734 suff.
1181 1668 1250 1733 ιᾶ
1310 1671 1582 1734 derivata
1640 1673 1920 1734 videntur
1975 1673 2205 1735 formae
2264 1692 2570 1753 nunquam

321 1777 578 1837 fortasse
609 1776 998 1836 exstiterunt.
1040 1763 1394 1847 πανάκεια,
1438 1758 1794 1855 ἠριγένεια,
1829 1768 2153 1854 ἱφιγένεια
2181 1781 2243 1839 et
2270 1778 2572 1855 permulta

322 1879 484 1940 alia
469 1897 532 1938 m
577 1894 817 1955 γενεια,
862 1861 1225 1957 άρτιέπεια,
1266 1863 1608 1956 ἡδυέπεια,
1649 1866 2051 1939 θεσπιὲπεια
2098 1878 2186 1952 [in
2219 1863 2573 1960 ακρώρεια,

321 1969 692 2060 παρώρεια,
734 1967 1187 2058 πρυμνώρεια,
1214 1966 1518 2058 ὑπώρεια
1561 1979 1841 2041 suffixum
1873 1984 1965 2040 est
1993 1981 2064 2041 ιᾶ
2105 1980 2568 2054 abati-aetorum]

324 2086 383 2145 in
444 2083 665 2161 quibus
719 2099 821 2141 εια
879 2101 953 2142 ex
1008 2094 1152 2141 εσια
1209 2086 1439 2161 natum,
1500 2086 1561 2142 et
1605 2071 2105 2162 Ποντοπόρεια,
2166 2072 2572 2157 αἰνοτόκεια,

325 2173 939 2266 δυσαριστοτόκεια,
969 2168 1482 2263 άμαλλοτόκεια,
1509 2174 1965 2257 καλλιτόκεια,
1996 2169 2386 2264 ὤκυλόχεια,
2424 2205 2572 2265 quo·

326 2309 456 2350 rum
514 2306 618 2348 εια
661 2306 737 2349 ex
782 2288 927 2348 esta
986 2290 1190 2347 natum
1237 2291 1345 2348 eet.
1430 2288 1791 2349 Praesertim
1837 2288 2071 2350 urbium
2116 2291 2176 2349 et
2217 2288 2572 2350 feminarum

329 2391 573 2454 nomina
628 2390 743 2452 hae
799 2389 1219 2452 terminatione
1276 2389 1529 2452 formata
1587 2393 1727 2452 sunt
1784 2391 2106 2469 permulta,
2164 2393 2419 2472 quorum
2471 2390 2574 2454 illa

329 2496 579 2573 mittam,
623 2494 835 2555 horum
875 2512 949 2554 ea
977 2511 1134 2571 quae
1179 2477 1471 2572 originem
1517 2493 1756 2555 facilins
1800 2493 2068 2571 produnt
2111 2513 2232 2556 non
2276 2494 2574 2556 distinctis

327 2598 615 2678 stirpibus
645 2614 802 2674 qnae
831 2595 1151 2657 videantur
1179 2596 1516 2673 primitivae
1547 2614 1922 2657 enumerem:
1957 2579 2335 2674 Άγελόχεια,
2359 2580 2573 2677 ᾍδρά·
2667 2640 2676 2648 .

329 2713 534 2772 στεια,
560 2682 994 2776 Ἀλκιδάμεια,
1017 2681 1346 2776 Ἀμάθεια,
1372 2681 1854 2777 Άνδρομάχεια,
1883 2682 2322 2776 Άστερόπεια,
2357 2682 2571 2758 How·

327 2793 584 2880 δάμεια,
608 2786 1052 2879 Άστυνόμεια,
1096 2784 1491 2879 Ἀστυόχεια,
1537 2789 2022 2884 Δαμοκράτεια,
2052 2789 2571 2880 Δαμοστράτεια,

329 2894 704 2985 Δηιδάμεια,
758 2893 1172 2984 Δηριμάχεια,
1231 2896 1595 2982 Διογένεια,
1655 2897 2022 2981 Διομένεια,
2076 2888 2390 2977 Εὔκλεια,
2441 2887 2572 2963 Εὖ-

327 3000 675 3085 πολέμεια,
728 2989 1161 3085 Εὖρυγάνεια,
1221 2989 1665 3085 Εὖρυδάμεια,
1718 2989 2117 3084 Εὐρύκλεια,
2177 2991 2574 3085 Εὖρυόδεια,

329 3094 775 3187 Ἱπποδάμεια,
802 3093 1159 3187 Ἰφιγένεια,
1180 3091 1542 3186 Ἰφιμέδεια,
1572 3101 2032 3185 Καλλιγένεια,
2063 3099 2575 3185 Καλλισθένεια,

331 3200 885 3290 Καλλιστράτεια,
930 3199 1365 3284 Καλλιόπεια,
1410 3198 1849 3284 Καλλιφάεια,
1894 3202 2572 3283 Κασσιέπεια,,Κλεο-

327 3303 588 3395 χάρεια,
665 3306 1153 3393 Κυπρογένεια,
1226 3300 1642 3391 Λαοδάμεια,
1715 3305 2112 3387 Λαομέδεια,
2178 3303 2575 3396 Λασθένεια,

332 3411 758 3497 Λητογένεια,
802 3404 1201 3495 Λιμνώρεια,
1245 3407 1662 3488 Νικοτέλεια,
1707 3408 2171 3487 Ξενοπείθεια,
2217 3402 2575 3488 Πανάκεια,

334 3514 795 3590 Πενθεσίλεια,
822 3506 1295 3596 Περσεφόνεια,
1318 3506 1767 3598 Πηνελόπεια,
1789 3506 2279 3596 Ποντοπόρεια,
2303 3512 2573 3594 Πρωτο-

329 3615 575 3698 μέδεια,
628 3613 1064 3699 Τριτογένεια,
1097 3606 1511 3697 Ὑψιπύλεια,
1561 3613 2036 3699 Χρυσογένεια,
2087 3612 2575 3699 Χρυσοπέλεια,

332 3707 647 3783 Ὠκάλεια.
738 3723 954 3784 Barine
996 3721 1314 3799 simplicia:
1364 3707 1642 3795 Ἄντεια,
1687 3710 1965 3795 Βάτεια,
2013 3709 2287 3795 Θάλεια,
2329 3704 2574 3781 Ἀθάνα

337 3815 714 3885 Κελεύθεια
758 3825 1011 3904 Spartae
1042 3825 1221 3898 culta,
1267 3813 1577 3904 Κράτεια,
1609 3817 1967 3904 Κυθέρεια,
2003 3819 2255 3902 Atym,
2300 3811 2577 3901 Μήδεια,

316 3922 597 4001 imam,
642 3917 914 4005 Νύχεια,
958 3915 1231 4006 Πάρεια,
1276 3916 1633 3999 Πελόπεια,
1677 3922 1966 4005 Πιέρεια,
1999 3912 2282 4000 Ῥόδεια,
2314 3913 2573 4003 Φαρμά-

336 4047 509 4104 κεια,
558 4019 910 4103 Φιδάλεια,
967 4018 1336 4106 Ψαμάθεια.
1429 4029 1619 4090 Multa
1661 4047 1698 4089 a
1741 4028 1931 4089 latere
1977 4028 2198 4088 habent
2239 4026 2412 4087 aliam
2455 4025 2575 4087 for-

338 4151 487 4193 mam
523 4134 653 4193 eine
696 4149 754 4191 ει
785 4131 1117 4211 formatam,
1164 4137 1231 4194 nt
1270 4116 1695 4212 Ἀνδρομάχη,
1741 4118 2115 4208 Καλλιόπη,
2160 4116 2574 4208 Περσεφόνη,

342 4223 732 4314 Πηνελόπη,
787 4223 1110 4313 Κυθήρη,
1180 4222 1500 4313 Ψαμάθη,
1544 4233 1620 4292 al.
1706 4232 2098 4294 Aeeuratiore
2143 4231 2291 4291 haee
2333 4228 2576 4290 nomina

340 4336 582 4414 propria
625 4340 808 4414 egent
851 4335 1299 4415 disquisitione,
1352 4336 1458 4398 sed
1503 4340 1784 4414 apparet,
1828 4332 2304 4396 terminationem
2350 4324 2453 4390 ειᾶ
2497 4330 2574 4391 ad
