3166 4871
529 308 646 371 138

522 503 576 543 v.
622 486 762 544 480.
1037 482 1224 543 ναῶν
1268 502 1337 563 γε
1383 478 1575 563 ταγοὶ
1623 482 1762 543 τῶν
1810 478 2257 562 λελειμμένων
2300 474 2512 565 σύδην

1033 571 1179 645 κατ’
1224 567 1434 666 οὖρον
1478 572 1612 646 οιῗκ
1656 575 1991 665 εὔκοσμον
2036 580 2342 663 αἴρονται
2386 576 2626 666 φυγήν.

777 689 945 762 Quae
1008 689 1066 748 in
1130 689 1227 748 illa
1280 689 1422 766 fuga
1482 690 1766 750 exercitui
1829 689 2157 749 acciderint
2215 690 2419 749 aoristi
2483 695 2767 749 enarrant

605 796 709 850 aut
753 790 1098 867 imperfecta
1143 793 1484 852 accuratius
1524 792 1907 861 describunt,
1954 796 2221 851 extrema
2266 809 2410 852 vero
2456 792 2763 851 calamitas

608 894 902 969 praesenti
950 898 1228 953 notatur:

1135 991 1329 1055 νυκτὶ
1377 981 1436 1055 d’
1455 988 1529 1054 ἐν
1573 985 1782 1073 ταύτῃ
1826 981 1987 1066 θεὸς

523 1117 576 1159 v.
622 1101 776 1161 497:
1040 1083 1306 1176 χειμῶν’
1350 1086 1577 1177 ἄωρον
1625 1084 1820 1177 ὦρσε,
1863 1082 2196 1177 πήγνυσιν
2226 1091 2296 1156 δὲ
2324 1093 2465 1158 πᾶν

1759 1192 2045 1279 ῥέεθρον
2087 1187 2298 1278 ἁγνοῦ
2347 1187 2764 1280 Στρυμόνος.

777 1301 893 1363 Sed
938 1309 1261 1381 superatur
1318 1304 1647 1380 perieulum
1708 1303 1821 1379 piis
1880 1304 2137 1363 omnium
2184 1303 2496 1381 precibu83
2553 1305 2766 1365 iterum

606 1407 906 1483 praesenti
955 1405 1143 1467 utitur
1186 1408 1464 1467 nuntius:

1032 1499 1176 1567 ἐπεὶ
1224 1501 1295 1567 δὲ
1340 1497 1558 1567 πολλὰ
1602 1503 2009 1567 θεοκλυτῶν
2050 1496 2389 1567 ἐπαύσατο

522 1612 585 1670 Ρ.
633 1614 773 1672 501.
1033 1600 1337 1688 στρατὸς,
1381 1606 1585 1692 περᾷ
1630 1606 2200 1689 κρυσταλλοπῆγα
2245 1595 2357 1668 διὰ
2396 1595 2635 1689 πόρον.

693 1711 1088 1790 Suppfieem

694 1816 977 1892 Pelasgus
1041 1835 1144 1876 rex
1204 1823 1517 1894 postquam
1578 1835 1751 1877 suum
1811 1817 1996 1892 ipsius
2039 1834 2255 1876 nomen
2304 1814 2617 1893 professus
2662 1820 2766 1888 est,

524 1919 698 1979 etiam
747 1922 947 1979 terrae
993 1920 1161 1979 cuins
1207 1919 1426 1980 fruitur
1455 1922 1838 1997 possessione
1884 1923 2183 1980 vetustum
2231 1923 2291 1978 et
2321 1918 2519 1979 nobile
2549 1936 2765 1979 nomen

526 2021 816 2098 explieat:
862 2005 1072 2099 αὐτῆς
1119 2016 1188 2081 dte
1232 2010 1453 2101 χώρας
1484 2008 1706 2094 Ἀπίας
1748 2014 1958 2080 πέδον
2004 2007 2158 2081 τόδε
2201 2006 2410 2080 πάλαι
2453 2014 2770 2099 κέκληται

523 2114 751 2199 φωτὸς
796 2117 1033 2202 ἰατροῦ
1075 2113 1287 2203 χάριν.
1394 2124 1578 2185 Cuius
1626 2126 1771 2184 tanti
1829 2124 1967 2184 faeti
2024 2124 2204 2184 nobili
2254 2122 2534 2200 snperbia
2578 2124 2770 2183 elatus

524 2229 862 2289 memoriam
909 2231 1191 2305 repetens
1235 2227 1536 2304 praesenti
1586 2227 1806 2286 utitur:

1036 2308 1207 2400 Ἆπις
1253 2319 1378 2408 γὰρ
1424 2316 1653 2387 ἐλθών
1699 2375 1710 2387 .
1763 2376 1773 2387 .
1826 2376 1836 2386 .
1879 2315 2105 2407 χθόνα

524 2454 580 2494 ν.
626 2438 767 2495 264.
1032 2415 1224 2511 τήνδ’
1269 2423 1742 2512 ἐκκαθαίρει
1787 2421 2163 2492 κνωδάλων
2209 2419 2728 2512 βροτοφθόρων,

1034 2524 1118 2593 τὰ
1162 2524 1241 2614 δὴ
1287 2530 1603 2594 παλαιῶν
1647 2525 1949 2613 αἱμάτων
1992 2524 2306 2614 μιάσμασι

1028 2621 1378 2717 χρανθετσ’
1426 2624 1634 2716 ἀνῆκε
1688 2639 1966 2706 (aoristus
2025 2638 2329 2698 notandus
2373 2635 2485 2710 est)
2533 2642 2687 2716 γαῖα

2205 2725 2457 2819 μηνιαῑ’
2503 2726 2644 2820 ἄκη,
2688 2771 2773 2781 -

696 2845 817 2904 Iam
876 2844 1037 2904 infra
1095 2862 1147 2901 v.
1196 2846 1337 2905 297.
1383 2846 1523 2904 300.
1569 2847 1692 2904 312
1751 2842 1925 2902 etiam
1991 2843 2049 2902 in
2110 2843 2380 2904 diverbio
2441 2844 2774 2921 praesentis

526 2946 799 3007 historici
863 2947 1183 3026 singularis
1227 2946 1461 3024 speeies
1505 2945 1783 3005 occurrit.
1873 2945 2246 3022 colloquitur
2286 2948 2438 3007 enim
2487 2964 2594 3006 rex
2640 2965 2770 3006 eum

528 3049 900 3110 Danaidibus
948 3068 1019 3109 ae
1065 3049 1330 3127 quaerit,
1378 3048 1540 3109 unde
1585 3048 1785 3126 gentis
1831 3066 1980 3110 suae
2026 3049 2314 3128 originem
2341 3049 2498 3109 ‘illae
2535 3048 2776 3125 ducant,

530 3172 649 3213 non
702 3157 821 3213 tam
869 3171 1065 3214 rerum
1115 3171 1404 3213 novarum
1455 3152 1730 3212 curiosus
1777 3169 1953 3228 qnam
2009 3151 2384 3212 examinandi
2432 3150 2630 3212 studio
2673 3151 2774 3210 ad-

528 3255 762 3315 ductus.
860 3257 1011 3315 Nam
1074 3260 1239 3315 reete
1300 3255 1371 3315 G.
1416 3256 1800 3315 Hermannus
1862 3253 1981 3327 (ad.
2040 3274 2093 3312 v.
2142 3256 2287 3324 280)
2345 3257 2544 3315 monet
2594 3254 2774 3313 haee:

526 3359 623 3436 „in
672 3357 830 3417 omni
875 3357 989 3418 hoo
1035 3357 1306 3417 diverbio
1352 3357 1676 3416 tenendum
1735 3361 1824 3416 est
1886 3357 2127 3433 cognita
2182 3355 2402 3416 habere
2457 3375 2658 3434 regem
2703 3374 2775 3415 ea

530 3459 606 3520 de
669 3460 889 3537 quibus
950 3460 1180 3537 quaerit
1237 3464 1297 3519 et
1356 3478 1650 3537 quaerere
1709 3459 2049 3530 dumtaxat,
2109 3463 2176 3518 nt
2235 3459 2509 3536 exploret
2550 3477 2775 3518 verane

527 3581 603 3621 an
650 3561 802 3621 falsa
846 3560 1047 3621 dicant
1094 3554 1410 3654 virginesf‘
1499 3561 1633 3636 Quo
1680 3580 1753 3621 ex
1801 3562 1998 3623 studio
2043 3562 2236 3622 fluunt
2279 3562 2651 3640 praesentia:

530 3684 584 3725 v.
631 3667 770 3726 297.
1041 3659 1190 3734 πῶς
1236 3654 1364 3722 οὐν
1407 3661 1747 3745 τελευτᾷ
1787 3657 2120 3738 βασιλέων
2163 3658 2349 3745 νείκη
2394 3650 2584 3723 misle:
2632 3668 2692 3724 et

529 3788 586 3828 v.
638 3771 778 3829 300.
1044 3751 1302 3825 οὔκουν
1345 3756 1676 3842 πελάζει
1722 3751 1883 3837 Ζεὺς
1928 3751 2032 3825 ἐπ’
2078 3753 2410 3845 εὐκραίρῳ
2456 3760 2596 3840 Boi,-

614 3876 675 3930 et
717 3869 776 3929 in
823 3869 1210 3945 responsione
1256 3869 1453 3929 chori:

529 3994 584 4035 v.
631 3977 771 4034 312.
1041 3965 1154 4029 καὶ
1199 3961 1358 4042 Ζεὺς
1405 3955 1465 4050 γ’
1487 3962 1810 4051 ἐφάπτωρ
1856 3967 2026 4050 χειρὶ
2070 3957 2336 4048 φιτύει
2383 3961 2607 4052 γόνον.

701 4076 825 4136 Iam
871 4074 1212 4135 secedimus
1258 4073 1332 4134 ad
1382 4074 1548 4135 chori
1598 4073 1892 4134 canticum
1955 4074 2036 4148 (v.
2080 4077 2203 4136 524
2237 4071 2466 4153 seqq.),
2508 4093 2629 4152 quo
2675 4075 2777 4134 Ius

530 4180 654 4239 fata
697 4185 757 4239 et
802 4179 1005 4255 stirpis
1050 4176 1255 4237 divina
1300 4178 1465 4254 origo
1513 4177 1906 4238 celebrantur.
2006 4179 2192 4238 Laeto
2257 4178 2534 4256 elatoque
2578 4178 2775 4237 animo

530 4280 766 4342 easdem
839 4281 1117 4359 regiones
1188 4280 1453 4359 virgines
1511 4285 1880 4358 agnoscunt,
1949 4299 1983 4341 e
2046 4279 2264 4358 quibus
2321 4282 2387 4341 Io
2458 4278 2778 4357 quondam,
