3166 4871
573 316 697 379 114

564 507 779 566 porum
825 487 1168 548 discrimina
1211 485 1556 546 distinxerit
1598 487 1659 544 et
1702 504 1776 544 ex
1806 485 1976 544 vario
2020 501 2130 544 usu
2176 503 2249 544 ea
2279 501 2517 560 semper
2545 483 2809 559 elegerit,

566 610 720 669 quae
765 591 909 651 artis
953 588 1186 666 legibus
1231 585 1669 648 satisfacerent.

738 694 868 754 Jam
914 696 980 753 ut
1025 691 1188 769 quod
1232 691 1601 767 generaliter
1653 688 2086 765 disputavimus
2128 688 2206 747 ad
2250 686 2618 766 singulorum
2666 689 2810 746 tem·

565 817 775 875 porum
826 815 995 857 usum
1041 811 1421 865 revocemus,
1479 793 1813 870 praesentis
1857 793 2111 870 primum
2156 791 2576 868 persequimur
2620 806 2811 849 usum.

1653 1059 1727 1141 Ι.

739 1241 874 1314 Qua
918 1241 977 1300 in
1024 1239 1372 1317 quaestione
1411 1255 1543 1297 cum
1592 1236 1668 1296 de
1718 1235 2049 1314 praesentis
2093 1241 2307 1296 natura
2351 1253 2421 1294 ac
2467 1231 2584 1304 vi⁸)
2633 1233 2812 1293 latius

568 1350 628 1404 et
673 1344 972 1420 copiosius
1017 1341 1311 1401 disserere
1344 1359 1461 1400 non
1495 1357 1646 1417 opus
1691 1339 1782 1407 sit,
1830 1355 1901 1398 ea
1930 1339 2270 1416 praesentia
2308 1336 2503 1397 omnia
2535 1335 2813 1396 videntur

567 1446 923 1523 omittenda,
982 1461 1138 1522 quae
1197 1462 1332 1503 cum
1387 1462 1460 1502 ex
1522 1426 1879 1502 necessitate
1938 1439 2240 1517 pendeant
2303 1446 2363 1499 et
2423 1459 2457 1499 a
2518 1438 2811 1499 communi

567 1549 826 1609 omnium
876 1565 985 1607 usn
1033 1546 1196 1605 nullo
1234 1549 1410 1621 pacto
1442 1544 1744 1615 recedant,
1791 1542 2178 1603 subtilitatem
2208 1541 2466 1619 eligendi
2499 1541 2816 1602 admittant

569 1650 809 1711 nullam.

738 1753 891 1812 Nam
953 1752 1205 1827 primum
1267 1749 1507 1826 quidem
1572 1749 1715 1809 nihil
1778 1750 1988 1808 mirum
2055 1753 2144 1807 est
2204 1748 2281 1815 si,
2345 1745 2407 1805 id
2469 1744 2631 1823 quod
2686 1746 2814 1821 ipsa

567 1854 927 1915 dramaticae
1002 1853 1253 1912 actionis
1332 1856 1545 1911 natura
1637 1852 1784 1919 fert,
1861 1867 2147 1927 praesens
2223 1850 2299 1909 ad
2375 1866 2477 1908 eas
2551 1850 2815 1908 actiones

567 1955 865 2017 notandas
925 1954 1270 2040 adhibetur,
1327 1972 1484 2031 quae
1548 1952 1759 2014 eodem
1820 1952 2104 2030 temporis
2165 1956 2459 2012 momento
2522 1952 2694 2012 simul
2757 1957 2817 2011 et

568 2058 719 2119 fiunt
764 2059 823 2119 in
869 2076 1049 2119 scena
1106 2062 1165 2118 et
1226 2055 1427 2117 verbis
1488 2057 1906 2132 exprimuntur
1951 2056 2046 2114 vel
2105 2055 2608 2133 pronuntiantur,
2650 2054 2817 2114 velut

568 2162 618 2220 si
689 2162 748 2220 iu
826 2159 1181 2221 Prometheo
1255 2158 1569 2219 vinciendo
1642 2164 1972 2235 occupatus
2035 2152 2370 2217 Vulcanus:
2429 2150 2812 2235 περαίνεται

569 2253 687 2342 δὴ,
729 2263 958 2341 inquit,
1002 2246 1128 2321 κού
1186 2256 1364 2343 ματᾷ
1423 2246 1714 2340 τοῦργον
1775 2250 1950 2319 τόδε.
2042 2261 2259 2337 Neque
2316 2260 2510 2320 minus
2565 2278 2814 2320 consen·

565 2369 808 2426 taneum
865 2368 957 2425 est
1016 2365 1321 2443 praesenti
1382 2368 1617 2442 poetam
1677 2363 1761 2422 ita
1822 2363 1922 2433 uti,
1984 2367 2048 2422 ut
2091 2367 2197 2422 aut
2241 2366 2459 2422 statum
2513 2363 2817 2439 praesenti

567 2472 840 2546 tempore
901 2470 1348 2543 permanentem
1411 2474 1515 2526 aut
1560 2466 1976 2542 repetitionem
2024 2466 2276 2525 actionis
2322 2463 2695 2541 significet9).

740 2570 973 2644 Quibus
1032 2570 1089 2628 in
1136 2567 1457 2646 generibus
1518 2568 1706 2628 libero
1751 2568 1995 2627 arbitrio
2043 2568 2270 2627 nullum
2319 2568 2514 2628 locum
2557 2569 2814 2646 relinqui

565 2675 780 2749 sponte
823 2672 1192 2749 intelligitur.

735 2775 817 2834 At
862 2792 1004 2835 vero
1050 2774 1400 2851 plasticam,
1462 2779 1527 2833 ut
1570 2773 1654 2832 ita
1711 2772 1936 2844 dicam,
1997 2777 2236 2850 poetam
2293 2774 2709 2850 cognoscimus
2753 2775 2816 2833 in

565 2876 1026 2954 pronuntiandis
1093 2876 1404 2937 sententiis
1466 2876 1906 2946 communibus,
1970 2875 2186 2952 quibus
2246 2892 2317 2936 ea
2376 2881 2816 2953 proponuntur,

567 2999 727 3057 quae
773 2981 1034 3040 omnium
1083 2995 1382 3040 consensu
1430 2979 1804 3056 comprobari
1847 2978 2142 3038 videntur.

737 3179 782 3243 ⁸)
821 3175 1085 3232 Veterum
1153 3175 1632 3245 grammaticorum
1697 3175 2007 3230 sententias
2071 3175 2300 3243 collegit
2353 3173 2692 3231 Schmidtius
2757 3175 2816 3229 in

566 3261 1086 3328 dissertationibus,
1154 3276 1297 3330 quae
1353 3262 1659 3330 inscriptae
1715 3266 1873 3315 sunt:
1940 3259 2241 3315 Doctrinae
2297 3265 2604 3330 temporum
2661 3260 2815 3317 verbi

566 3347 766 3401 Graeci
812 3355 870 3402 et
905 3347 1104 3403 Latini.
1176 3347 1336 3402 Halle
1378 3351 1523 3401 1836.
1561 3378 1629 3385 -
1665 3343 1966 3401 Accedunt
2013 3346 2379 3401 recentiorum
2427 3344 2815 3401 definitiones:

566 3431 887 3499 Buttmann,
922 3431 1142 3487 Griech.
1180 3433 1273 3486 Gr.
1309 3434 1341 3502 9·
1384 3437 1494 3486 137.
1564 3430 1852 3499 'Phiersch,
1889 3432 2128 3485 Gramm.
2163 3434 2194 3497 ξ
2219 3435 2334 3498 289,
2362 3434 2407 3486 2.
2479 3430 2816 3486 Schmalfeld

565 3515 777 3587 Syntax
816 3517 867 3571 d.
904 3516 1110 3586 griech.
1140 3516 1304 3572 Verb.
1378 3516 1645 3571 Eisleben
1677 3521 1820 3572 1846.
1891 3521 1922 3581 ξ
1946 3520 2030 3582 52,
2055 3533 2110 3585 p.
2137 3521 2216 3570 87.
2257 3516 2487 3572 Curtius
2523 3517 2618 3571 Gr.
2641 3517 2674 3588 ξ
2700 3521 2815 3570 486.

566 3600 1012 3670 Erliiuterungen
1071 3603 1206 3671 Cap.
1244 3605 1337 3667 20,
1380 3619 1432 3670 p.
1474 3607 1566 3657 178
1600 3617 1754 3671 seqq.
1847 3602 1990 3657 Rost
2034 3606 2064 3667 ς
2106 3607 2223 3669 116,
2263 3601 2343 3669 11,
2381 3607 2429 3656 6.
2514 3601 2815 3669 Delbriick‚

566 3681 788 3739 Altind.
825 3685 1227 3755 'l'empuslehre
1263 3704 1316 3755 p.
1345 3690 1425 3742 89.
1499 3688 1772 3756 Krueger,
1810 3686 2027 3742 Griecb.
2064 3686 2312 3755 Sprachl.
2350 3687 2387 3742 f.
2413 3687 2654 3742 Schulen
2692 3703 2745 3755 p.
2774 3687 2815 3756 1,

564 3769 703 3841 §5:3.
784 3770 929 3825 Rud.
980 3770 1323 3826 Kohlmann:
1384 3773 1468 3827 De
1523 3772 1679 3828 verbi
1734 3773 1931 3827 Graeci
1986 3772 2347 3841 temporibus.
2439 3773 2595 3829 Halis
2648 3771 2815 3828 Saxo·

568 3870 701 3909 uum
736 3859 877 3911 1873.

734 3943 779 4006 ⁹)
817 3939 901 3995 Cf.
940 3941 1191 3996 Curtius:
1232 3941 1482 4012 Schulgr.
1519 3944 1694 4013 5486,
1736 3946 1777 3997 1.
1816 3948 1861 3996 2.
1897 3943 2055 4010 (edit.
2091 3943 2220 4010 Xl):
2263 3944 2363 3998 der
2397 3943 2681 4000 Indicativ
2716 3945 2816 3999 des

562 4027 804 4082 Priisens
840 4027 1191 4097 bezeichnet,
1237 4030 1339 4082 wie
1387 4028 1461 4083 im
1515 4029 1824 4083 deutschen
1863 4028 1974 4083 und
2027 4028 2424 4097 lateinischen,
2477 4029 2570 4084 die
2616 4031 2670 4085 in
2717 4029 2817 4084 der

563 4111 901 4181 Gegenwart
944 4112 1227 4167 dauernde
1275 4112 1594 4183 Handlung.
1668 4113 1775 4168 Als
1822 4112 2014 4169 solche
2060 4114 2166 4182 gilt
2218 4119 2269 4180 1)
2304 4115 2429 4169 eine
2477 4115 2549 4169 im
2588 4114 2817 4185 Augen·

562 4195 746 4251 blicke
782 4196 883 4251 des
911 4195 1225 4265 Sprechens
1249 4197 1370 4252 sich
1397 4198 1783 4254 vollziehende
1814 4199 2142 4269 Handlung,
2179 4202 2237 4266 2)
2270 4201 2395 4254 eine
2429 4201 2817 4269 gegenwiirtig

564 4280 924 4337 wiederholte
962 4283 1279 4353 Handlung,
1317 4283 1407 4337 eiu
1444 4285 1831 4355 gegenwiirtig
1866 4284 2180 4340 dauernder
2216 4283 2483 4339 Zustand.
