3166 4871
1464 1376 1538 1458 I.

464 1547 560 1627 De
616 1548 1157 1649 primipilaribus
1212 1550 1285 1627 et
1336 1548 1423 1628 de
1477 1548 1955 1627 centurionum
2009 1547 2101 1658 ad
2154 1547 2536 1647 ampliores

1157 1668 1422 1766 aradus
1478 1687 1846 1769 processu.

550 1846 642 1905 De
703 1846 1117 1905 centurionum
1184 1847 1242 1905 in
1304 1847 1448 1924 ipsis
1507 1844 1795 1921 gradibus
1854 1843 2275 1903 centurionicis
2335 1860 2620 1920 processu

381 1967 513 2008 cum
562 1965 757 2024 nuper
801 1967 838 2006 a
884 1950 1249 2034 Mommsenp
1297 1949 1579 2025 scriptum
1628 1948 1704 2008 sit
1734 1946 1805 2021 ¹),
1867 1965 2203 2023 magnaque
2266 1947 2442 2024 copia
2483 1945 2620 2005 titu-

379 2050 571 2110 lorum
621 2049 964 2128 composita,
1010 2052 1111 2127 qui
1158 2051 1235 2110 ad
1280 2052 1482 2111 varios
1522 2050 1748 2127 gradus
1777 2052 2070 2127 spectant,
2113 2067 2335 2126 operae
2367 2049 2618 2126 pretium

377 2169 510 2212 6886
555 2152 823 2222 videtur,
887 2154 1296 2229 quaestionem
1344 2154 1683 2230 instituere,
1748 2170 1905 2230 quae
1951 2151 2130 2211 fuerit
2175 2151 2472 2210 aetatibus
2517 2152 2618 2210 im-

378 2259 722 2331 peratorum
806 2253 1076 2314 condicio
1159 2255 1577 2314 centurionum
1658 2253 1972 2331 stipendiis
2048 2254 2472 2313 centurionicis
2542 2252 2619 2312 ad

378 2375 668 2418 summum
729 2357 983 2433 gradum
1050 2358 1326 2418 emeritis.
1431 2358 1538 2418 Cui
1601 2359 1687 2416 rei
1749 2356 2144 2434 inquirendae
2208 2357 2309 2433 qui
2377 2374 2618 2433 operam

376 2460 634 2531 dederit,
696 2460 949 2521 maxime
994 2461 1309 2521 mirabitur
1353 2480 1471 2521 non
1520 2462 1798 2538 exiguam
1843 2479 1973 2521 esse
2018 2461 2246 2538 copiam
2292 2460 2623 2535 titulorum,

375 2564 477 2640 qui
531 2580 744 2623 cursus
798 2563 1090 2623 honorum
1151 2583 1188 2622 a
1246 2564 1454 2624 militia
1514 2564 1746 2640 gregali
1802 2563 1899 2624 vel
1960 2582 1998 2623 a
2057 2563 2474 2623 centurionatu
2535 2562 2620 2621 in·

376 2666 666 2744 cipientes
740 2671 800 2726 et
866 2684 1050 2743 supra
1116 2668 1596 2727 centurionatum
1663 2666 1739 2727 ad
1810 2666 2042 2726 militias
2108 2670 2419 2742 equestres
2487 2683 2621 2741 pro·

362 2758 721 2844 ‘gredientes
789 2768 1101 2846 exhibent;
1197 2774 1524 2846 propterea
1589 2768 1942 2844 gravissima
2006 2768 2186 2846 hujus
2251 2768 2621 2844 quaestionis

376 2889 516 2948 pars
578 2873 694 2930 erit
738 2871 813 2929 de
857 2888 1147 2948 processu
1194 2872 1609 2930 centurionum
1658 2871 1732 2929 ad
1781 2888 2029 2930 munera
2074 2871 2393 2946 equestria.
2412 2866 2461 2940 ²)
2553 2870 2618 2928 ln

376 2973 650 3031 omnibus
705 2977 902 3032 autem
967 2974 1038 3032 iis
1103 2973 1288 3032 titulis
1334 2973 1490 3032 inter
1534 2972 1770 3031 militias
1813 2972 2128 3031 inferiores
2173 2976 2235 3031 et
2279 2972 2618 3048 superiores

373 3074 793 3151 interpositum
839 3074 1173 3135 invenitur:
1229 3076 1583 3152 primipilus,
1627 3074 1988 3151 primpilaris
2032 3078 2137 3133 aut
2180 3073 2370 3133 forma
2415 3073 2618 3150 aliqua

374 3175 738 3251 abbreviata,
793 3177 959 3236 velut
1009 3178 1315 3255 „primip.“
1368 3177 1467 3237 vel
1519 3178 1725 3254 „prim
1770 3174 1910 3253 pil.“
1961 3179 2066 3235 aut
2111 3175 2391 3253 denique,
2435 3174 2616 3251 idque

377 3279 738 3357 saepissime,
782 3279 938 3355 sigla
988 3299 1080 3357 „p.
1124 3278 1216 3357 p.“

547 3398 621 3457 In
684 3399 800 3458 his
858 3400 1048 3459 notis
1104 3399 1582 3477 explicandis
1653 3400 2019 3459 recentiores
2079 3398 2191 3458 viri
2254 3399 2444 3476 docti,
2516 3399 2618 3477 qui

374 3500 832 3578 inscriptionum
881 3501 1263 3562 collectiones
1308 3502 1663 3581 ediderunt,
1721 3501 1947 3579 duplici
2002 3502 2179 3563 modo
2240 3506 2617 3563 erraverunt:

376 3601 493 3662 Alii
556 3602 701 3680 quid
760 3603 1130 3681 significaret
1173 3604 1331 3681 sigla
1382 3623 1475 3681 „p.
1521 3604 1614 3683 μέ*
1666 3623 1785 3665 non
1831 3605 1975 3665 satis
2020 3612 2493 3683 perspexerunt,
2554 3610 2620 3666 nt

548 3836 587 3899 ¹)
626 3833 943 3903 Mommsen,
979 3833 1289 3903 ephemeris
1336 3834 1699 3905 epigraphica
1734 3834 1830 3889 IV.
1867 3852 1921 3905 p.
1960 3839 2059 3891 226
2096 3851 2247 3906 sqq.:
2303 3834 2526 3889 nomina
2561 3840 2620 3889 et

370 3919 581 3989 gradus
616 3919 1023 3975 centurionum.

542 4026 588 4089 ²)
626 4022 941 4093 Madvigius
987 4024 1140 4093 quod
1185 4025 1376 4093 posuit
1418 4025 1478 4079 in
1513 4026 1975 4081 commentatione
2014 4040 2158 4096 quae
2193 4025 2467 4094 inscripta
2502 4031 2617 4080 est:

373 4107 510 4170 „Die
545 4107 854 4164 romischen
882 4106 1173 4164 Officiere“
1213 4110 1423 4177 (Klein.
1450 4109 1641 4180 philol.
1666 4109 1944 4167 Schriften
1969 4128 2022 4180 p.
2052 4114 2209 4181 536),
2247 4111 2620 4181 primipilarcs

367 4194 441 4248 ad
477 4194 796 4263 superiores
819 4194 1044 4249 militias
1068 4194 1379 4251 ordinarias
1413 4210 1523 4250 non
1560 4204 1844 4265 promotos
1878 4210 2027 4262 esse,
2065 4195 2262 4251 titulos
2295 4194 2344 4249 si
2388 4196 2614 4265 respici-

369 4294 509 4349 mus,
542 4279 836 4336 evidenter
870 4277 1049 4336 refelli
1086 4281 1320 4337 videtur.
1390 4279 1462 4336 cf.
1497 4281 1661 4337 infra.
