3166 4871
2463 281 2545 343 79

475 444 766 537 ὁρμήσει,
811 445 1087 535 ταύροιο
1134 437 1521 535 διοτρεφέος
1565 448 1772 530 φίλον
1819 443 1990 526 υἱόν,

472 548 547 631 ὃς
589 557 795 618 πᾶσιν
837 547 1216 636 Γαλάτῃσιν
1261 542 1588 637 ὀλέθριον
1631 537 1805 636 ἦμαρ
1852 546 2096 637 ἐφήσει.

1363 794 1499 856 149.

481 924 722 1014 θάρσει
781 922 1225 1012 Ταυρόκερως,
1273 921 1435 1008 ἕξεις
1479 925 1832 1012 βασιληίδα
1874 920 2075 1011 τιμήν

475 1032 592 1096 καὶ
633 1031 905 1096 παίδων
948 1031 1212 1108 παῖδες·
1255 1025 1525 1094 τούτων
1569 1052 1643 1113 γε
1684 1030 1808 1113 μὲν
1852 1019 2081 1093 ούκέτι
2127 1029 2375 1104 παῖδες.

1362 1273 1500 1338 150.

477 1403 805 1489 Βουλεύῃ,
850 1398 1151 1491 Σικυών,
1197 1400 1529 1490 ζωάγριον
1573 1403 1717 1470 αἰὲν
1762 1394 2055 1490 Ἀράτου,

480 1501 637 1593 ἀμφ’
682 1503 829 1591 ὁσίῃ
873 1510 1079 1592 θαλίῃ
1126 1532 1198 1574 τε
1243 1507 1749 1591 κατοιχομένοιο
1798 1502 2092 1584 ἄνακτος
2104 1532 2127 1586 ;

480 1602 573 1688 ὡς
617 1607 697 1676 τό
742 1606 1205 1697 βαρυνόμενον
1248 1601 1411 1695 τῷδ’
1459 1602 1647 1693 άνέρι
1690 1610 1801 1674 καὶ
1847 1607 1926 1676 τὸ
1972 1611 2272 1695 βαρῦνον

481 1714 668 1799 γαίης
713 1704 844 1779 ἔστ’
891 1704 1182 1800 ἀσέβημα
1229 1713 1340 1777 καὶ
1386 1704 1687 1796 ούρανοῦ
1731 1704 1848 1798 ἠδὲ
1894 1704 2248 1797 θαλάσσης.

1363 1956 1501 2018 151.

484 2080 647 2154 Ἀλλ’
693 2081 952 2153 ὁπόταν
1008 2083 1254 2173 Τρώων
1297 2083 1490 2171 γενεὰ
1534 2083 1930 2171 καθύπερθε
1978 2087 2247 2173 γένηται

491 2192 832 2256 Φοινίκων
878 2189 952 2255 ἐν
997 2180 1227 2276 άγῶνι,
1271 2180 1413 2254 τότ>
1459 2186 1713 2255 ἔσσεται
1759 2186 1916 2273 ἔργα
1964 2182 2234 2254 ἄπιστα·

482 2288 738 2369 πόντος
779 2293 903 2376 μὲν
947 2287 1190 2376 λάμψει
1222 2295 1369 2376 πῦρ
1413 2286 1730 2370 ἄσπετον,
1776 2290 1849 2356 ἐκ
1895 2292 1965 2357 δὲ
2011 2294 2362 2378 κεραυνῶν

484 2397 858 2483 πρηστῆρες
900 2396 1022 2480 μὲν
1068 2390 1213 2461 ἄνω
1258 2387 1368 2461 διὰ
1411 2386 1705 2480 κύματος
1752 2384 2052 2477 ἀίξουσιν

361 2506 397 2564 5
489 2495 736 2585 ἄμμιγα
783 2496 906 2564 σὺν
947 2499 1179 2587 πέτρᾳ,
1224 2489 1264 2584 ἡ
1315 2500 1386 2564 δὲ
1432 2499 1803 2585 στηρίξεται
1847 2489 2081 2577 αὐτοῦ,

483 2593 564 2667 ού
608 2599 822 2684 φατὸς
867 2594 1264 2688 ἀνθρώποις
1310 2604 1546 2687 νῆσος·
1594 2602 1704 2667 καὶ
1745 2601 2041 2686 χείρονες
2086 2597 2324 2686 ἄνδρες

478 2705 662 2789 χερσὶ
708 2702 1090 2791 βιησάμενοι
1135 2698 1259 2770 τὸν
1309 2706 1663 2789 κρείσσονα
1711 2700 2114 2788 νικήσουσιν.

313 2966 384 3026 11.
429 2965 539 3024 xv
581 2963 721 3024 254.
762 2961 785 3044 n
905 2964 973 3027 7:
1029 2951 1352 3045 ὀλέθριον
1410 2953 1582 3046 ἦμαρ
1644 2967 1710 3025 11.
1754 2968 1895 3027 xlx
1943 2962 2084 3026 294.
2134 2964 2274 3028 409.
2332 2957 2560 3048 ἐφήσω

313 3074 558 3145 χεῖρας,
603 3062 815 3139 βέλος,
858 3057 1082 3149 κήδεα,
1127 3053 1348 3126 άεικέα
1391 3058 1678 3144 πότμον,
1726 3054 1983 3126 ἄεθλον
2028 3064 2253 3147 Romu

494 3184 637 3258 149)
681 3187 924 3248 Suidas:
961 3172 1076 3245 ’ὅτι
1115 3175 1426 3257 Ἄτταλος
1469 3175 1507 3244 ὁ
1546 3172 1994 3257 Ἀπολλωνίας
2040 3171 2208 3266 άνὴρ
2252 3179 2559 3260 βασιλεὺς

318 3273 520 3360 Ἄσίας
586 3278 1023 3367 μεταλλάττει
1090 3278 1215 3347 τὸν
1282 3283 1434 3363 βίον
1499 3282 1975 3368 πληρωθείσης
2030 3273 2134 3347 ἐπ’
2191 3275 2383 3368 αύτῷ
2444 3286 2558 3370 τῆς

320 3388 586 3462 Πυθίας
658 3378 806 3470 ἥτις
869 3384 1482 3471 χρηστηριαζομένη
1544 3375 1833 3469 Ἀττάλῳ
1903 3386 2001 3469 τῷ
2069 3371 2339 3471 μεγάλω
2393 3383 2554 3472 ἔφη·

325 3483 566 3573 Θάρσει
611 3492 755 3553 κτλ.
802 3494 875 3554 cf.
921 3494 1092 3555 Diod.
1137 3512 1228 3554 ex.
1274 3496 1405 3553 Vat.
1435 3494 1681 3552 XXXIV
1716 3487 1770 3552 8.
1816 3495 1995 3553 Pane.
2024 3495 2078 3553 X
2114 3492 2209 3570 15,
2240 3490 2296 3554 3.

499 3594 563 3653 1;
607 3580 761 3676 τιμὴ
806 3590 1104 3675 βασιληίς
1150 3597 1215 3655 11.
1246 3596 1326 3655 VI
1367 3590 1502 3654 193.
1536 3588 1557 3671 ΙΙ

496 3711 641 3786 150)
687 3716 844 3774 Plut.
889 3716 1057 3775 Arat.
1090 3712 1202 3774 53:
1256 3704 1564 3792 ἔπεμψαν
1610 3704 1675 3772 οἱ
1720 3703 2089 3773 Σικυώνιοι
2133 3707 2224 3786 εἰς
2266 3701 2561 3791 Δελφούς

320 3805 716 3898 ἐρησόμενοι
768 3808 892 3897 τὴν
934 3810 1227 3877 Πυθίαν.
1291 3799 1332 3897 ἦ
1394 3809 1466 3875 δὲ
1529 3800 1758 3886 αὐτοῖς
1803 3801 2063 3895 άναιρεϊ
2100 3807 2222 3877 τὸν
2262 3808 2561 3897 χρησμὸν

318 3906 545 3979 τόνδε·
590 3908 894 3997 Βουλεύῃ
940 3917 1084 3979 κτλ.

490 4041 546 4082 v.
584 4020 646 4082 1:
690 4011 1025 4096 βουλεύου
1069 4024 1220 4084 coni.
1264 4022 1642 4085 Sohaeferuffl
1675 4016 1697 4099 ΙΙ

311 4206 318 4211 ,
497 4139 642 4213 151)
699 4142 857 4202 Plut.
921 4143 997 4203 de
1060 4143 1235 4219 Pyth.
1297 4160 1383 4204 or.
1429 4142 1544 4202 XI:
1614 4136 1769 4221 περὶ
1839 4130 1965 4199 τόν
2026 4134 2377 4200 Φιλίππου
2450 4133 2563 4198 καὶ

311 4229 656 4321 Ῥωμαίων
699 4234 1017 4324 πόλεμον.
