3166 4871
510 249 631 308 :ino

509 423 590 483 lx
642 428 713 483 11
782 442 838 499 p.
888 427 1029 483 776.
1121 423 1579 482 Kretsclimann.
1638 442 1693 500 p.
1749 427 1861 485 101
1912 441 2076 500 seqq.
2163 424 2413 483 Koziol:
2469 423 2576 482 der
2639 423 2745 483 Stil

510 524 619 585 des
674 525 965 601 Apuleius
1035 545 1092 603 p.
1152 528 1289 586 145.
1397 525 1765 585 Kuehnast.:
1820 525 2047 585 Livian.
2103 524 2270 602 Synt.
2330 546 2388 602 p.
2433 531 2556 587 273
2580 545 2747 602 seqq.

509 628 811 687 Kuehner.
841 628 902 687 11
947 627 982 697 ξ
1016 631 1158 703 242,
1192 624 1271 700 7).

680 728 872 806 Saepe
919 731 1272 806 pronomina
1325 730 1667 805 personalia
1721 748 1964 806 prorsus
2008 748 2381 807 supervacuo
2427 728 2748 789 adduntur.

513 833 811 892 nonnullis
856 832 1000 892 loeis
1044 832 1326 892 videntur
1371 833 1675 899 enclitice,
1733 840 1799 892 ut
1844 834 1925 891 ita
1970 832 2193 909 dicam,
2238 833 2439 892 addita
2494 850 2627 893 esse
2671 833 2746 891 ad

509 935 843 1010 augendam
891 934 1009 993 vim
1055 936 1471 1010 praecedentis
1515 935 1685 995 verbi
1733 940 1793 995 et
1836 935 1910 994 ad
1957 942 2191 1013 gratum
2238 935 2534 1013 quendam
2567 936 2750 995 totins

512 1039 803 1098 enuntiati
850 1056 1163 1097 numerum
1212 1036 1605 1097 efficiendum.
1695 1039 1794 1115 ita,
1840 1045 1906 1099 ut
1948 1057 2139 1117 pauca
2186 1040 2428 1098 afferam
2459 1040 2751 1116 exempla,

513 1141 767 1217 legimus
828 1159 873 1200 c.
909 1142 1020 1202 74:
1087 1141 1210 1199 scis
1256 1144 1320 1197 tu
1364 1155 1456 1199 me
1498 1157 1617 1200 non
1663 1142 1934 1211 mentiri,
1989 1161 2039 1200 c.
2083 1145 2196 1203 48:
2240 1157 2436 1199 narra
2479 1146 2543 1200 tu
2587 1141 2751 1213 mihi,

514 1263 564 1303 c.
598 1246 704 1303 78:
747 1244 880 1302 vide
925 1250 1005 1321 lu,
1047 1259 1122 1302 ne
1166 1245 1280 1301 ista
1326 1258 1527 1301 mures
1576 1246 1861 1317 tanqam,
1915 1262 1964 1303 e.
2006 1248 2111 1304 62:
2156 1250 2374 1302 noem-s·
2418 1259 2529 1316 eqo
2574 1259 2751 1303 occa-

512 1348 739 1405 sionem
785 1354 844 1405 et
887 1346 944 1404 in
993 1347 1207 1405 ceteris
1253 1346 1389 1405 libri
1437 1345 1712 1423 partibus
1758 1365 1808 1405 c.
1840 1350 1909 1408 9:
1948 1344 2351 1419 perturbatus
2384 1361 2516 1420 eqo,
2561 1366 2607 1405 c.
2641 1351 2750 1407 25:

515 1447 797 1522 obstupui
841 1463 984 1524 eqo,
1045 1467 1093 1506 c.
1124 1451 1233 1508 41:
1279 1448 1558 1506 damnavi
1602 1464 1714 1522 eqo
1757 1455 2066 1522 stuporem
2110 1465 2326 1519 meum,
2372 1466 2421 1506 c.
2452 1452 2557 1510 82:
2607 1449 2757 1522 quid

517 1558 599 1623 m,
648 1551 859 1623 inquil,
906 1550 1242 1621 commilito,
1291 1566 1369 1607 ex
1416 1566 1536 1623 qua
1582 1550 1824 1624 quione
1863 1552 1987 1623 es?‚
2036 1571 2085 1610 c.
2116 1555 2228 1612 92:
2275 1552 2586 1625 imerroqo
2620 1567 2750 1624 e90.

514 1684 601 1695 —
657 1654 832 1713 etiam
894 1652 1248 1729 pronomina
1308 1652 1647 1728 possessiva
1709 1653 1951 1729 saepius
2007 1652 2380 1713 abundanter
2435 1652 2751 1713 adduntur.

517 1757 590 1816 cf.
637 1756 705 1815 A.
748 1775 784 1814 a
828 1753 1129 1815 Guericke
1175 1774 1230 1831 p.
1264 1759 1362 1815 53.
1451 1755 1910 1814 Kretschmann.
1955 1774 2013 1832 p.
2043 1760 2140 1817 88.

687 1858 961 1936 Denique
1018 1858 1136 1917 huc
1196 1859 1499 1934 pertinent
1544 1858 1870 1918 nonnullae
1917 1859 2277 1935 sententiae,
2322 1865 2388 1918 ut
2431 1880 2479 1919 e.
2511 1863 2617 1921 63:
2660 1875 2755 1918 re·

517 1964 712 2021 dinms
756 1962 972 2019 iterum
1018 1961 1102 2019 ad
1145 1961 1417 2033 officium
1464 1960 1632 2019 aliae.

686 2062 1042 2139 Saepissime
1106 2063 1322 2123 deinde
1377 2068 1482 2123 aut
1539 2064 1782 2140 singula
1842 2065 2176 2124 sententiae
2231 2066 2418 2124 verba
2461 2064 2553 2136 (ut
2596 2064 2755 2135 esse)

514 2172 617 2227 aut
660 2172 861 2243 partes
906 2167 1334 2226 sententiarum
1397 2172 1501 2225 ant
1547 2168 1884 2227 sententiae
1932 2172 2091 2226 totae
2136 2168 2517 2235 omittuntur,
2564 2169 2646 2226 ita
2689 2173 2757 2226 nt

516 2271 589 2331 ab
649 2271 840 2330 altera
897 2288 962 2329 re
1025 2268 1100 2327 ad
1160 2269 1407 2328 alteram
1469 2275 1810 2330 transeatur
1865 2271 2098 2330 omissis
2159 2289 2314 2347 quae
2360 2270 2756 2329 intercedunt.

517 2372 619 2431 sed
667 2372 741 2431 de
803 2371 913 2431 hac
966 2389 1031 2431 re
1075 2370 1317 2430 uberius
1375 2370 1530 2430 infra
1577 2371 1866 2450 dicemus,
1927 2372 2026 2431 ubi
2091 2372 2164 2431 de
2210 2373 2503 2450 asyndeto
2563 2376 2624 2433 et
2683 2372 2755 2431 de

517 2474 869 2552 quibusdam
915 2474 1228 2551 particulis
1272 2492 1534 2550 agemus.

833 2661 869 2730 ᾖ
901 2667 954 2723 3.
1014 2662 1115 2717 De
1162 2661 1601 2717 asseverandi
1647 2661 2063 2727 quibusdam
2108 2663 2449 2720 formulis.

687 2779 956 2840 Sermoni
1006 2779 1276 2840 familiari
1325 2781 1744 2841 usitatissimae
1801 2790 1942 2842 sunt
2001 2789 2201 2843 certae
2262 2783 2556 2860 quaedam
2603 2783 2758 2843 affir-

517 2884 715 2945 mandi
776 2885 1102 2959 formulae,
1163 2883 1379 2962 quibus
1440 2885 1682 2961 saepius
1743 2904 1839 2944 res
1902 2886 2076 2945 etiam
2139 2887 2416 2945 levissimi
2477 2887 2756 2946 momenti

515 2993 953 3047 asseverantur.
1043 3005 1161 3064 qua
1205 2986 1279 3044 de
1326 3005 1508 3046 causa
1550 2989 1897 3063 saepissime
1934 2989 2322 3048 inveniuntur
2356 2988 2516 3065 apud
2548 2995 2757 3065 poetas

518 3092 774 3150 comicos
821 3109 928 3148 nec
972 3107 1110 3148 raro
1154 3089 1216 3147 in
1263 3089 1769 3166 inscriptionibus.
1860 3091 2020 3150 hunc
2076 3109 2245 3151 usum
2311 3110 2440 3151 esse
2502 3091 2760 3150 rudioris

522 3194 740 3269 ingenii
804 3193 914 3251 iam
976 3197 1212 3250 veteres
1287 3192 1642 3252 observasse
1723 3193 1897 3252 docet
1970 3194 2425 3308 Theophrastus
2499 3193 2756 3253 charact.

520 3317 568 3355 c.
605 3297 682 3354 Vl
727 3299 957 3371 p.128‚
1003 3298 1079 3353 12
1115 3312 1281 3370 seqq.
1326 3292 1418 3353 ed.
1465 3296 1772 3354 Petersen.
1829 3282 1869 3373 ἡ
1918 3289 1989 3353 δὲ
2037 3279 2331 3354 ἆπόιοιά
2373 3288 2552 3354 ἐστιι
2596 3283 2757 3353 {sto-

520 3381 692 3475 μονὴ
744 3389 1038 3472 αἰσχρῶν
1082 3385 1298 3508 ἔργων
1341 3389 1454 3453 καὶ
1501 3380 1746 3473 λογων,
1793 3413 1830 3454 o
1871 3391 1939 3455 δὲ
1972 3383 2511 3477 ἅπονειοημένος
2539 3395 2759 3456 τοιοῦ-

519 3486 636 3570 τός
687 3518 818 3572 τις,
878 3486 1019 3568 οἶος
1080 3484 1315 3576 ὀμόσαι
1372 3488 1538 3576 ταχύ
1592 3518 1642 3557 e.
1689 3519 1742 3576 q.
1807 3518 1850 3559 s.
1911 3505 2172 3559 ceterum
2230 3502 2550 3577 ploraque,
2603 3519 2760 3576 quae

519 3602 975 3679 Theophrastus
1035 3602 1272 3678 collegit
1329 3603 1500 3679 signa
1562 3601 1941 3662 diversorum
2006 3603 2445 3681 characterum,
2508 3605 2565 3662 in
2627 3622 2759 3680 per-

521 3706 684 3765 sonis
728 3704 1101 3763 Petronianis
1146 3704 1491 3782 reperimus.
1581 3723 1651 3763 ae
1698 3704 2043 3780 saepissime
2092 3705 2328 3781 quidem
2391 3707 2448 3764 ἱιι
2498 3706 2758 3765 Petronii

523 3809 673 3867 libro
720 3808 1051 3866 invenimus
1096 3805 1360 3865 additum
1408 3807 1802 3866 mehercule&
1893 3807 1964 3865 cf.
2014 3826 2065 3866 c.
2100 3813 2179 3868 33
2226 3805 2349 3880 (35,
2384 3807 2464 3885 6),
2510 3813 2589 3868 38
2635 3809 2757 3880 (42,

523 3909 605 3987 5),
649 3905 889 3987 433(47,
921 3912 1001 3985 8),
1048 3914 1124 3970 63
1172 3909 1295 3980 (74,
1329 3911 1450 3978 20),
1500 3913 1576 3970 65
1626 3908 1751 3986 (78,
1781 3908 1865 3986 8),
1910 3913 1989 3971 69
2037 3909 2161 3987 (81,
2194 3909 2315 3986 22),
2362 3915 2440 3972 95
2482 3913 2644 3979 (115,
2679 3907 2760 3984 2),

529 4016 643 4074 107
699 4013 883 4088 (129,
936 4009 1056 4083 19).
1160 4013 1400 4086 saepius
1468 4012 1641 4070 etiam
1708 4013 2040 4088 negativam
2110 4014 2438 4071 invenimus
2508 4013 2757 4071 formam
2868 3999 2877 4008 ⁹

522 4134 640 4174 non
683 4116 1074 4174 mehercules.
1165 4115 1237 4173 cf.
1284 4133 1331 4172 c.
1375 4119 1452 4175 37
1503 4116 1638 4182 (40,
1683 4113 1764 4191 9),
1809 4119 1889 4176 43
1937 4115 2062 4192 (48,
2094 4114 2174 4192 6),
2220 4120 2301 4175 44
2347 4109 2476 4191 (48,
2510 4113 2631 4192 11),
2675 4119 2755 4175 45

524 4221 804 4294 (50,1ο),
847 4221 925 4279 49
960 4217 1083 4294 (56,
1120 4221 1195 4277 12
1228 4221 1287 4275 et
1320 4214 1444 4291 22),
1490 4221 1568 4277 57
1603 4211 1725 4290 (66,
1762 4215 1884 4292 15),
1929 4215 2006 4277 61
2043 4215 2168 4294 (72,
2200 4215 2325 4294 22),
2369 4214 2605 4294 76(90,
2640 4214 2760 4294 12),
