3166 4871
557 279 682 339 254
1587 276 1840 331 Zacher

560 454 697 513 mul.
741 453 794 531 1,
836 473 895 532 p.
926 451 1071 532 626,
1115 450 1213 513 37.
1260 450 1359 531 39,
1434 454 1886 532 Aegyptiosque
1931 455 2046 515 1188
2088 455 2321 532 liquore
2362 455 2424 514 in
2457 454 2812 515 condiendis

568 556 964 616 cadaveribus
1018 574 1159 617 usos
1213 574 1345 616 esse
1395 555 1471 615 ad
1517 560 1788 616 ventiem
1851 557 2172 618 eluendum
2217 563 2424 619 narrat
2462 556 2813 617 Herodotus

558 659 637 735 11,
686 654 783 718 88.
871 658 1030 733 Quid
1076 658 1372 736 significet
1414 658 1574 735 apud
1622 659 1875 719 eundem
1922 660 2004 736 11,
2056 656 2173 716 125
2217 661 2279 719 iu
2325 659 2585 735 Gheopis
2630 677 2809 737 pyra-

558 761 744 821 mide
773 763 1125 839 inscriptum
1185 779 1316 821 esse
1370 761 1706 821 tradentem
1766 760 1866 835 (ex
1912 762 2221 823 Herodoto
2281 763 2390 822 nisi
2437 761 2611 822 fallor
2652 760 2808 821 idem

558 863 801 924 tradens
847 865 1046 923 hausit
1091 862 1268 923 Diod.
1311 864 1358 941 1,
1402 860 1509 937 64)
1570 847 1697 923 ὅσα
1743 855 1808 935 ἔς
1851 882 1921 922 τε
1970 858 2299 944 συρμαίην
2343 859 2453 923 καὶ
2499 853 2812 942 κρόμμυα

557 960 671 1025 καὶ
715 955 1011 1046 σκόροδα
1055 950 1483 1046 ἀναισιμώθη
1528 971 1706 1025 τοῖσι
1751 959 2250 1046 ἐργαζομένοισι
2303 965 2503 1040 (cuius
2554 967 2810 1044 inserip-

560 1070 738 1128 tionis
783 1088 944 1129 nuuc
988 1069 1155 1129 1111118
1199 1074 1431 1129 restant
1474 1066 1749 1146 vestigia)
1796 1088 1912 1129 non
1963 1074 2213 1130 constat.
2296 1072 2434 1130 Non
2467 1069 2542 1129 de
2572 1069 2813 1146 liquore

559 1172 911 1250 purgatorio
967 1172 1081 1232 hoc
1137 1171 1267 1231 loco
1323 1171 1707 1248 cogitandum
1764 1188 1897 1231 esse
1941 1172 2047 1231 sed
2093 1172 2187 1233 (18
2216 1172 2350 1232 81118
2396 1172 2492 1232 vel
2537 1175 2687 1250 potu
2732 1171 2812 1231 ad

562 1275 784 1333 victum
851 1275 1191 1334 necessario
1257 1278 1528 1351 apparet.
1641 1273 1954 1349 Quodnam
2021 1278 2220 1335 autem
2286 1275 2549 1351 potionis
2616 1292 2813 1352 genus

562 1377 675 1436 hoc
721 1376 1013 1437 vocabulo
1057 1375 1300 1454 proprie
1345 1375 1737 1452 significatum
1783 1376 1891 1454 sit,
1951 1381 2011 1437 et
2054 1382 2292 1438 veteres
2337 1382 2397 1438 et
2442 1378 2814 1438 recentiores

560 1478 878 1539 admodum
941 1479 1316 1539 dissentiunt.
1402 1478 1756 1555 Raphanum
1814 1481 1899 1539 818
1944 1484 2223 1541 vocatum
2283 1482 2536 1557 eiusque
2597 1497 2811 1539 sucum

562 1599 696 1640 eum
741 1581 868 1640 sale
912 1582 1148 1641 mistum
1195 1581 1269 1663 ad
1315 1581 1699 1660 purgandum
1739 1581 2066 1669 adhibitum
2098 1600 2231 1643 esse
2263 1582 2513 1642 tradunt
2542 1582 2813 1642 Erotian.

563 1684 714 1743 Poll.
759 1684 948 1744 Diocl.
991 1702 1085 1760 ap.
1131 1684 1300 1743 Paul.
1346 1684 1493 1761 Aeg.
1543 1681 1597 1762 1,
1649 1681 1784 1744 100.
1828 1684 2030 1746 Schol.
2073 1686 2176 1746 Ar.
2220 1681 2573 1745 Ρ88.1254.
2661 1685 2813 1744 Aliis

561 1786 883 1847 videbatur
936 1786 1099 1863 potio
1157 1804 1230 1846 ex
1292 1805 1449 1864 aqua
1494 1793 1556 1848 81
1599 1786 1754 1865 8818,
1815 1777 2001 1865 πόμα
2044 1771 2129 1846 δι’
2172 1772 2421 1857 ὕδατος
2462 1780 2576 1845 καὶ
2621 1775 2814 1845 ἁλῶν

563 1889 822 1966 Hesych.
908 1890 1024 1949 Alii
1072 1889 1335 1966 Didymo
1380 1894 1629 1949 auctore
1673 1910 1747 1950 ex
1793 1890 2016 1951 hordeo
2063 1890 2285 1950 factum
2332 1908 2460 1950 8888
2506 1888 2815 1950 affirmant

565 1999 623 2052 et
667 1992 820 2052 idem
869 2009 1001 2051 8888
1048 1996 1231 2069 atque
1277 1981 1523 2067 ζύθοντ
1568 1992 1764 2053 881181.
1809 1994 1910 2053 Ar.
1955 1994 2091 2053 Pac.
2145 1989 2302 2050 1254
2348 1986 2526 2061 τινὲς
2571 1986 2643 2050 δὲ
2690 1982 2819 2051 τὸν

567 2084 935 2172 λεγόμενον
981 2083 1221 2169 ζύθον,
1267 2082 1360 2166 ὡς
1403 2090 1515 2153 καί
1561 2106 1722 2174 φησι
1770 2090 2069 2172 Δίδυμος.
2162 2095 2356 2157 Schol.
2399 2095 2641 2156 Thesm.
2690 2092 2815 2152 857

563 2186 882 2275 κρίθινόν
940 2190 1078 2256 ἐστι
1140 2186 1429 2277 πότημα.
1494 2199 1587 2259 (31.
1630 2198 1775 2258 Hdt.
1821 2195 1887 2276 2,
1934 2196 2012 2255 77
2069 2191 2454 2276 συρμαΐζειν
2508 2198 2818 2274 explicant

564 2294 920 2377 καθαίρειν
965 2292 1040 2358 ἐκ
1086 2296 1282 2374 ζειῶν
1326 2294 1441 2358 καὶ
1484 2286 1759 2377 ὕδατος,
1818 2301 1904 2360 818
1950 2302 2123 2360 etiam
2170 2301 2332 2362 Suid.
2406 2290 2819 2380 Βρωμάτιον

568 2391 677 2460 διὰ
723 2396 996 2474 στέατος
1040 2396 1153 2462 καὶ
1193 2397 1463 2481 μέλιτος
1508 2405 1596 2464 818
1640 2409 1917 2465 vocatum
1963 2422 2093 2466 esse
2124 2404 2395 2482 Spartae,
2438 2408 2498 2464 et
2536 2404 2817 2465 ludorum

568 2506 892 2583 praemium
936 2506 1121 2565 fuisse
1183 2513 1388 2566 narrat
1433 2508 1789 2584 Hesychius.
1879 2509 2155 2585 Denique
2213 2507 2573 2584 quibusdam
2636 2508 2816 2566 8118111

568 2597 867 2685 λάχανόν
895 2625 962 2667 τι
993 2604 1234 2686 σελίνῳ
1279 2599 1499 2679 ἐοικός
1530 2628 1663 2671 8888
1695 2610 2027 2688 videbatur,
2072 2611 2334 2686 Hesych.
2363 2609 2525 2671 Suid.
2598 2611 2819 2687 Neque

569 2713 759 2771 minus
802 2711 1162 2771 dissentiunt
1205 2714 1593 2790 recentiores,
1636 2731 1888 2789 quorum
1934 2714 2264 2773 sententias
2293 2732 2348 2773 v.
2378 2732 2472 2790 ap.
2503 2713 2821 2790 Spreugel‚

567 2814 783 2875 Gesch.
836 2815 893 2874 d.
947 2813 1157 2874 Medic.
1201 2815 1257 2888 1,
1303 2835 1358 2893 p.
1406 2812 1514 2892 71,
1577 2817 1740 2875 Bahr
1798 2815 1875 2875 ad
1940 2816 2077 2875 Hdt.
2123 2816 2207 2892 11,
2254 2812 2352 2875 88.
2423 2812 2558 2875 125.
2645 2815 2819 2889 Quae

569 2936 749 2994 quum
796 2919 878 2977 ita
921 2918 1057 2994 sint,
1098 2917 1510 2977 difficillimum
1551 2923 1645 2977 881
1673 2918 2000 2995 intellectu,
2045 2936 2199 2995 quae
2231 2918 2505 2998 vocabuli
2539 2918 2618 2978 sit
2647 2919 2818 2994 origo

568 3023 629 3078 et
682 3020 1034 3095 significatio
1097 3021 1469 3097 primigenia.
1554 3022 1699 3080 Rem
1755 3038 1886 3080 esse
1945 3040 2020 3080 ex
2066 3022 2347 3099 Aegypto
2392 3022 2451 3080 in
2500 2991 2815 3081 draeciam

568 3124 911 3183 translatam
932 3127 1183 3200 constat,
1214 3143 1352 3183 num
1378 3125 1553 3183 etiam
1579 3143 1812 3199 nomen,
1843 3125 2132 3183 incertum
2153 3129 2262 3184 881.
2315 3125 2403 3183 Α8
2427 3142 2503 3183 118
2524 3124 2820 3200 Georgius

569 3226 761 3286 Ebers
805 3226 1045 3304 quidem
1091 3227 1192 3303 qui
1237 3246 1275 3286 8
1320 3245 1411 3286 1118
1456 3245 1528 3286 88
1572 3226 1649 3286 de
1685 3245 1752 3286 18
1784 3231 2031 3304 rogatus
2075 3226 2639 3287 benevolentissime
2670 3226 2817 3302 quid

568 3330 818 3389 sentiret
862 3348 1090 3388 mecum
1137 3330 1600 3389 communicavit
1643 3329 1864 3389 certius
1908 3329 2236 3406 quidquam
2278 3328 2575 3389 affirmare
2606 3330 2820 3406 potuit.

570 3432 725 3490 Nam
771 3451 847 3490 ex
893 3432 1078 3490 verbo
1122 3432 1407 3509 aegyptio
1453 3429 1606 3490 suriz
1658 3435 1869 3509 potare
1914 3435 2094 3508 potus
2138 3431 2335 3507 potuit
2376 3451 2525 3491 88118
2555 3431 2817 3490 derivari

569 3533 753 3592 881181.
799 3530 1047 3591 surizmu
1094 3535 1189 3592 vei
1231 3533 1567 3593 ,ςιινὰηιιιιηι
1614 3540 1808 3612 potus,
1852 3534 2117 3593 88111188
2158 3533 2590 3610 significatione
2634 3533 2819 3592 tradi·

567 3639 691 3695 tum
738 3653 869 3695 esse
914 3655 1032 3695 non
1079 3636 1333 3695 videtur.
1421 3638 1578 3696 Huic
1626 3638 2014 3713 conjecturae
2057 3637 2236 3696 aliam
2283 3636 2449 3696 addit
2479 3637 2570 3695 vir
2599 3634 2820 3695 doctis-

570 3740 753 3798 simus
798 3739 983 3798 hanc:
1032 3739 1138 3806 „111
1171 3740 1424 3798 meinem
1457 3757 1728 3816 papyrus
1759 3739 1986 3799 kommt
2026 3739 2172 3799 aber
2216 3738 2369 3798 auch
2415 3738 2511 3797 eiu
2558 3736 2817 3814 getrank

569 3859 709 3918 vor,
753 3840 862 3900 das
906 3859 1096 3916 gegen
1144 3839 1435 3918 ,ubelkeit
1479 3842 1556 3900 im
1604 3835 1785 3928 leibef
1837 3841 2204 3918 eingegeben
2251 3841 2400 3900 wird
2448 3839 2573 3901 und
2615 3855 2823 3898 sarem

570 3943 717 4004 oder
777 3960 875 4002 mu
934 3961 1011 4003 en
1077 3960 1318 4003 saremu
1391 3962 1815 4004 saremwasser
1887 3947 2155 4021 genannt
2220 3944 2387 4004 wird.
2484 3944 2566 4003 Es
2623 3942 2819 4002 8811811

570 4047 768 4107 davon
815 4044 854 4104 2
899 4048 1124 4130 limina,
1185 4047 1312 4107 (1.1.
1356 4045 1394 4104 2
1423 4057 1510 4110 ><
1541 4045 1727 4125 0,465
1788 4048 1926 4107 liter
1981 4066 2331 4124 genommen
2378 4046 2638 4106 werden.
2726 4043 2821 4104 Ob

569 4150 676 4210 das
708 4144 995 4229 συρμαία
1023 4151 1101 4209 ist
1117 4151 1187 4210 ‘3⁸⁴
1248 4149 1363 4210 Sed
1395 4170 1469 4210 ex
1501 4168 1634 4209 mea
1663 4150 1902 4226 quidem
1942 4149 2258 4227 sententia,
2301 4167 2484 4225 quum
2531 4142 2823 4224 συρμαία

569 4252 874 4313 veteribus
948 4253 1031 4312 118
1105 4252 1409 4312 videretur
1473 4253 1907 4329 Aegyptiorum
1978 4252 2231 4329 propria
2304 4255 2370 4312 ut
2434 4250 2534 4311 vel
2610 4249 2824 4310 comici
