3166 4871
532 295 571 356 8

537 469 726 547 Θρῖα.
820 467 999 527 Vides
1044 468 1260 546 opinor
1307 468 1610 527 inventam
1658 487 1788 528 eam
1833 488 1962 528 esse
1993 487 2065 527 eo
2098 469 2345 543 oonsilio
2377 472 2442 528 ut
2473 468 2778 545 proverbii

531 573 699 649 origo
760 571 833 630 ab
894 571 1172 647 Apolline
1234 570 1585 648 duceretur,
1645 571 1751 630 sed
1812 589 1887 631 ne
1947 572 2100 631 bene
2160 572 2402 648 quidem
2461 572 2778 632 inventam.

530 677 684 736 Nam
731 673 1029 750 Apollinis
1085 673 1249 749 quod
1310 673 1503 733 fertur
1562 691 1916 750 responsum
1963 674 2202 738 omnino
2249 675 2310 734 iu
2373 692 2611 734 sensum
2657 693 2778 734 non

531 776 824 856 quadrat:
884 778 932 837 si
980 769 1201 853 Apollo
1249 775 1561 835 Minervae
1602 775 1922 836 invidisset
1965 780 2148 853 atque
2195 778 2422 855 Iupiter
2467 777 2778 837 Minervae

530 899 604 939 ex
670 879 920 939 ealeulis
979 877 1263 937 vaticinia
1319 878 1629 938 mendacia
1692 879 2018 957 effecisset,
2077 878 2344 955 Apollini
2407 881 2537 941 sine
2597 880 2779 941 dubio

444 969 453 977 ⁶
531 982 848 1042 dicendum
896 980 1039 1041 fuit:
1085 981 1377 1041 videtisne
1423 982 1720 1042 neminem
1765 985 2007 1057 praeter
2051 1000 2144 1042 me
2188 1000 2286 1043 res
2333 981 2570 1045 futuras
2601 1000 2778 1058 posse

531 1084 932 1161 praedicere?
1019 1083 1176 1142 Illud
1219 1079 1472 1162 παῦροι
1515 1072 1786 1160 μάντιες
1832 1069 2071 1163 ἄνδρες
2115 1085 2313 1162 igitur,
2356 1086 2406 1144 si
2451 1086 2536 1144 ita
2570 1102 2668 1145 res
2713 1103 2778 1145 se

531 1186 812 1263 haberet,
857 1186 932 1245 ab
976 1204 1065 1261 ee,
1113 1185 1274 1263 quod
1320 1186 1538 1263 Apollo
1583 1186 1801 1264 vellet,
1843 1205 2091 1262 prorsus
2134 1187 2393 1247 alienum
2442 1186 2569 1247 fuit.
2656 1187 2775 1247 Sed

529 1305 1039 1365 supervacaneum
1100 1287 1342 1348 videtur
1404 1288 1646 1348 uberius
1708 1289 1783 1348 de
1845 1290 1958 1349 hoe
2003 1307 2179 1348 versu
2241 1289 2585 1367 disputare,
2644 1308 2778 1349 eum

531 1391 806 1451 omnibus
850 1391 1060 1467 opinor
1092 1408 1447 1467 persuasum
1496 1392 1586 1450 sit·
1619 1391 1785 1452 initio
1816 1393 2202 1469 proverbium
2233 1391 2424 1454 fnisse.
2447 1398 2778 1470 posteaque

530 1492 796 1553 fabulam
843 1494 1002 1553 illam
1051 1510 1184 1552 esse
1229 1492 1442 1553 fletam.
2463 1478 2473 1489 ⁶

702 1615 771 1672 In
799 1612 1252 1689 proverbiorum
1283 1631 1532 1672 numero
1563 1612 1748 1674 fuisse
1780 1615 1956 1673 etiam
1989 1596 2190 1685 οὗτος
2222 1601 2421 1685 ἄλλος
2456 1598 2780 1693 Ἡρακλῆς

530 1733 604 1775 ex
674 1715 1085 1791 compluribus
1148 1715 1501 1776 testimoniis
1562 1720 1814 1776 constat.
1840 1713 1883 1787 ¹)
1989 1716 2173 1777 Cuius
2241 1718 2561 1794 originem,
2625 1736 2779 1794 quae

527 1818 709 1876 variis
756 1817 988 1877 fabellis
1033 1817 1468 1896 illustrabatur,
1512 1818 1589 1877 ad
1622 1818 1957 1895 Apollinem
1991 1819 2348 1898 Delphicum
2395 1814 2800 1881 referendam

529 1938 659 1979 esse
718 1921 831 1979 iam
879 1920 1236 1998 Clearchus,
1300 1920 1636 1980 Aristotelis
1700 1921 2060 1999 discipulus,
2122 1924 2439 1993 memoriae
2485 1922 2777 1999 prodidit:

527 2022 748 2082 Zenob.
781 2023 831 2080 V
865 2017 976 2081 48:
1036 2004 1237 2092 οὗτος
1284 2009 1484 2093 ἄλλος
1518 2011 1847 2102 Ἡρακλῆς
1895 2038 1908 2050 ·
1959 2018 2294 2105 Κλέαρχος
2339 2015 2779 2106 ἐξηγούμενος

529 2115 656 2203 τὴν
726 2119 1097 2202 παροιμίαν
1170 2119 1335 2203 φησὶ
1394 2115 1518 2183 τὸν
1583 2120 1891 2205 Βριαρέω
1960 2116 2387 2204 καλούμενον
2452 2115 2778 2206 Ἡρακλέα

528 2219 759 2284 ε’λθεῖν
806 2219 871 2295 ἐς
904 2217 1209 2302 Δελφοὺς
1248 2221 1362 2285 καὶ
1396 2216 1694 2303 λαβόντα
1738 2247 1803 2286 τι
1847 2226 1988 2287 τῶν
2035 2222 2174 2288 ἐκεῖ
2212 2225 2579 2309 κειμηλίων
2599 2218 2778 2288 ’κατά

528 2346 587 2385 τι
637 2318 929 2387 παλαιὸν
975 2320 1136 2398 ἔθος
1182 2316 1464 2409 ὁρμῆσαι
1510 2323 1617 2389 ἐπὶ
1654 2320 1773 2401 τὰς
1807 2319 2212 2410 ἹῙρακλέους
2257 2321 2499 2412 στήλας
2531 2330 2775 2390 καλου-

529 2425 731 2508 μένας
775 2425 888 2489 καὶ
932 2428 1073 2490 τῶν
1128 2424 1269 2490 ἐκεῖ
1319 2427 1811 2511 περιγενέσθαι.
1911 2423 2156 2513 Χρόνῳ
2204 2428 2272 2493 δὲ
2319 2419 2609 2512 ὕστερον
2652 2424 2775 2494 τὸν

536 2524 778 2612 Τύριον
813 2522 1134 2610 Ἡρακλέα
1164 2528 1395 2593 ἐλθεῖν
1427 2528 1493 2605 ἐς
1525 2527 1828 2610 Arm-aeg
1857 2527 2272 2615 χρησόμενον
2305 2535 2403 2614 τῷ
2432 2532 2727 2614 μαντείῳ
2763 2552 2773 2562 ·

526 2626 649 2694 τὸν
716 2631 785 2695 οὲ
832 2627 1002 2695 θεὸν
1064 2644 1459 2714 προσειπεῖν
1526 2622 1736 2696 αὐτὸν
1797 2625 2009 2696 ἄλλον
2058 2627 2382 2717 Ἡρακλέα
2435 2633 2548 2697 καὶ
2593 2624 2775 2716 οῧτῳ

528 2729 652 2815 τήν
710 2733 1076 2817 παροιμίαν
1135 2737 1476 2817 κρατῆσαι.
1583 2740 1854 2800 Eandem
1919 2742 2207 2818 originem
2264 2742 2594 2801 Pausanias
2638 2761 2772 2819 pro-

526 2841 735 2900 verbio
796 2841 1003 2901 tribuit
1051 2840 1131 2911 [X
1171 2838 1262 2917 13,
1293 2836 1357 2913 8]
1373 2885 1389 2918 ,
1451 2860 1816 2918 quamquam
1876 2843 1934 2902 in
2000 2843 2339 2916 enarranda
2399 2843 2605 2905 fabula
2657 2864 2774 2904 non

526 2942 705 3017 plane
752 2944 1030 3018 congruit
1061 2961 1193 3002 eum
1220 2942 1537 3004 Cleareho:
1586 2938 1845 3021 λέγεται
1882 2938 1950 3003 δὲ
1991 2933 2122 3004 ὑπὸ
2150 2942 2436 3020 Δελφῶν
2472 2935 2779 3025 Ἡρακλεῖ

526 3041 623 3101 ‘cri
654 3029 1146 3121 4μφιτρύωνος
1192 3034 1469 3104 ἐλθόντι
1516 3039 1627 3105 ἐπὶ
1672 3038 1751 3105 τὸ
1792 3037 2199 3128 χρηστήριον
2230 3039 2357 3127 τὴν
2394 3038 2775 3128 πρόμαντιν

528 3135 938 3210 Ξενόκλειαν
984 3164 1112 3205 ουκ
1144 3139 1466 3226 ἐθελῆσαί
1497 3141 1561 3207 οἱ
1591 3147 1762 3228 χρᾶν
1793 3140 1900 3208 δια
1931 3148 2056 3208 τοῦ
2089 3136 2334 3226 Ἰφίτου
2377 3169 2500 3210 τον
2535 3142 2775 3227 φόνον,

530 3239 653 3306 τὸν
710 3242 781 3306 ὀὶ
844 3233 1182 3326 αράμενον
1244 3240 1365 3309 τὸν
1426 3245 1718 3329 τρίποδα
1777 3245 1852 3310 ἐκ
1911 3250 2034 3311 τοῦ
2094 3250 2265 3312 ναοῦ
2337 3249 2567 3333 φέρειν
2628 3246 2775 3329 ἐξω,

533 3342 750 3407 ειπεῖν
797 3367 865 3408 τε
914 3340 996 3428 όη
1043 3342 1170 3428 τὴν
1213 3342 1638 3430 πρόμαντιν

759 3455 966 3538 ἄλλος
1012 3454 1115 3545 ἄρ’
1150 3457 1505 3549 Ἡρακλέης
1560 3462 1917 3548 Τιρύνθιος
1963 3459 2112 3551 οὐχὶ
2157 3467 2537 3548 Κανωβεύς.

528 3577 867 3663 πρότερον
908 3579 1032 3666 γὰρ
1065 3581 1160 3647 ἔτι
1194 3577 1231 3646 ὃ
1262 3580 1631 3667 Αἰγύπτιος
1665 3580 1985 3671 Ἡρακλῆς
2017 3579 2297 3668 ἄφίκετο
2331 3589 2397 3664 ἐς
2431 3588 2730 3673 Δελφούς
2760 3643 2775 3657 .

525 3678 679 3748 τότε
752 3683 821 3748 δὲ
892 3678 929 3749 ὁ
980 3676 1474 3769 Ἀμφιτρύωνος
1537 3682 1661 3751 τόν
1727 3711 1797 3751 τε
1869 3691 2158 3774 τρίποδα
2236 3682 2611 3757 ἀποδίδωσι
2677 3697 2774 3776 τῷ

524 3776 878 3850 Ἀπόλλωνι
927 3788 1039 3850 καὶ
1083 3784 1268 3872 παρὰ
1311 3792 1427 3871 τῆς
1460 3789 1861 3866 Ξενοκλείας
1907 3785 2128 3856 ὁπόσα
2174 3792 2388 3857 ἐδεῖτο
2429 3790 2768 3878 ἐδιδάχθη,

528 3893 709 3954 Vides
763 3895 968 3972 igitur,
1022 3897 1124 3973 qui
1168 3897 1351 3956 totius
1396 3897 1631 3957 fabulae
1677 3898 1811 3958 sons
1857 3901 2169 3962 habendus
2213 3902 2314 3960 sit:
2373 3903 2592 3977 Delphi
2638 3921 2770 3978 pro-

525 3996 732 4055 verbio
779 3995 882 4056 illo
929 3998 1021 4056 usi
1068 3998 1559 4078 eamfinxerunt.
1651 4002 1858 4061 Utrum
1907 4003 2085 4062 etiam
2146 4020 2385 4079 versae,
2447 4005 2548 4079 qui
2609 4004 2772 4080 apud

694 4261 735 4326 ¹)
770 4259 842 4314 ef.
878 4260 1121 4344 Leutseh
1157 4262 1227 4316 ad
1264 4263 1509 4333 Diogen.
1548 4265 1680 4319 163.
