3166 4871
516 297 639 357 354

684 468 950 526 Plinius
1012 474 1207 530 autem
1266 472 1326 530 in
1372 470 1550 530 tertio
1612 472 1899 530 naturalis
1956 471 2236 530 historiae
2292 471 2443 531 libro
2488 489 2766 544 magnum

517 578 577 632 et
621 573 1037 648 gravissimum
1086 574 1451 633 coloniarum
1499 573 1752 632 indicem
1800 574 1980 632 habet
2023 575 2323 633 nominum
2367 573 2774 649 quadraginta

517 680 671 736 octo.
759 674 875 735 Sed
922 676 1272 753 priusquam
1321 677 1434 735 hoc
1478 676 1676 735 indice
1721 676 1807 735 uti
1863 693 2209 753 possumus,
2271 675 2346 734 de
2403 675 2578 735 Plinii
2638 675 2770 735 fon·

519 778 683 838 tibus
729 778 790 838 in
839 777 1232 838 describenda
1278 778 1449 839 Italia
1494 777 1918 856 disputandum
1964 782 2071 838 est.

1539 1008 1578 1095 ξ,
1627 1013 1681 1075 3.
1703 1013 1746 1086 ι)

639 1147 742 1214 De
790 1135 1121 1214 fontibus
1169 1147 1426 1228 quibus
1472 1148 1755 1213 PlinIus
1802 1148 1879 1213 in
1925 1148 2146 1213 Italia
2189 1147 2658 1214 describenda

1475 1250 1576 1316 sit
1617 1268 1812 1316 usus.

686 1409 915 1468 Italiam
980 1408 1213 1469 Plinius
1274 1410 1559 1469 naturalis
1612 1410 1896 1469 historiae
1941 1410 2059 1487 111,
2114 1410 2149 1480 ἓ
2183 1413 2468 1483 38—76,
2510 1410 2548 1480 ξ
2594 1413 2771 1470 95-

526 1517 651 1576 133
721 1508 783 1583 [ξ
833 1514 1082 1572 77—95
1145 1510 1469 1588 descriptio
1528 1511 1859 1573 insularum
1924 1514 2102 1572 maris
2161 1514 2339 1572 Tusci
2404 1510 2767 1583 continetur]

521 1615 608 1673 sic
640 1612 945 1682 describit,
995 1616 1060 1672 ut
1089 1613 1347 1690 Augusti
1380 1611 1782 1690 discriptionis
1825 1615 1883 1673 in
1926 1614 2200 1673 undecim
2233 1615 2509 1689 regiones
2539 1615 2772 1674 ratione

520 1716 723 1775 habita
769 1709 805 1775 a
853 1716 1095 1775 flumine
1141 1714 1299 1775 Varo
1345 1716 1610 1791 regionis
1655 1734 1850 1777 nonae
1894 1717 2160 1792 incipiat,
2214 1713 2511 1793 ordinem',
2556 1718 2655 1792 qui
2702 1717 2771 1775 li·

518 1821 721 1879 torum
773 1821 968 1878 tractu
1015 1817 1290 1896 efficitur,
1335 1822 1625 1894 sequatur
1668 1836 1858 1895 usque
1903 1818 1977 1878 ad
2021 1820 2237 1879 flumen
2269 1820 2480 1879 Arsam
2514 1819 2774 1895 regionis

520 1920 800 1980 decimae.
908 1922 974 1980 In
1039 1919 1197 1981 omni
1244 1920 1489 1996 regione
1555 1919 2040 1998 frequentissima
2101 1922 2289 1981 litoris
2348 1921 2570 1999 oppida
2627 1941 2768 1981 enu-

521 2026 726 2099 merat,
759 2040 995 2081 cursum
1027 2023 1335 2082 fluminum
1368 2022 1668 2100 describit,
1712 2023 1974 2083 colonias
2008 2024 2287 2092 nominat,
2334 2023 2554 2100 oppida
2585 2023 2771 2083 vicos-

521 2143 638 2202 que
673 2125 975 2185 literarum
1023 2124 1233 2185 ordine
1279 2124 1569 2202 disponit,
1612 2124 1884 2203 adiungit
1927 2144 2048 2200 eos,
2094 2128 2196 2203 qui
2241 2127 2356 2186 iam
2403 2128 2772 2187 interierant.

700 2228 901 2304 Atque
948 2228 1218 2303 primum,
1278 2228 1327 2286 si
1388 2227 1641 2287 indicem
1695 2233 2006 2288 auctorum
2052 2229 2383 2288 Plinianum
2432 2229 2565 2288 libri
2611 2230 2772 2289 tertii
2819 2261 2828 2268 ·

524 2330 903 2406 inspicimus,
966 2332 1032 2387 ut
1076 2332 1386 2404 auctores,
1448 2329 1550 2404 qui
1614 2330 1979 2406 potissimum
2047 2332 2102 2389 in
2161 2330 2334 2390 ltalia
2378 2330 2775 2390 describenda

521 2431 769 2491 adhibiti
818 2434 976 2509 sunt,
1022 2450 1481 2509 cognoscamus,
1541 2433 1880 2493 invenimus
1935 2452 2141 2493 omnes
2191 2438 2502 2511 auctores,
2562 2434 2663 2509 qui
2713 2435 2776 2493 et

519 2535 577 2593 iu
640 2533 836 2593 indice
900 2539 961 2593 et
1022 2535 1080 2593 in
1148 2534 1292 2609 ipsis
1354 2535 1660 2610 scriptoris
1719 2535 1918 2594 verbis
1974 2540 2534 2612 commemorantur,
2596 2537 2772 2594 etiam

520 2636 579 2694 in
630 2635 739 2693 hac
786 2635 920 2694 libri
968 2638 1141 2711 parte
1174 2636 1483 2695 nominari.
1536 2636 1653 2696 Sed
1688 2636 1841 2696 hanc
1872 2638 2197 2713 quaerendi
2230 2639 2382 2697 viam
2418 2639 2777 2715 relinquere,

519 2738 691 2797 aliam
755 2736 988 2813 ingredi
1046 2737 1276 2797 Plinius
1335 2738 1463 2816 ipse
1529 2738 1706 2800 docet
1767 2740 1974 2800 ltaliae
2028 2740 2410 2817 descriptioni
2472 2742 2558 2800 sic
2602 2758 2775 2817 prae·

520 2839 680 2899 fatus
728 2838 788 2910 (ἓ
824 2837 961 2910 46):
1015 2841 1230 2911 „Nunc
1267 2841 1553 2900 ambitum
1602 2843 1727 2901 eius
1773 2841 1877 2913 (sc.
1910 2840 2145 2916 Italiae)
2192 2844 2488 2920 urbesque
2534 2862 2776 2902 enume-

522 2944 802 3019 rabimus,
850 2961 970 3019 qua
1016 2944 1074 3002 in
1107 2962 1173 3004 re
1207 2943 1468 3020 praefari
1500 2947 1900 3005 necessarium
1934 2950 2026 3006 est
2057 2964 2167 3006 nos
2199 2945 2400 3005 divum
2437 2947 2772 3022 Augustum

518 3050 845 3116 secuturos,
902 3045 1475 3123 discriptionemque
1535 3048 1610 3106 ab
1670 3066 1741 3108 eo
1797 3047 2008 3123 factam
2067 3049 2279 3109 Italiae
2337 3049 2520 3107 totins
2562 3049 2619 3106 in
2680 3066 2776 3107 re·

409 3199 413 3202 ,
517 3148 725 3223 giones
768 3148 869 3218 XI,
918 3147 1024 3207 sed
1077 3147 1287 3208 ordine
1335 3167 1404 3209 eo
1452 3151 1553 3227 qui
1603 3148 1841 3210 litorum
1887 3155 2081 3210 tractu
2126 3149 2229 3211 fiet
2266 3150 2497 3209 urbium
2533 3149 2775 3226 quidem

519 3250 855 3309 vicinitates
907 3250 1177 3310 oratione
1229 3252 1433 3327 utique
1480 3270 1895 3329 praepropera
1921 3253 2150 3312 servari
2182 3272 2297 3312 non
2331 3270 2530 3330 posse,
2573 3254 2778 3328 itaque

520 3352 803 3411 interiore
837 3353 972 3410 exin
1007 3356 1181 3429 parte
1213 3352 1603 3428 digestionem
1647 3356 1706 3413 in
1739 3356 1945 3415 literas
1976 3354 2236 3415 eiusdem
2287 3372 2396 3415 nos
2441 3358 2779 3429 secuturoS,

522 3454 889 3514 coloniarum
936 3455 1237 3514 mentione
1302 3456 1539 3532 signata
1600 3475 1753 3533 quas
1817 3457 1914 3517 ille
1972 3458 2030 3516 in
2079 3476 2149 3517 eo
2200 3456 2464 3534 prodidit
2509 3475 2778 3517 numero.

698 3670 737 3730 ¹)
796 3665 867 3722 ef.
905 3667 1133 3721 Brunn:
1171 3668 1241 3722 de
1276 3675 1483 3724 auctor.
1520 3669 1689 3725 indie.
1718 3671 1863 3729 Plin.
1918 3671 2076 3725 Bonn
2121 3676 2265 3725 1246.

899 3752 1246 3820 Marquardt:
1285 3752 1648 3810 Staatsverw.
1685 3756 1758 3823 ΙΙ,
1794 3772 1849 3823 p.
1876 3760 1974 3808 200
2008 3755 2130 3821 (ubi
2158 3753 2227 3809 cf.
2251 3755 2496 3825 priorum
2522 3755 2776 3825 scripta).

898 3835 1192 3892 Detlefsen
1228 3840 1263 3893 i.
1290 3840 1496 3894 Comm.
1524 3841 1772 3896 Momms.
1802 3858 1853 3909 p.
1881 3843 2096 3895 23—34.
2146 3840 2778 3906 Quellenschrittsteller

1135 3923 1237 3978 des
1272 3924 1411 3979 Plin.
1451 3926 1508 3978 in
1545 3926 1599 3979 d.
1638 3925 1844 3992 Geogr.
1882 3926 2046 3996 Span.

895 4007 1151 4063 Partsch:
1191 4009 1495 4078 Darstellg.
1520 4011 1776 4080 Europas
1804 4011 1841 4064 i.
1867 4010 1919 4065 (1.
1945 4025 2137 4079 geogr.
2160 4010 2337 4065 Werk
2364 4012 2465 4065 des
2491 4007 2775 4080 Agrippa.

894 4093 1169 4163 Philippi:
1209 4094 1281 4148 de
1318 4094 1431 4149 tab.
1467 4096 1728 4165 Peuting.
1766 4095 1917 4151 Diss.
1953 4096 2110 4150 Bonn
2159 4101 2300 4151 1876.
2566 4099 2739 4163 [1876.

892 4176 1217 4233 Schweder:
1255 4179 1515 4247 Beitriige
1539 4180 1788 4234 z.Kritik
1814 4180 1865 4234 d.
1881 4180 2147 4249 Chorogr.
2171 4180 2385 4249 d.Aug.
2419 4185 2560 4235 1876.
2595 4180 2778 4236 1u.11.

894 4263 1089 4318 Riese:
1127 4262 1330 4332 Geogr.
1370 4265 1462 4318 lat.
1499 4264 1745 4319 minores
1783 4265 1998 4335 Proleg.
2036 4283 2091 4334 p.
2129 4265 2507 4320 VII-XVII.
