3166 4871
555 1145 945 1243 Quamquam
997 1185 1191 1245 paene
1237 1168 1700 1228 innumerabiles
1745 1167 2027 1229 videntur
2070 1168 2234 1247 libri,
2299 1168 2518 1246 quibus
2563 1172 2624 1234 et

382 1268 645 1343 priorum
691 1273 1025 1346 temporum
1071 1274 1132 1328 et
1176 1276 1415 1330 nostrae
1459 1270 1674 1329 aetatis
1719 1270 1830 1329 viri
1877 1269 2060 1341 docti,
2117 1268 2263 1347 qnid
2325 1269 2399 1329 de
2459 1268 2623 1331 Cice·

385 1369 548 1428 ronis
592 1372 948 1431 auctoritate
1004 1375 1065 1431 et
1124 1372 1436 1431 sententiis
1472 1371 1869 1448 judicandum
1915 1377 2101 1450 esset,
2142 1372 2202 1430 in
2250 1389 2454 1432 omnes
2497 1372 2624 1433 fere

385 1474 586 1547 partes
638 1472 1082 1533 accuratissime
1135 1473 1625 1550 disputaverunt,
1687 1478 1884 1533 tamen
1942 1474 2002 1533 in
2058 1492 2186 1534 eam
2241 1491 2397 1545 rem,
2442 1492 2624 1552 quam

385 1573 500 1632 hoc
545 1574 739 1634 libello
785 1579 1153 1635 tractaturus
1199 1593 1366 1653 sum,
1439 1595 1613 1636 nemo
1676 1575 1905 1653 adhuc,
1977 1581 2267 1654 quantum
2313 1577 2469 1654 scio,
2541 1577 2627 1637 ita

386 1675 659 1752 quidem,
722 1682 789 1737 ut
844 1678 979 1737 mihi
1028 1679 1397 1756 propositum
1453 1683 1574 1756 est,
1634 1677 1983 1755 diligentins
2045 1678 2367 1755 inquisivit.
2471 1680 2623 1738 Nam

386 1779 771 1838 Drumannus
816 1798 1077 1858 quoque,
1134 1782 1243 1841 etsi
1299 1782 1357 1839 in
1418 1781 1726 1841 notissimo
1784 1780 1885 1840 illo
1940 1773 2159 1859 libro¹)
2204 1780 2279 1839 de
2323 1780 2628 1841 Ciceronis

385 1882 508 1939 vita
582 1880 965 1958 moribusque
1034 1887 1094 1941 et
1155 1881 1369 1941 studiis
1423 1881 1719 1941 uberrime
1779 1881 2079 1959 disseruit,
2145 1899 2340 1958 pauca
2395 1885 2625 1942 tantum

385 1982 585 2041 attulit
646 1982 724 2041 ad
785 1983 916 2060 ejus
982 1983 1054 2042 de
1101 1982 1467 2043 Graecorum
1522 1983 1762 2058 ingenio
1809 1987 1869 2043 et
1910 1983 2123 2043 litteris
2157 1982 2450 2061 judicium
2493 1984 2626 2045 illu·

387 2082 717 2146 strandum.
802 2085 1125 2145 Praeterea
1170 2090 1383 2161 autem,
1428 2089 1496 2143 ut
1539 2084 1737 2156 libros,
1784 2084 2001 2161 quibus
2043 2085 2104 2144 in
2149 2086 2493 2145 universum
2524 2089 2630 2146 aut

389 2186 464 2246 de
510 2185 800 2246 Cicerone
862 2191 968 2246 aut
1026 2186 1102 2246 de
1147 2187 1546 2246 Romanorum
1596 2185 1806 2247 litteris
1848 2188 2071 2265 agitur,
2124 2189 2420 2265 omittam,
2478 2187 2628 2247 haec

387 2288 641 2348 maxime
716 2289 968 2366 scripta,
1049 2307 1409 2366 quamquam
1477 2309 1595 2349 non
1669 2288 1746 2347 ad
1825 2290 2011 2366 ipsam
2075 2308 2200 2349 rem
2262 2288 2629 2368 propositam

387 2395 677 2470 spectant,
721 2391 1014 2452 nonnulla
1056 2397 1253 2452 tamen
1301 2392 1582 2452 memoria
1627 2390 1809 2469 digna
1852 2391 1994 2452 mihi
2039 2392 2472 2470 praebuerunt:

495 2512 611 2554 vau
657 2494 921 2567 Heusde‚
966 2493 1174 2556 Cicero
1223 2479 1675 2570 φιλοπλάτων

497 2597 843 2676 Deuerling,
890 2597 1131 2660 Ciceros
1175 2597 1535 2675 Bedeutung
1579 2597 1678 2658 fur
1722 2598 1817 2658 die
1863 2598 2154 2658 romische
2201 2597 2529 2658 Litteratur

499 2701 567 2760 V.
614 2701 838 2778 Clavel‚
882 2701 957 2761 de
1002 2700 1288 2761 Cicerone
1335 2700 1701 2761 Graecorum
1749 2701 2113 2777 interprete;

395 2803 616 2880 quibus
663 2803 827 2863 libris
872 2802 1216 2862 addendum
1248 2806 1338 2862 est
1381 2804 1738 2879 opusculum
1782 2802 1925 2862 illud
1959 2801 2123 2862 Petri
2167 2821 2284 2860 van
2332 2800 2441 2861 der
2474 2800 2637 2879 Chys

391 2907 453 2964 in
513 2905 829 2965 annalibus
901 2904 1244 2964 academiae
1305 2903 1727 2964 Gandavensis
1788 2922 2082 2963 annorum
2129 2902 2186 2962 h.
2230 2922 2276 2962 s.
2322 2902 2535 2963 XXIV.
2578 2908 2638 2963 et

394 3006 577 3065 XXV.
641 3008 700 3065 in
761 3005 952 3065 lucem
1017 3005 1273 3082 editum,
1333 3024 1453 3082 quo
1500 3005 1807 3065 Ciceronis
1866 3005 1940 3065 de
2002 3005 2249 3065 Graecis
2284 3004 2518 3082 judicia
2574 3005 2636 3063 in

396 3107 809 3185 quaestionem
854 3112 1164 3167 vocantur.
1180 3103 1233 3179 ²)
1323 3109 1414 3166 De
1475 3124 1596 3183 quo
1655 3106 1886 3178 libello,
1947 3125 2080 3167 cum
2124 3107 2398 3184 propius,
2457 3124 2638 3183 quam

398 3211 612 3287 ceteri,
670 3227 923 3286 quornm
985 3209 1341 3270 mentionem
1400 3208 1539 3285 feci,
1605 3209 1680 3268 ad
1745 3228 1936 3269 meum
2000 3207 2312 3269 consilium
2375 3208 2641 3280 accedat,

397 3313 610 3389 paucis
652 3312 833 3371 liceat
875 3311 1186 3372 disserere.
1276 3313 1364 3370 Ac
1408 3311 1664 3389 primum
1712 3312 1950 3389 quidem
1995 3312 2062 3371 P.
2106 3330 2165 3371 v.
2210 3310 2266 3369 d.
2299 3310 2461 3388 Chys
2505 3329 2639 3388 per-

399 3415 586 3473 multa
632 3413 896 3492 profert,
957 3432 1112 3490 quae
1156 3413 1229 3473 ab
1273 3413 1388 3473 hac
1445 3415 1799 3491 quaestione
1850 3430 2098 3493 prorsus
2142 3412 2337 3473 aliena
2381 3418 2523 3474 sunt
2581 3419 2643 3473 et

405 3531 610 3536 -—-———
685 3530 764 3537 *-

575 3596 615 3659 ¹)
650 3591 994 3647 Geschichte
1029 3592 1201 3647 Roms
1238 3593 1342 3647 Bd.
1378 3598 1408 3646 ὃ
1445 3608 1497 3647 ιι.
1537 3597 1586 3647 6.

569 3678 618 3746 ²)
655 3677 727 3733 Ut
777 3679 1090 3732 accuratius
1144 3677 1310 3748 hujus
1367 3677 1545 3732 libelli
1606 3683 1993 3746 argumentum
2047 3683 2445 3747 cognoscatur,
2493 3676 2643 3732 haud

400 3763 597 3818 inutile
633 3762 858 3818 videtur
892 3763 1173 3832 integrum
1209 3762 1434 3817 titulum
1470 3760 1741 3832 proferre.

570 3849 632 3903 P.
669 3847 731 3903 Ο.
770 3864 880 3903 van
917 3849 1017 3904 der
1053 3848 1210 3920 Chys
1249 3848 1541 3918 responsio
1587 3848 1659 3903 ad
1704 3848 2088 3918 quaestionem
2122 3848 2192 3903 ab
2240 3847 2435 3904 ordine
2471 3845 2645 3916 philo-

401 3932 703 4003 sophorum
738 3933 795 3987 in
837 3931 1150 3989 Academia
1186 3933 1546 3989 Gandavensi
1581 3933 1951 4003 propositam:

573 4018 885 4088 Quaeritur,
921 4026 985 4072 ut
1018 4034 1088 4074 ex
1133 4019 1400 4089 operibus
1438 4018 1725 4075 Ciceronis
1760 4034 1875 4072 non
1921 4025 2132 4073 tantum
2170 4019 2353 4073 omnia
2385 4018 2483 4072 illa
2524 4017 2648 4072 loca

402 4103 671 4172 deinceps
707 4105 1034 4174 seligantur,
1081 4104 1285 4172 quibus
1319 4103 1443 4173 ipse
1478 4118 1858 4173 quascumque
1904 4104 2131 4159 tandem
2174 4103 2247 4158 ob
2283 4117 2516 4158 caussas
2549 4108 2652 4156 aut

403 4203 580 4258 aeque
615 4194 715 4243 aut
750 4190 942 4258 inique
981 4189 1051 4243 de
1076 4187 1303 4244 Graecis
1330 4188 1622 4258 judicasse
1659 4189 1978 4243 censendus
2014 4189 2104 4256 sit,
2140 4203 2335 4242 verum
2371 4187 2551 4255 etiam,
2586 4193 2652 4240 ut

400 4273 500 4328 illa
523 4273 713 4342 judicii
733 4274 853 4328 sive
872 4273 1127 4344 aequitas
1149 4273 1270 4327 sive
1289 4272 1558 4343 iniquitas
1570 4278 2023 4342 argumentorum
2043 4271 2355 4327 rationibus
2367 4270 2649 4340 probetur.

2181 4378 2241 4428 15
