<?xml version="1.0" encoding="UTF-8"?>
<!DOCTYPE html PUBLIC "-//W3C//DTD XHTML 1.0 Transitional//EN"
    "http://www.w3.org/TR/xhtml1/DTD/xhtml1-transitional.dtd">
<html xmlns="http://www.w3.org/1999/xhtml" xml:lang="en" lang="en">
 <head>
  <title>
</title>
<meta http-equiv="Content-Type" content="text/html;charset=utf-8" />
  <meta name='ocr-system' content='tesseract 3.04.00' />
  <meta name='ocr-capabilities' content='ocr_page ocr_carea ocr_par ocr_line ocrx_word'/>
</head>
<body>
  <div class='ocr_page' id='page_1' title='image "./dissertationesp00hallgoog_0115.png"; bbox 0 0 3166 4871; ppageno 0'>
   <div class='ocr_carea' id='block_1_1' title="bbox 1001 298 2545 373">
    <p class='ocr_par' dir='ltr' id='par_1_1' title="bbox 1001 298 2545 373">
     <span class='ocr_line' id='line_1_1' title="bbox 1001 298 2545 373; baseline 0.002 -16"><span class='ocrx_word' id='word_1_1' title='bbox 1001 298 1086 358; x_wconf 89' lang='lat' dir='ltr'><strong>De</strong></span> <span class='ocrx_word' id='word_1_2' title='bbox 1121 302 1330 359; x_wconf 88' lang='lat' dir='ltr'><strong>nomin.</strong></span> <span class='ocrx_word' id='word_1_3' title='bbox 1363 302 1425 357; x_wconf 85' lang='lat' dir='ltr'><strong>in</strong></span> <span class='ocrx_word' id='word_1_4' title='bbox 1459 317 1625 370; x_wconf 81' lang='grc' dir='ltr'><strong>-αιος,</strong></span> <span class='ocrx_word' id='word_1_5' title='bbox 1695 308 1729 371; x_wconf 73' lang='lat' dir='ltr'><strong>s</strong></span> <span class='ocrx_word' id='word_1_6' title='bbox 1766 308 1852 359; x_wconf 85' lang='lat'><strong>3¹.</strong></span> <span class='ocrx_word' id='word_1_7' title='bbox 2464 309 2545 373; x_wconf 83' lang='lat'><strong>95</strong></span> 
     </span>
    </p>
   </div>
   <div class='ocr_carea' id='block_1_2' title="bbox 211 478 2605 4250">
    <p class='ocr_par' dir='ltr' id='par_1_2' title="bbox 211 478 2605 4250">
     <span class='ocr_line' id='line_1_2' title="bbox 293 478 2549 562; baseline 0.004 -25"><span class='ocrx_word' id='word_1_8' title='bbox 293 478 425 538; x_wconf 85' lang='lat' dir='ltr'><strong>tiati</strong></span> <span class='ocrx_word' id='word_1_9' title='bbox 487 480 788 541; x_wconf 82' lang='lat' dir='ltr'><strong>sententia</strong></span> <span class='ocrx_word' id='word_1_10' title='bbox 855 480 1031 541; x_wconf 78' lang='lat' dir='ltr'><strong>facile</strong></span> <span class='ocrx_word' id='word_1_11' title='bbox 1093 481 1475 562; x_wconf 79' lang='lat' dir='ltr'><strong>intelligitur,</strong></span> <span class='ocrx_word' id='word_1_12' title='bbox 1546 484 1829 544; x_wconf 87' lang='lat' dir='ltr'><strong>omissum</strong></span> <span class='ocrx_word' id='word_1_13' title='bbox 1891 487 2007 561; x_wconf 90' lang='lat' dir='ltr'><strong>est,</strong></span> <span class='ocrx_word' id='word_1_14' title='bbox 2074 488 2204 561; x_wconf 87' lang='lat' dir='ltr'><strong>aut,</strong></span> <span class='ocrx_word' id='word_1_15' title='bbox 2272 485 2321 543; x_wconf 88' lang='lat' dir='ltr'><strong>si</strong></span> <span class='ocrx_word' id='word_1_16' title='bbox 2383 487 2549 545; x_wconf 89' lang='lat' dir='ltr'><strong>certa</strong></span> 
     </span>
     <span class='ocr_line' id='line_1_3' title="bbox 295 581 2545 664; baseline 0.003 -24"><span class='ocrx_word' id='word_1_17' title='bbox 295 581 595 657; x_wconf 75' lang='lat' dir='ltr'><strong>quaedam</strong></span> <span class='ocrx_word' id='word_1_18' title='bbox 633 585 791 644; x_wconf 85' lang='lat' dir='ltr'><strong>notio</strong></span> <span class='ocrx_word' id='word_1_19' title='bbox 824 602 943 644; x_wconf 88' lang='lat' dir='ltr'><strong>non</strong></span> <span class='ocrx_word' id='word_1_20' title='bbox 976 584 1154 645; x_wconf 88' lang='lat' dir='ltr'><strong>simul</strong></span> <span class='ocrx_word' id='word_1_21' title='bbox 1183 584 1445 664; x_wconf 88' lang='lat' dir='ltr'><strong>auditur,</strong></span> <span class='ocrx_word' id='word_1_22' title='bbox 1488 587 1725 662; x_wconf 89' lang='lat' dir='ltr'><strong>quoties</strong></span> <span class='ocrx_word' id='word_1_23' title='bbox 1758 586 2086 647; x_wconf 89' lang='lat' dir='ltr'><strong>masculino</strong></span> <span class='ocrx_word' id='word_1_24' title='bbox 2119 587 2219 647; x_wconf 90' lang='lat' dir='ltr'><strong>vel</strong></span> <span class='ocrx_word' id='word_1_25' title='bbox 2263 586 2545 647; x_wconf 85' lang='lat' dir='ltr'><strong>feminino</strong></span> 
     </span>
     <span class='ocr_line' id='line_1_4' title="bbox 292 686 2546 772; baseline 0.003 -29"><span class='ocrx_word' id='word_1_26' title='bbox 292 701 516 759; x_wconf 90' lang='lat' dir='ltr'><strong>genere</strong></span> <span class='ocrx_word' id='word_1_27' title='bbox 561 686 832 772; x_wconf 86' lang='lat' dir='ltr'><strong>positum</strong></span> <span class='ocrx_word' id='word_1_28' title='bbox 868 691 984 765; x_wconf 87' lang='lat' dir='ltr'><strong>est,</strong></span> <span class='ocrx_word' id='word_1_29' title='bbox 1043 688 1390 766; x_wconf 85' lang='lat' dir='ltr'><strong>simpliciter</strong></span> <span class='ocrx_word' id='word_1_30' title='bbox 1446 687 1521 749; x_wconf 91' lang='lat' dir='ltr'><strong>de</strong></span> <span class='ocrx_word' id='word_1_31' title='bbox 1578 688 1817 750; x_wconf 88' lang='lat' dir='ltr'><strong>homine</strong></span> <span class='ocrx_word' id='word_1_32' title='bbox 1870 692 1977 749; x_wconf 91' lang='lat' dir='ltr'><strong>aut</strong></span> <span class='ocrx_word' id='word_1_33' title='bbox 2039 695 2201 750; x_wconf 87' lang='lat' dir='ltr'><strong>certe</strong></span> <span class='ocrx_word' id='word_1_34' title='bbox 2246 690 2546 750; x_wconf 80' lang='lat' dir='ltr'><strong>animante</strong></span> 
     </span>
     <span class='ocr_line' id='line_1_5' title="bbox 293 787 2545 869; baseline 0.003 -24"><span class='ocrx_word' id='word_1_35' title='bbox 293 787 424 847; x_wconf 86' lang='lat' dir='ltr'><strong>eius</strong></span> <span class='ocrx_word' id='word_1_36' title='bbox 479 790 730 866; x_wconf 89' lang='lat' dir='ltr'><strong>generis</strong></span> <span class='ocrx_word' id='word_1_37' title='bbox 787 788 1012 850; x_wconf 88' lang='lat' dir='ltr'><strong>dictum</strong></span> <span class='ocrx_word' id='word_1_38' title='bbox 1058 808 1188 851; x_wconf 82' lang='lat' dir='ltr'><strong>esse</strong></span> <span class='ocrx_word' id='word_1_39' title='bbox 1232 790 1615 869; x_wconf 82' lang='lat' dir='ltr'><strong>intelligitur,</strong></span> <span class='ocrx_word' id='word_1_40' title='bbox 1681 797 1747 852; x_wconf 88' lang='lat' dir='ltr'><strong>ut</strong></span> <span class='ocrx_word' id='word_1_41' title='bbox 1793 810 1901 852; x_wconf 88' lang='lat' dir='ltr'><strong>uos</strong></span> <span class='ocrx_word' id='word_1_42' title='bbox 1946 792 2194 853; x_wconf 78' lang='lat' dir='ltr'><strong>dicimus</strong></span> <span class='ocrx_word' id='word_1_43' title='bbox 2249 792 2349 851; x_wconf 78' lang='lat' dir='ltr'><strong>die</strong></span> <span class='ocrx_word' id='word_1_44' title='bbox 2398 792 2545 864; x_wconf 81' lang='lat' dir='ltr'><strong>alte,</strong></span> 
     </span>
     <span class='ocr_line' id='line_1_6' title="bbox 296 889 2543 972; baseline 0.004 -26"><span class='ocrx_word' id='word_1_45' title='bbox 296 889 400 947; x_wconf 80' lang='lat' dir='ltr'><strong>die</strong></span> <span class='ocrx_word' id='word_1_46' title='bbox 441 890 674 951; x_wconf 62' lang='lat' dir='ltr'><strong>senene</strong></span> <span class='ocrx_word' id='word_1_47' title='bbox 714 890 791 952; x_wconf 89' lang='lat' dir='ltr'><strong>de</strong></span> <span class='ocrx_word' id='word_1_48' title='bbox 834 892 1147 953; x_wconf 88' lang='lat' dir='ltr'><strong>vetula.et</strong></span> <span class='ocrx_word' id='word_1_49' title='bbox 1190 893 1414 970; x_wconf 89' lang='lat' dir='ltr'><strong>puella.</strong></span> <span class='ocrx_word' id='word_1_50' title='bbox 1501 894 1879 970; x_wconf 88' lang='lat' dir='ltr'><strong>Nunquam</strong></span> <span class='ocrx_word' id='word_1_51' title='bbox 1936 898 2135 955; x_wconf 89' lang='lat' dir='ltr'><strong>autem</strong></span> <span class='ocrx_word' id='word_1_52' title='bbox 2180 894 2543 972; x_wconf 82' lang='lat' dir='ltr'><strong>adjectivum</strong></span> 
     </span>
     <span class='ocr_line' id='line_1_7' title="bbox 297 993 2543 1075; baseline 0.003 -25"><span class='ocrx_word' id='word_1_53' title='bbox 297 993 632 1053; x_wconf 85' lang='lat' dir='ltr'><strong>masculino</strong></span> <span class='ocrx_word' id='word_1_54' title='bbox 680 994 777 1054; x_wconf 91' lang='lat' dir='ltr'><strong>vel</strong></span> <span class='ocrx_word' id='word_1_55' title='bbox 821 994 1106 1055; x_wconf 86' lang='lat' dir='ltr'><strong>feminino</strong></span> <span class='ocrx_word' id='word_1_56' title='bbox 1146 1013 1370 1072; x_wconf 84' lang='lat' dir='ltr'><strong>genere</strong></span> <span class='ocrx_word' id='word_1_57' title='bbox 1413 997 1669 1073; x_wconf 87' lang='lat' dir='ltr'><strong>positum</strong></span> <span class='ocrx_word' id='word_1_58' title='bbox 1716 997 2142 1073; x_wconf 86' lang='lat' dir='ltr'><strong>qualitatem</strong></span> <span class='ocrx_word' id='word_1_59' title='bbox 2188 1016 2317 1057; x_wconf 90' lang='lat' dir='ltr'><strong>eam</strong></span> <span class='ocrx_word' id='word_1_60' title='bbox 2364 1015 2543 1075; x_wconf 90' lang='lat' dir='ltr'><strong>quam</strong></span> 
     </span>
     <span class='ocr_line' id='line_1_8' title="bbox 294 1079 2545 1178; baseline 0.002 -24"><span class='ocrx_word' id='word_1_61' title='bbox 294 1094 591 1170; x_wconf 83' lang='lat' dir='ltr'><strong>significat</strong></span> <span class='ocrx_word' id='word_1_62' title='bbox 648 1097 1090 1158; x_wconf 77' lang='lat' dir='ltr'><strong>abstractam</strong></span> <span class='ocrx_word' id='word_1_63' title='bbox 1154 1099 1488 1176; x_wconf 81' lang='lat' dir='ltr'><strong>exprimere</strong></span> <span class='ocrx_word' id='word_1_64' title='bbox 1533 1101 1763 1177; x_wconf 89' lang='lat' dir='ltr'><strong>potest,</strong></span> <span class='ocrx_word' id='word_1_65' title='bbox 1821 1101 2105 1177; x_wconf 90' lang='lat' dir='ltr'><strong>quoniam</strong></span> <span class='ocrx_word' id='word_1_66' title='bbox 2150 1101 2278 1178; x_wconf 76' lang='lat' dir='ltr'><strong>ipso</strong></span> <span class='ocrx_word' id='word_1_67' title='bbox 2322 1079 2545 1176; x_wconf 80' lang='lat' dir='ltr'><strong>genere</strong></span> 
     </span>
     <span class='ocr_line' id='line_1_9' title="bbox 294 1196 2543 1279; baseline 0.003 -23"><span class='ocrx_word' id='word_1_68' title='bbox 294 1196 370 1256; x_wconf 90' lang='lat' dir='ltr'><strong>ad</strong></span> <span class='ocrx_word' id='word_1_69' title='bbox 419 1216 545 1258; x_wconf 90' lang='lat' dir='ltr'><strong>rem</strong></span> <span class='ocrx_word' id='word_1_70' title='bbox 575 1200 890 1260; x_wconf 87' lang='lat' dir='ltr'><strong>animatam</strong></span> <span class='ocrx_word' id='word_1_71' title='bbox 936 1218 998 1261; x_wconf 87' lang='lat' dir='ltr'><strong>se</strong></span> <span class='ocrx_word' id='word_1_72' title='bbox 1039 1202 1346 1279; x_wconf 89' lang='lat' dir='ltr'><strong>pertinere</strong></span> <span class='ocrx_word' id='word_1_73' title='bbox 1375 1200 1708 1278; x_wconf 86' lang='lat' dir='ltr'><strong>profitetur.</strong></span> <span class='ocrx_word' id='word_1_74' title='bbox 1779 1202 2043 1263; x_wconf 83' lang='lat' dir='ltr'><strong>Facilius</strong></span> <span class='ocrx_word' id='word_1_75' title='bbox 2074 1209 2289 1263; x_wconf 86' lang='lat' dir='ltr'><strong>neutro</strong></span> <span class='ocrx_word' id='word_1_76' title='bbox 2319 1220 2543 1279; x_wconf 85' lang='lat' dir='ltr'><strong>genere</strong></span> 
     </span>
     <span class='ocr_line' id='line_1_10' title="bbox 296 1298 2543 1383; baseline 0.002 -24"><span class='ocrx_word' id='word_1_77' title='bbox 296 1298 371 1358; x_wconf 89' lang='lat' dir='ltr'><strong>ad</strong></span> <span class='ocrx_word' id='word_1_78' title='bbox 418 1300 782 1362; x_wconf 78' lang='lat' dir='ltr'><strong>abstractam</strong></span> <span class='ocrx_word' id='word_1_79' title='bbox 827 1304 1129 1363; x_wconf 84' lang='lat' dir='ltr'><strong>notionem</strong></span> <span class='ocrx_word' id='word_1_80' title='bbox 1175 1304 1619 1381; x_wconf 83' lang='lat' dir='ltr'><strong>exprimendam</strong></span> <span class='ocrx_word' id='word_1_81' title='bbox 1667 1305 2031 1383; x_wconf 83' lang='lat' dir='ltr'><strong>adjectivum</strong></span> <span class='ocrx_word' id='word_1_82' title='bbox 2087 1303 2543 1383; x_wconf 85' lang='lat' dir='ltr'><strong>aliquod-adhi-</strong></span> 
     </span>
     <span class='ocr_line' id='line_1_11' title="bbox 295 1401 2544 1485; baseline 0.004 -25"><span class='ocrx_word' id='word_1_83' title='bbox 295 1401 423 1463; x_wconf 89' lang='lat' dir='ltr'><strong>beri</strong></span> <span class='ocrx_word' id='word_1_84' title='bbox 469 1404 698 1482; x_wconf 89' lang='lat' dir='ltr'><strong>potuit,</strong></span> <span class='ocrx_word' id='word_1_85' title='bbox 757 1423 940 1483; x_wconf 88' lang='lat' dir='ltr'><strong>quum</strong></span> <span class='ocrx_word' id='word_1_86' title='bbox 997 1411 1272 1467; x_wconf 87' lang='lat' dir='ltr'><strong>neutrum</strong></span> <span class='ocrx_word' id='word_1_87' title='bbox 1329 1407 1430 1467; x_wconf 87' lang='lat' dir='ltr'><strong>illa</strong></span> <span class='ocrx_word' id='word_1_88' title='bbox 1483 1408 1805 1468; x_wconf 84' lang='lat' dir='ltr'><strong>animantis</strong></span> <span class='ocrx_word' id='word_1_89' title='bbox 1848 1408 2282 1485; x_wconf 84' lang='lat' dir='ltr'><strong>significatione</strong></span> <span class='ocrx_word' id='word_1_90' title='bbox 2327 1413 2544 1468; x_wconf 86' lang='lat' dir='ltr'><strong>careat.</strong></span> 
     </span>
     <span class='ocr_line' id='line_1_12' title="bbox 297 1506 2545 1585; baseline 0.002 -21"><span class='ocrx_word' id='word_1_91' title='bbox 297 1506 511 1582; x_wconf 84' lang='lat' dir='ltr'><strong>Itaque</strong></span> <span class='ocrx_word' id='word_1_92' title='bbox 568 1508 629 1567; x_wconf 89' lang='lat' dir='ltr'><strong>in</strong></span> <span class='ocrx_word' id='word_1_93' title='bbox 689 1508 896 1585; x_wconf 83' lang='lat' dir='ltr'><strong>lingua</strong></span> <span class='ocrx_word' id='word_1_94' title='bbox 942 1509 1296 1570; x_wconf 83' lang='lat' dir='ltr'><strong>Germanica</strong></span> <span class='ocrx_word' id='word_1_95' title='bbox 1354 1510 1540 1570; x_wconf 87' lang='lat' dir='ltr'><strong>multa</strong></span> <span class='ocrx_word' id='word_1_96' title='bbox 1601 1511 1876 1572; x_wconf 79' lang='lat' dir='ltr'><strong>invenias</strong></span> <span class='ocrx_word' id='word_1_97' title='bbox 1929 1510 2232 1572; x_wconf 83' lang='lat' dir='ltr'><strong>abstracta</strong></span> <span class='ocrx_word' id='word_1_98' title='bbox 2274 1511 2545 1571; x_wconf 82' lang='lat' dir='ltr'><strong>neutrius</strong></span> 
     </span>
     <span class='ocr_line' id='line_1_13' title="bbox 294 1609 2605 1698; baseline 0.003 -32"><span class='ocrx_word' id='word_1_99' title='bbox 294 1609 540 1684; x_wconf 85' lang='lat' dir='ltr'><strong>generis</strong></span> <span class='ocrx_word' id='word_1_100' title='bbox 585 1627 660 1669; x_wconf 86' lang='lat' dir='ltr'><strong>ex</strong></span> <span class='ocrx_word' id='word_1_101' title='bbox 707 1610 1022 1688; x_wconf 80' lang='lat' dir='ltr'><strong>adjectivis</strong></span> <span class='ocrx_word' id='word_1_102' title='bbox 1054 1612 1324 1690; x_wconf 82' lang='lat' dir='ltr'><strong>oriunda,</strong></span> <span class='ocrx_word' id='word_1_103' title='bbox 1371 1613 1485 1671; x_wconf 76' lang='lat' dir='ltr'><strong>das</strong></span> <span class='ocrx_word' id='word_1_104' title='bbox 1509 1613 1786 1687; x_wconf 66' lang='lat' dir='ltr'><strong>emach,</strong></span> <span class='ocrx_word' id='word_1_105' title='bbox 1832 1614 1948 1672; x_wconf 75' lang='lat' dir='ltr'><strong>das</strong></span> <span class='ocrx_word' id='word_1_106' title='bbox 1977 1613 2114 1691; x_wconf 79' lang='lat' dir='ltr'><strong>leid,</strong></span> <span class='ocrx_word' id='word_1_107' title='bbox 2159 1618 2222 1674; x_wconf 86' lang='lat' dir='ltr'><strong>et</strong></span> <span class='ocrx_word' id='word_1_108' title='bbox 2250 1613 2545 1690; x_wconf 84' lang='lat' dir='ltr'><strong>permulta</strong></span> <span class='ocrx_word' id='word_1_109' title='bbox 2596 1691 2605 1698; x_wconf 26' lang='grc' dir='ltr'>ι</span> 
     </span>
     <span class='ocr_line' id='line_1_14' title="bbox 292 1695 2557 1793; baseline 0.002 -24"><span class='ocrx_word' id='word_1_110' title='bbox 292 1710 351 1770; x_wconf 89' lang='lat' dir='ltr'><strong>in</strong></span> <span class='ocrx_word' id='word_1_111' title='bbox 401 1711 614 1788; x_wconf 82' lang='lat' dir='ltr'><strong>lingua</strong></span> <span class='ocrx_word' id='word_1_112' title='bbox 656 1713 931 1791; x_wconf 84' lang='lat' dir='ltr'><strong>antiqua,</strong></span> <span class='ocrx_word' id='word_1_113' title='bbox 990 1713 1066 1775; x_wconf 80' lang='lat' dir='ltr'><strong>cf.</strong></span> <span class='ocrx_word' id='word_1_114' title='bbox 1109 1714 1390 1792; x_wconf 88' lang='lat' dir='ltr'><strong>Zimmer,</strong></span> <span class='ocrx_word' id='word_1_115' title='bbox 1451 1716 1563 1775; x_wconf 91' lang='lat' dir='ltr'><strong>Die</strong></span> <span class='ocrx_word' id='word_1_116' title='bbox 1622 1715 2101 1776; x_wconf 84' lang='lat' dir='ltr'><strong>nominalsuffixe</strong></span> <span class='ocrx_word' id='word_1_117' title='bbox 2145 1695 2187 1775; x_wconf 81' lang='lat' dir='ltr'><strong>a&#39;</strong></span> <span class='ocrx_word' id='word_1_118' title='bbox 2231 1716 2353 1775; x_wconf 88' lang='lat' dir='ltr'><strong>und</strong></span> <span class='ocrx_word' id='word_1_119' title='bbox 2397 1711 2438 1774; x_wconf 75' lang='grc' dir='ltr'><strong><em>ἃ</em></strong></span> <span class='ocrx_word' id='word_1_120' title='bbox 2481 1716 2557 1793; x_wconf 36' lang='lat' dir='ltr'><strong>in·</strong></span> 
     </span>
     <span class='ocr_line' id='line_1_15' title="bbox 295 1813 2543 1896; baseline 0.002 -24"><span class='ocrx_word' id='word_1_121' title='bbox 295 1813 411 1873; x_wconf 91' lang='lat' dir='ltr'><strong>den</strong></span> <span class='ocrx_word' id='word_1_122' title='bbox 471 1833 656 1891; x_wconf 86' lang='lat' dir='ltr'><strong>germ.</strong></span> <span class='ocrx_word' id='word_1_123' title='bbox 700 1834 822 1894; x_wconf 90' lang='lat' dir='ltr'><strong>spr.</strong></span> <span class='ocrx_word' id='word_1_124' title='bbox 866 1815 1117 1878; x_wconf 83' lang='lat' dir='ltr'><strong>Strassb.</strong></span> <span class='ocrx_word' id='word_1_125' title='bbox 1168 1813 1356 1895; x_wconf 85' lang='lat'><strong>1876,</strong></span> <span class='ocrx_word' id='word_1_126' title='bbox 1409 1837 1467 1895; x_wconf 87' lang='lat' dir='ltr'><strong>p.</strong></span> <span class='ocrx_word' id='word_1_127' title='bbox 1506 1814 1652 1895; x_wconf 86' lang='lat'><strong>161,</strong></span> <span class='ocrx_word' id='word_1_128' title='bbox 1711 1837 2055 1896; x_wconf 87' lang='lat' dir='ltr'><strong>quanquam</strong></span> <span class='ocrx_word' id='word_1_129' title='bbox 2115 1820 2263 1878; x_wconf 89' lang='lat' dir='ltr'><strong>haec</strong></span> <span class='ocrx_word' id='word_1_130' title='bbox 2320 1819 2543 1879; x_wconf 87' lang='lat' dir='ltr'><strong>rectius</strong></span> 
     </span>
     <span class='ocr_line' id='line_1_16' title="bbox 295 1909 2543 2001; baseline 0.002 -25"><span class='ocrx_word' id='word_1_131' title='bbox 295 1934 372 1976; x_wconf 83' lang='lat' dir='ltr'><strong>ex</strong></span> <span class='ocrx_word' id='word_1_132' title='bbox 436 1917 874 1995; x_wconf 85' lang='lat' dir='ltr'><strong>significatione</strong></span> <span class='ocrx_word' id='word_1_133' title='bbox 940 1920 1258 1981; x_wconf 84' lang='lat' dir='ltr'><strong>collectiva</strong></span> <span class='ocrx_word' id='word_1_134' title='bbox 1320 1921 1610 1981; x_wconf 75' lang='lat' dir='ltr'><strong>transisse</strong></span> <span class='ocrx_word' id='word_1_135' title='bbox 1674 1922 1983 2001; x_wconf 87' lang='lat' dir='ltr'><strong>putaveris</strong></span> <span class='ocrx_word' id='word_1_136' title='bbox 2043 1922 2106 1982; x_wconf 91' lang='lat' dir='ltr'><strong>in</strong></span> <span class='ocrx_word' id='word_1_137' title='bbox 2169 1909 2543 1998; x_wconf 85' lang='lat' dir='ltr'><strong>abstrac&#39;tam,</strong></span> 
     </span>
     <span class='ocr_line' id='line_1_17' title="bbox 211 2016 2538 2100; baseline 0.002 -23"><span class='ocrx_word' id='word_1_138' title='bbox 211 2038 224 2051; x_wconf 93' lang='lat'><strong>·</strong></span> <span class='ocrx_word' id='word_1_139' title='bbox 296 2017 371 2078; x_wconf 83' lang='lat' dir='ltr'><strong>cf.</strong></span> <span class='ocrx_word' id='word_1_140' title='bbox 416 2020 560 2080; x_wconf 85' lang='lat' dir='ltr'><strong>ibid.</strong></span> <span class='ocrx_word' id='word_1_141' title='bbox 605 2040 662 2100; x_wconf 90' lang='lat' dir='ltr'><strong>p.</strong></span> <span class='ocrx_word' id='word_1_142' title='bbox 692 2016 814 2079; x_wconf 84' lang='lat'><strong>207</strong></span> <span class='ocrx_word' id='word_1_143' title='bbox 841 2039 932 2099; x_wconf 89' lang='lat' dir='ltr'><strong>sq.</strong></span> <span class='ocrx_word' id='word_1_144' title='bbox 1021 2023 1233 2099; x_wconf 86' lang='lat' dir='ltr'><strong>ltaque</strong></span> <span class='ocrx_word' id='word_1_145' title='bbox 1289 2041 1407 2083; x_wconf 88' lang='lat' dir='ltr'><strong>non</strong></span> <span class='ocrx_word' id='word_1_146' title='bbox 1467 2027 1635 2083; x_wconf 90' lang='lat' dir='ltr'><strong>recte</strong></span> <span class='ocrx_word' id='word_1_147' title='bbox 1679 2023 2020 2084; x_wconf 87' lang='lat' dir='ltr'><strong>Lobeckius</strong></span> <span class='ocrx_word' id='word_1_148' title='bbox 2063 2022 2141 2083; x_wconf 88' lang='lat' dir='ltr'><strong>ad</strong></span> <span class='ocrx_word' id='word_1_149' title='bbox 2184 2023 2538 2083; x_wconf 87' lang='lat' dir='ltr'><strong>sententiam</strong></span> 
     </span>
     <span class='ocr_line' id='line_1_18' title="bbox 295 2119 2541 2203; baseline 0.001 -23"><span class='ocrx_word' id='word_1_150' title='bbox 295 2139 465 2181; x_wconf 83' lang='lat' dir='ltr'><strong>suam</strong></span> <span class='ocrx_word' id='word_1_151' title='bbox 513 2122 797 2183; x_wconf 88' lang='lat' dir='ltr'><strong>tuendam</strong></span> <span class='ocrx_word' id='word_1_152' title='bbox 842 2143 901 2201; x_wconf 90' lang='lat' dir='ltr'><strong>p.</strong></span> <span class='ocrx_word' id='word_1_153' title='bbox 932 2119 1054 2182; x_wconf 88' lang='grc'><strong>363</strong></span> <span class='ocrx_word' id='word_1_154' title='bbox 1101 2124 1345 2185; x_wconf 87' lang='lat' dir='ltr'><strong>adhibet</strong></span> <span class='ocrx_word' id='word_1_155' title='bbox 1388 2129 1607 2185; x_wconf 90' lang='lat' dir='ltr'><strong>neutra</strong></span> <span class='ocrx_word' id='word_1_156' title='bbox 1649 2124 2078 2203; x_wconf 79' lang='lat' dir='ltr'><strong>adJectivorum</strong></span> <span class='ocrx_word' id='word_1_157' title='bbox 2126 2143 2237 2202; x_wconf 91' lang='lat' dir='ltr'><strong>pro</strong></span> <span class='ocrx_word' id='word_1_158' title='bbox 2269 2124 2541 2185; x_wconf 85' lang='lat' dir='ltr'><strong>substan—</strong></span> 
     </span>
     <span class='ocr_line' id='line_1_19' title="bbox 291 2215 2539 2306; baseline 0.002 -25"><span class='ocrx_word' id='word_1_159' title='bbox 291 2223 433 2283; x_wconf 86' lang='lat' dir='ltr'><strong>tivis</strong></span> <span class='ocrx_word' id='word_1_160' title='bbox 493 2215 812 2286; x_wconf 77' lang='lat' dir='ltr'><strong>abstractis</strong></span> <span class='ocrx_word' id='word_1_161' title='bbox 881 2227 1094 2303; x_wconf 80' lang='lat' dir='ltr'><strong>posita.</strong></span> <span class='ocrx_word' id='word_1_162' title='bbox 1193 2228 1409 2306; x_wconf 84' lang='lat' dir='ltr'><strong>Neque</strong></span> <span class='ocrx_word' id='word_1_163' title='bbox 1477 2228 1551 2288; x_wconf 90' lang='lat' dir='ltr'><strong>de</strong></span> <span class='ocrx_word' id='word_1_164' title='bbox 1620 2246 1691 2288; x_wconf 90' lang='lat' dir='ltr'><strong>eo</strong></span> <span class='ocrx_word' id='word_1_165' title='bbox 1751 2227 2262 2288; x_wconf 82' lang='lat' dir='ltr'><strong>substantivorum</strong></span> <span class='ocrx_word' id='word_1_166' title='bbox 2320 2246 2539 2304; x_wconf 80' lang='lat' dir='ltr'><strong>genere</strong></span> 
     </span>
     <span class='ocr_line' id='line_1_20' title="bbox 293 2326 2540 2418; baseline 0.002 -33"><span class='ocrx_word' id='word_1_167' title='bbox 293 2326 435 2385; x_wconf 89' lang='lat' dir='ltr'><strong>mihi</strong></span> <span class='ocrx_word' id='word_1_168' title='bbox 481 2331 645 2388; x_wconf 86' lang='lat' dir='ltr'><strong>reete</strong></span> <span class='ocrx_word' id='word_1_169' title='bbox 678 2327 990 2404; x_wconf 64' lang='lat' dir='ltr'><strong>‚iudicasse</strong></span> <span class='ocrx_word' id='word_1_170' title='bbox 1034 2329 1299 2408; x_wconf 89' lang='lat' dir='ltr'><strong>videtur,</strong></span> <span class='ocrx_word' id='word_1_171' title='bbox 1358 2329 1520 2418; x_wconf 84' lang='lat' dir='ltr'><strong>quod</strong></span> <span class='ocrx_word' id='word_1_172' title='bbox 1568 2331 1753 2391; x_wconf 85' lang='lat' dir='ltr'><strong>omitti</strong></span> <span class='ocrx_word' id='word_1_173' title='bbox 1800 2331 2013 2408; x_wconf 87' lang='lat' dir='ltr'><strong>possit,</strong></span> <span class='ocrx_word' id='word_1_174' title='bbox 2067 2334 2133 2390; x_wconf 89' lang='lat' dir='ltr'><strong>ut</strong></span> <span class='ocrx_word' id='word_1_175' title='bbox 2176 2329 2540 2409; x_wconf 83' lang='lat' dir='ltr'><strong>adjectivum</strong></span> 
     </span>
     <span class='ocr_line' id='line_1_21' title="bbox 290 2428 2541 2513; baseline 0.002 -24"><span class='ocrx_word' id='word_1_176' title='bbox 290 2428 352 2490; x_wconf 88' lang='lat' dir='ltr'><strong>iu</strong></span> <span class='ocrx_word' id='word_1_177' title='bbox 416 2430 547 2491; x_wconf 92' lang='lat' dir='ltr'><strong>eius</strong></span> <span class='ocrx_word' id='word_1_178' title='bbox 603 2430 798 2492; x_wconf 89' lang='lat' dir='ltr'><strong>locum</strong></span> <span class='ocrx_word' id='word_1_179' title='bbox 861 2430 1239 2511; x_wconf 87' lang='lat' dir='ltr'><strong>succederet,</strong></span> <span class='ocrx_word' id='word_1_180' title='bbox 1309 2451 1495 2510; x_wconf 89' lang='lat' dir='ltr'><strong>quum</strong></span> <span class='ocrx_word' id='word_1_181' title='bbox 1552 2432 1698 2493; x_wconf 88' lang='lat' dir='ltr'><strong>dicit</strong></span> <span class='ocrx_word' id='word_1_182' title='bbox 1755 2452 1813 2510; x_wconf 90' lang='lat' dir='ltr'><strong>p.</strong></span> <span class='ocrx_word' id='word_1_183' title='bbox 1845 2428 1996 2513; x_wconf 83' lang='lat'><strong>351,</strong></span> <span class='ocrx_word' id='word_1_184' title='bbox 2057 2433 2385 2513; x_wconf 85' lang='lat' dir='ltr'><strong>praecipue</strong></span> <span class='ocrx_word' id='word_1_185' title='bbox 2443 2451 2541 2493; x_wconf 92' lang='lat' dir='ltr'><strong>res</strong></span> 
     </span>
     <span class='ocr_line' id='line_1_22' title="bbox 291 2534 2540 2613; baseline 0.001 -22"><span class='ocrx_word' id='word_1_186' title='bbox 291 2534 612 2609; x_wconf 78' lang='lat' dir='ltr'><strong>generales</strong></span> <span class='ocrx_word' id='word_1_187' title='bbox 671 2534 762 2594; x_wconf 87' lang='lat' dir='ltr'><strong>his</strong></span> <span class='ocrx_word' id='word_1_188' title='bbox 820 2539 881 2595; x_wconf 89' lang='lat' dir='ltr'><strong>et</strong></span> <span class='ocrx_word' id='word_1_189' title='bbox 942 2534 1119 2595; x_wconf 89' lang='lat' dir='ltr'><strong>huius</strong></span> <span class='ocrx_word' id='word_1_190' title='bbox 1178 2534 1336 2595; x_wconf 90' lang='lat' dir='ltr'><strong>modi</strong></span> <span class='ocrx_word' id='word_1_191' title='bbox 1395 2535 1675 2613; x_wconf 86' lang='lat' dir='ltr'><strong>epithetis</strong></span> <span class='ocrx_word' id='word_1_192' title='bbox 1721 2535 1955 2596; x_wconf 86' lang='lat' dir='ltr'><strong>vicariis</strong></span> <span class='ocrx_word' id='word_1_193' title='bbox 2013 2554 2145 2597; x_wconf 87' lang='lat' dir='ltr'><strong>esse</strong></span> <span class='ocrx_word' id='word_1_194' title='bbox 2191 2535 2540 2596; x_wconf 87' lang='lat' dir='ltr'><strong>cumulatas.</strong></span> 
     </span>
     <span class='ocr_line' id='line_1_23' title="bbox 291 2635 2537 2715; baseline 0.001 -22"><span class='ocrx_word' id='word_1_195' title='bbox 291 2635 430 2694; x_wconf 91' lang='lat' dir='ltr'><strong>Non</strong></span> <span class='ocrx_word' id='word_1_196' title='bbox 469 2652 566 2695; x_wconf 89' lang='lat' dir='ltr'><strong>res</strong></span> <span class='ocrx_word' id='word_1_197' title='bbox 596 2636 912 2712; x_wconf 88' lang='lat' dir='ltr'><strong>generales</strong></span> <span class='ocrx_word' id='word_1_198' title='bbox 939 2637 1203 2715; x_wconf 77' lang='lat' dir='ltr'><strong>fuerunt,</strong></span> <span class='ocrx_word' id='word_1_199' title='bbox 1231 2636 1338 2698; x_wconf 89' lang='lat' dir='ltr'><strong>sed</strong></span> <span class='ocrx_word' id='word_1_200' title='bbox 1369 2656 1466 2698; x_wconf 86' lang='lat' dir='ltr'><strong>res</strong></span> <span class='ocrx_word' id='word_1_201' title='bbox 1495 2638 1751 2698; x_wconf 77' lang='lat' dir='ltr'><strong>maxime</strong></span> <span class='ocrx_word' id='word_1_202' title='bbox 1783 2639 1842 2698; x_wconf 88' lang='lat' dir='ltr'><strong>in</strong></span> <span class='ocrx_word' id='word_1_203' title='bbox 1876 2639 2224 2715; x_wconf 87' lang='lat' dir='ltr'><strong>quotidiano</strong></span> <span class='ocrx_word' id='word_1_204' title='bbox 2255 2637 2537 2714; x_wconf 90' lang='lat' dir='ltr'><strong>loquendi</strong></span> 
     </span>
     <span class='ocr_line' id='line_1_24' title="bbox 293 2725 2539 2819; baseline 0 -23"><span class='ocrx_word' id='word_1_205' title='bbox 293 2755 407 2797; x_wconf 90' lang='lat' dir='ltr'><strong>usu</strong></span> <span class='ocrx_word' id='word_1_206' title='bbox 449 2737 784 2815; x_wconf 87' lang='lat' dir='ltr'><strong>adhibitae,</strong></span> <span class='ocrx_word' id='word_1_207' title='bbox 839 2742 903 2799; x_wconf 88' lang='lat' dir='ltr'><strong>ut</strong></span> <span class='ocrx_word' id='word_1_208' title='bbox 941 2733 1113 2818; x_wconf 79' lang='grc' dir='ltr'><em>χείρ,</em></span> <span class='ocrx_word' id='word_1_209' title='bbox 1166 2735 1280 2819; x_wconf 84' lang='grc' dir='ltr'><strong>γῆ,</strong></span> <span class='ocrx_word' id='word_1_210' title='bbox 1334 2726 1520 2812; x_wconf 77' lang='grc' dir='ltr'><strong><em>ὁδός,</em></strong></span> <span class='ocrx_word' id='word_1_211' title='bbox 1563 2735 1778 2819; x_wconf 76' lang='grc' dir='ltr'><strong><em>μερίς,</em></strong></span> <span class='ocrx_word' id='word_1_212' title='bbox 1822 2726 1998 2818; x_wconf 80' lang='grc' dir='ltr'><strong><em>ὥρα,</em></strong></span> <span class='ocrx_word' id='word_1_213' title='bbox 2044 2728 2274 2811; x_wconf 76' lang='grc' dir='ltr'><strong><em>νόσος,</em></strong></span> <span class='ocrx_word' id='word_1_214' title='bbox 2319 2725 2539 2818; x_wconf 80' lang='grc' dir='ltr'><strong>ἄρτος,</strong></span> 
     </span>
     <span class='ocr_line' id='line_1_25' title="bbox 287 2828 2541 2921; baseline 0.002 -24"><span class='ocrx_word' id='word_1_215' title='bbox 287 2828 463 2919; x_wconf 80' lang='grc' dir='ltr'>μάζα</span> <span class='ocrx_word' id='word_1_216' title='bbox 505 2840 581 2899; x_wconf 90' lang='lat' dir='ltr'><strong>al.</strong></span> <span class='ocrx_word' id='word_1_217' title='bbox 627 2840 704 2900; x_wconf 80' lang='lat' dir='ltr'><strong>cf.</strong></span> <span class='ocrx_word' id='word_1_218' title='bbox 732 2841 978 2919; x_wconf 78' lang='lat' dir='ltr'><strong>Kruger</strong></span> <span class='ocrx_word' id='word_1_219' title='bbox 1020 2840 1122 2902; x_wconf 85' lang='lat' dir='ltr'><strong>Gr.</strong></span> <span class='ocrx_word' id='word_1_220' title='bbox 1154 2838 1254 2920; x_wconf 78' lang='lat'><strong>43,</strong></span> <span class='ocrx_word' id='word_1_221' title='bbox 1299 2838 1357 2921; x_wconf 90' lang='lat'><strong>3,</strong></span> <span class='ocrx_word' id='word_1_222' title='bbox 1401 2839 1459 2902; x_wconf 86' lang='lat'><strong>3.</strong></span> <span class='ocrx_word' id='word_1_223' title='bbox 1544 2843 1762 2920; x_wconf 87' lang='lat' dir='ltr'><strong>Neque</strong></span> <span class='ocrx_word' id='word_1_224' title='bbox 1810 2861 1962 2919; x_wconf 84' lang='lat' dir='ltr'><strong>nego</strong></span> <span class='ocrx_word' id='word_1_225' title='bbox 2008 2861 2189 2921; x_wconf 88' lang='lat' dir='ltr'><strong>saepe</strong></span> <span class='ocrx_word' id='word_1_226' title='bbox 2232 2843 2541 2920; x_wconf 86' lang='lat' dir='ltr'><strong>accidisse,</strong></span> 
     </span>
     <span class='ocr_line' id='line_1_26' title="bbox 290 2943 2541 3022; baseline 0 -19"><span class='ocrx_word' id='word_1_227' title='bbox 290 2948 358 3003; x_wconf 87' lang='lat' dir='ltr'><strong>ut</strong></span> <span class='ocrx_word' id='word_1_228' title='bbox 388 2943 490 3002; x_wconf 89' lang='lat' dir='ltr'><strong>vel</strong></span> <span class='ocrx_word' id='word_1_229' title='bbox 525 2943 753 3021; x_wconf 86' lang='lat' dir='ltr'><strong>posteri</strong></span> <span class='ocrx_word' id='word_1_230' title='bbox 798 2943 1117 3021; x_wconf 85' lang='lat' dir='ltr'><strong>nescirent,</strong></span> <span class='ocrx_word' id='word_1_231' title='bbox 1159 2943 1325 3022; x_wconf 89' lang='lat' dir='ltr'><strong>quod</strong></span> <span class='ocrx_word' id='word_1_232' title='bbox 1356 2945 1797 3006; x_wconf 84' lang='lat' dir='ltr'><strong>substantivum</strong></span> <span class='ocrx_word' id='word_1_233' title='bbox 1827 2944 2278 3022; x_wconf 86' lang='lat' dir='ltr'><strong>intelligendum</strong></span> <span class='ocrx_word' id='word_1_234' title='bbox 2311 2944 2541 3022; x_wconf 88' lang='lat' dir='ltr'><strong>fuisset,</strong></span> 
     </span>
     <span class='ocr_line' id='line_1_27' title="bbox 291 3044 2541 3124; baseline 0 -20"><span class='ocrx_word' id='word_1_235' title='bbox 291 3044 393 3105; x_wconf 89' lang='lat' dir='ltr'><strong>vel</strong></span> <span class='ocrx_word' id='word_1_236' title='bbox 438 3044 682 3107; x_wconf 88' lang='lat' dir='ltr'><strong>omnino</strong></span> <span class='ocrx_word' id='word_1_237' title='bbox 726 3063 846 3105; x_wconf 88' lang='lat' dir='ltr'><strong>non</strong></span> <span class='ocrx_word' id='word_1_238' title='bbox 893 3049 1122 3105; x_wconf 88' lang='lat' dir='ltr'><strong>certum</strong></span> <span class='ocrx_word' id='word_1_239' title='bbox 1166 3045 1410 3124; x_wconf 84' lang='lat' dir='ltr'><strong>aliquod</strong></span> <span class='ocrx_word' id='word_1_240' title='bbox 1455 3045 1836 3123; x_wconf 87' lang='lat' dir='ltr'><strong>vocabulum,</strong></span> <span class='ocrx_word' id='word_1_241' title='bbox 1890 3045 1998 3107; x_wconf 90' lang='lat' dir='ltr'><strong>sed</strong></span> <span class='ocrx_word' id='word_1_242' title='bbox 2042 3047 2293 3107; x_wconf 87' lang='lat' dir='ltr'><strong>obscura</strong></span> <span class='ocrx_word' id='word_1_243' title='bbox 2337 3045 2541 3122; x_wconf 85' lang='lat' dir='ltr'><strong>aliqua</strong></span> 
     </span>
     <span class='ocr_line' id='line_1_28' title="bbox 287 3147 2537 3224; baseline -0.001 -17"><span class='ocrx_word' id='word_1_244' title='bbox 287 3147 553 3207; x_wconf 90' lang='lat' dir='ltr'><strong>eiusdem</strong></span> <span class='ocrx_word' id='word_1_245' title='bbox 602 3147 842 3224; x_wconf 91' lang='lat' dir='ltr'><strong>generis</strong></span> <span class='ocrx_word' id='word_1_246' title='bbox 887 3148 1050 3208; x_wconf 84' lang='lat' dir='ltr'><strong>notio</strong></span> <span class='ocrx_word' id='word_1_247' title='bbox 1095 3148 1293 3208; x_wconf 89' lang='lat' dir='ltr'><strong>animo</strong></span> <span class='ocrx_word' id='word_1_248' title='bbox 1337 3148 1520 3208; x_wconf 83' lang='lat' dir='ltr'><strong>infixa</strong></span> <span class='ocrx_word' id='word_1_249' title='bbox 1557 3151 1714 3209; x_wconf 85' lang='lat' dir='ltr'><strong>esset</strong></span> <span class='ocrx_word' id='word_1_250' title='bbox 1743 3152 1803 3208; x_wconf 90' lang='lat' dir='ltr'><strong>et</strong></span> <span class='ocrx_word' id='word_1_251' title='bbox 1833 3166 1964 3208; x_wconf 89' lang='lat' dir='ltr'><strong>cum</strong></span> <span class='ocrx_word' id='word_1_252' title='bbox 2012 3147 2312 3224; x_wconf 75' lang='lat' dir='ltr'><strong>adJectivo</strong></span> <span class='ocrx_word' id='word_1_253' title='bbox 2355 3149 2537 3206; x_wconf 84' lang='lat' dir='ltr'><strong>tacite</strong></span> 
     </span>
     <span class='ocr_line' id='line_1_29' title="bbox 284 3248 2539 3328; baseline 0 -19"><span class='ocrx_word' id='word_1_254' title='bbox 284 3250 474 3315; x_wconf 86' lang='lat' dir='ltr'><strong>simul</strong></span> <span class='ocrx_word' id='word_1_255' title='bbox 505 3248 851 3327; x_wconf 88' lang='lat' dir='ltr'><strong>audiretur,</strong></span> <span class='ocrx_word' id='word_1_256' title='bbox 908 3249 1070 3311; x_wconf 89' lang='lat' dir='ltr'><strong>unde</strong></span> <span class='ocrx_word' id='word_1_257' title='bbox 1126 3249 1243 3310; x_wconf 88' lang='lat' dir='ltr'><strong>hoe</strong></span> <span class='ocrx_word' id='word_1_258' title='bbox 1286 3251 1528 3328; x_wconf 87' lang='lat' dir='ltr'><strong>generis</strong></span> <span class='ocrx_word' id='word_1_259' title='bbox 1574 3251 1700 3311; x_wconf 91' lang='lat' dir='ltr'><strong>sive</strong></span> <span class='ocrx_word' id='word_1_260' title='bbox 1747 3250 2054 3310; x_wconf 86' lang='lat' dir='ltr'><strong>masculini</strong></span> <span class='ocrx_word' id='word_1_261' title='bbox 2102 3248 2230 3309; x_wconf 88' lang='lat' dir='ltr'><strong>sive</strong></span> <span class='ocrx_word' id='word_1_262' title='bbox 2271 3248 2539 3309; x_wconf 83' lang='lat' dir='ltr'><strong>feminini</strong></span> 
     </span>
     <span class='ocr_line' id='line_1_30' title="bbox 287 3347 2540 3430; baseline 0 -18"><span class='ocrx_word' id='word_1_263' title='bbox 287 3349 843 3428; x_wconf 76' lang='lat' dir='ltr'><strong>uotam&#39;acciperet</strong></span> <span class='ocrx_word' id='word_1_264' title='bbox 885 3350 968 3430; x_wconf 88' lang='lat' dir='ltr'><strong>(p.</strong></span> <span class='ocrx_word' id='word_1_265' title='bbox 1000 3347 1155 3429; x_wconf 79' lang='lat'><strong>3633</strong></span> <span class='ocrx_word' id='word_1_266' title='bbox 1201 3352 1278 3413; x_wconf 84' lang='lat' dir='ltr'><strong>cf.</strong></span> <span class='ocrx_word' id='word_1_267' title='bbox 1321 3371 1380 3430; x_wconf 88' lang='lat' dir='ltr'><strong>p.</strong></span> <span class='ocrx_word' id='word_1_268' title='bbox 1411 3348 1567 3411; x_wconf 79' lang='lat'><strong>376:</strong></span> <span class='ocrx_word' id='word_1_269' title='bbox 1626 3352 1759 3430; x_wconf 86' lang='lat' dir='ltr'><strong>„Ac</strong></span> <span class='ocrx_word' id='word_1_270' title='bbox 1819 3370 1893 3413; x_wconf 90' lang='lat' dir='ltr'><strong>ne</strong></span> <span class='ocrx_word' id='word_1_271' title='bbox 1946 3369 2099 3429; x_wconf 87' lang='lat' dir='ltr'><strong>opus</strong></span> <span class='ocrx_word' id='word_1_272' title='bbox 2160 3351 2400 3430; x_wconf 87' lang='lat' dir='ltr'><strong>quidem</strong></span> <span class='ocrx_word' id='word_1_273' title='bbox 2445 3358 2540 3412; x_wconf 89' lang='lat' dir='ltr'><strong>est</strong></span> 
     </span>
     <span class='ocr_line' id='line_1_31' title="bbox 284 3454 2538 3534; baseline 0.001 -21"><span class='ocrx_word' id='word_1_274' title='bbox 284 3455 728 3534; x_wconf 86' lang='lat' dir='ltr'><strong>supplemento,</strong></span> <span class='ocrx_word' id='word_1_275' title='bbox 758 3454 806 3514; x_wconf 87' lang='lat' dir='ltr'><strong>si</strong></span> <span class='ocrx_word' id='word_1_276' title='bbox 839 3471 1143 3516; x_wconf 88' lang='lat' dir='ltr'><strong>sumamus</strong></span> <span class='ocrx_word' id='word_1_277' title='bbox 1174 3472 1296 3533; x_wconf 90' lang='lat' dir='ltr'><strong>eos,</strong></span> <span class='ocrx_word' id='word_1_278' title='bbox 1325 3456 1427 3532; x_wconf 90' lang='lat' dir='ltr'><strong>qui</strong></span> <span class='ocrx_word' id='word_1_279' title='bbox 1457 3456 1633 3534; x_wconf 88' lang='lat' dir='ltr'><strong>primi</strong></span> <span class='ocrx_word' id='word_1_280' title='bbox 1664 3454 1845 3517; x_wconf 90' lang='lat' dir='ltr'><strong>rebus</strong></span> <span class='ocrx_word' id='word_1_281' title='bbox 1865 3454 2164 3516; x_wconf 84' lang='lat' dir='ltr'><strong>vocabula</strong></span> <span class='ocrx_word' id='word_1_282' title='bbox 2184 3454 2538 3532; x_wconf 86' lang='lat' dir='ltr'><strong>imposuere,</strong></span> 
     </span>
     <span class='ocr_line' id='line_1_32' title="bbox 285 3556 2535 3639; baseline 0 -23"><span class='ocrx_word' id='word_1_283' title='bbox 285 3575 720 3634; x_wconf 88' lang='lat' dir='ltr'><strong>nonnunquam</strong></span> <span class='ocrx_word' id='word_1_284' title='bbox 752 3556 1118 3618; x_wconf 82' lang='lat' dir='ltr'><strong>substantias</strong></span> <span class='ocrx_word' id='word_1_285' title='bbox 1146 3557 1482 3636; x_wconf 86' lang='lat' dir='ltr'><strong>appellasse</strong></span> <span class='ocrx_word' id='word_1_286' title='bbox 1513 3557 1815 3639; x_wconf 87' lang='lat' dir='ltr'><strong>adjective</strong></span> <span class='ocrx_word' id='word_1_287' title='bbox 1844 3576 1881 3617; x_wconf 88' lang='lat' dir='ltr'><strong>a</strong></span> <span class='ocrx_word' id='word_1_288' title='bbox 1911 3558 2129 3636; x_wconf 83' lang='lat' dir='ltr'><strong>specie,</strong></span> <span class='ocrx_word' id='word_1_289' title='bbox 2173 3574 2350 3635; x_wconf 90' lang='lat' dir='ltr'><strong>quam</strong></span> <span class='ocrx_word' id='word_1_290' title='bbox 2390 3576 2535 3634; x_wconf 88' lang='lat' dir='ltr'><strong>prae</strong></span> 
     </span>
     <span class='ocr_line' id='line_1_33' title="bbox 282 3658 2541 3739; baseline 0 -19"><span class='ocrx_word' id='word_1_291' title='bbox 282 3678 349 3720; x_wconf 85' lang='lat' dir='ltr'><strong>se</strong></span> <span class='ocrx_word' id='word_1_292' title='bbox 382 3659 631 3737; x_wconf 82' lang='lat' dir='ltr'><strong>ferrent,</strong></span> <span class='ocrx_word' id='word_1_293' title='bbox 676 3659 1140 3721; x_wconf 84' lang='lat' dir='ltr'><strong>eminentissima</strong></span> <span class='ocrx_word' id='word_1_294' title='bbox 1184 3663 1244 3719; x_wconf 88' lang='lat' dir='ltr'><strong>et</strong></span> <span class='ocrx_word' id='word_1_295' title='bbox 1274 3658 1350 3719; x_wconf 90' lang='lat' dir='ltr'><strong>ad</strong></span> <span class='ocrx_word' id='word_1_296' title='bbox 1382 3660 1976 3721; x_wconf 87' lang='lat' dir='ltr'><strong>animadvertendum</strong></span> <span class='ocrx_word' id='word_1_297' title='bbox 2022 3659 2275 3722; x_wconf 82' lang='lat' dir='ltr'><strong>maxime</strong></span> <span class='ocrx_word' id='word_1_298' title='bbox 2305 3661 2541 3739; x_wconf 84' lang='lat' dir='ltr'><strong>insigni,</strong></span> 
     </span>
     <span class='ocr_line' id='line_1_34' title="bbox 281 3747 2537 3842; baseline 0 -20"><span class='ocrx_word' id='word_1_299' title='bbox 281 3766 468 3839; x_wconf 88' lang='lat' dir='ltr'><strong>atque</strong></span> <span class='ocrx_word' id='word_1_300' title='bbox 504 3762 767 3837; x_wconf 81' lang='lat' dir='ltr'><strong>exempli</strong></span> <span class='ocrx_word' id='word_1_301' title='bbox 795 3779 977 3823; x_wconf 85' lang='lat' dir='ltr'><strong>causa</strong></span> <span class='ocrx_word' id='word_1_302' title='bbox 1007 3761 1227 3822; x_wconf 90' lang='lat' dir='ltr'><strong>editam</strong></span> <span class='ocrx_word' id='word_1_303' title='bbox 1262 3763 1477 3822; x_wconf 88' lang='lat' dir='ltr'><strong>montis</strong></span> <span class='ocrx_word' id='word_1_304' title='bbox 1506 3766 1740 3840; x_wconf 87' lang='lat' dir='ltr'><strong>partem</strong></span> <span class='ocrx_word' id='word_1_305' title='bbox 1770 3752 1899 3839; x_wconf 78' lang='grc' dir='ltr'><strong>τὴν</strong></span> <span class='ocrx_word' id='word_1_306' title='bbox 1943 3747 2160 3842; x_wconf 79' lang='grc' dir='ltr'><strong><em>ἄκραν</em></strong></span> <span class='ocrx_word' id='word_1_307' title='bbox 2201 3762 2537 3840; x_wconf 76' lang='lat' dir='ltr'><strong>appellasse</strong></span> 
     </span>
     <span class='ocr_line' id='line_1_35' title="bbox 281 3861 2533 3944; baseline -0 -20"><span class='ocrx_word' id='word_1_308' title='bbox 281 3883 406 3924; x_wconf 88' lang='lat' dir='ltr'><strong>non</strong></span> <span class='ocrx_word' id='word_1_309' title='bbox 466 3863 633 3942; x_wconf 86' lang='lat' dir='ltr'><strong>quod</strong></span> <span class='ocrx_word' id='word_1_310' title='bbox 694 3865 953 3925; x_wconf 88' lang='lat' dir='ltr'><strong>animum</strong></span> <span class='ocrx_word' id='word_1_311' title='bbox 1014 3865 1089 3925; x_wconf 87' lang='lat' dir='ltr'><strong>ad</strong></span> <span class='ocrx_word' id='word_1_312' title='bbox 1152 3864 1455 3925; x_wconf 88' lang='lat' dir='ltr'><strong>notionem</strong></span> <span class='ocrx_word' id='word_1_313' title='bbox 1512 3861 1634 3944; x_wconf 80' lang='grc' dir='ltr'><strong>τῆς</strong></span> <span class='ocrx_word' id='word_1_314' title='bbox 1691 3861 1993 3943; x_wconf 76' lang='grc' dir='ltr'><strong><em>κορυφῆς</em></strong></span> <span class='ocrx_word' id='word_1_315' title='bbox 2051 3864 2370 3942; x_wconf 87' lang='lat' dir='ltr'><strong>referrent,</strong></span> <span class='ocrx_word' id='word_1_316' title='bbox 2430 3865 2533 3926; x_wconf 86' lang='lat' dir='ltr'><strong>sed</strong></span> 
     </span>
     <span class='ocr_line' id='line_1_36' title="bbox 279 3960 2535 4045; baseline 0 -18"><span class='ocrx_word' id='word_1_317' title='bbox 279 3985 395 4044; x_wconf 88' lang='lat' dir='ltr'><strong>per</strong></span> <span class='ocrx_word' id='word_1_318' title='bbox 451 3985 518 4027; x_wconf 91' lang='lat' dir='ltr'><strong>se</strong></span> <span class='ocrx_word' id='word_1_319' title='bbox 576 3967 794 4045; x_wconf 84' lang='lat' dir='ltr'><strong>ipsam,</strong></span> <span class='ocrx_word' id='word_1_320' title='bbox 861 3960 1087 4045; x_wconf 81' lang='lat' dir='ltr'><strong>genere</strong></span> <span class='ocrx_word' id='word_1_321' title='bbox 1147 3972 1349 4029; x_wconf 82' lang='lat' dir='ltr'><strong>autem</strong></span> <span class='ocrx_word' id='word_1_322' title='bbox 1411 3967 1698 4031; x_wconf 82' lang='lat' dir='ltr'><strong>feminino</strong></span> <span class='ocrx_word' id='word_1_323' title='bbox 1761 3984 1899 4028; x_wconf 90' lang='lat' dir='ltr'><strong>usos</strong></span> <span class='ocrx_word' id='word_1_324' title='bbox 1957 3985 2090 4027; x_wconf 91' lang='lat' dir='ltr'><strong>esse</strong></span> <span class='ocrx_word' id='word_1_325' title='bbox 2151 3968 2227 4028; x_wconf 93' lang='lat' dir='ltr'><strong>ob</strong></span> <span class='ocrx_word' id='word_1_326' title='bbox 2286 3967 2535 4029; x_wconf 88' lang='lat' dir='ltr'><strong>candem</strong></span> 
     </span>
     <span class='ocr_line' id='line_1_37' title="bbox 313 4057 2533 4150; baseline -0.001 -21"><span class='ocrx_word' id='word_1_327' title='bbox 313 4088 549 4147; x_wconf 86' lang='lat' dir='ltr'><strong>ausam,</strong></span> <span class='ocrx_word' id='word_1_328' title='bbox 589 4087 709 4146; x_wconf 88' lang='lat' dir='ltr'><strong>qua</strong></span> <span class='ocrx_word' id='word_1_329' title='bbox 751 4058 1021 4149; x_wconf 77' lang='grc' dir='ltr'><strong><em>κορυφή</em></strong></span> <span class='ocrx_word' id='word_1_330' title='bbox 1067 4070 1351 4130; x_wconf 79' lang='lat' dir='ltr'><strong>feminine</strong></span> <span class='ocrx_word' id='word_1_331' title='bbox 1394 4070 1828 4149; x_wconf 87' lang='lat' dir='ltr'><strong>appellaretur,</strong></span> <span class='ocrx_word' id='word_1_332' title='bbox 1872 4074 1933 4130; x_wconf 90' lang='lat' dir='ltr'><strong>et</strong></span> <span class='ocrx_word' id='word_1_333' title='bbox 1974 4070 2241 4130; x_wconf 86' lang='lat' dir='ltr'><strong>similiter</strong></span> <span class='ocrx_word' id='word_1_334' title='bbox 2284 4057 2533 4150; x_wconf 79' lang='grc' dir='ltr'><strong><em>ἡτρίο-</em></strong></span> 
     </span>
     <span class='ocr_line' id='line_1_38' title="bbox 278 4154 2535 4250; baseline -0.001 -20"><span class='ocrx_word' id='word_1_335' title='bbox 278 4168 428 4245; x_wconf 82' lang='grc' dir='ltr'><strong><em>ὁος,</em></strong></span> <span class='ocrx_word' id='word_1_336' title='bbox 470 4159 512 4250; x_wconf 80' lang='grc' dir='ltr'><em>ἡ</em></span> <span class='ocrx_word' id='word_1_337' title='bbox 562 4159 904 4250; x_wconf 76' lang='grc' dir='ltr'><strong><em>ἃμαξιτός,</em></strong></span> <span class='ocrx_word' id='word_1_338' title='bbox 945 4172 1090 4249; x_wconf 86' lang='lat' dir='ltr'><strong>quia</strong></span> <span class='ocrx_word' id='word_1_339' title='bbox 1132 4158 1317 4243; x_wconf 79' lang='grc' dir='ltr'><strong><em>ὁδός,</em></strong></span> <span class='ocrx_word' id='word_1_340' title='bbox 1362 4165 1716 4243; x_wconf 74' lang='grc' dir='ltr'><strong><em>κέλευθος,</em></strong></span> <span class='ocrx_word' id='word_1_341' title='bbox 1760 4160 1977 4249; x_wconf 71' lang='grc' dir='ltr'><strong><em>οἶμος,</em></strong></span> <span class='ocrx_word' id='word_1_342' title='bbox 2020 4166 2274 4250; x_wconf 76' lang='grc' dir='ltr'><strong><em>τρίβος,</em></strong></span> <span class='ocrx_word' id='word_1_343' title='bbox 2321 4154 2535 4249; x_wconf 64' lang='lat' dir='ltr'><strong>dyved,</strong></span> 
     </span>
    </p>
   </div>
   <div class='ocr_carea' id='block_1_3' title="bbox 276 4268 2643 4352">
    <p class='ocr_par' dir='ltr' id='par_1_3' title="bbox 276 4268 2643 4352">
     <span class='ocr_line' id='line_1_39' title="bbox 276 4268 2643 4352; baseline 0.001 -22"><span class='ocrx_word' id='word_1_344' title='bbox 276 4290 459 4349; x_wconf 65' lang='lat' dir='ltr'><strong>apen,</strong></span> <span class='ocrx_word' id='word_1_345' title='bbox 508 4277 630 4345; x_wconf 77' lang='lat' dir='ltr'><strong>via,</strong></span> <span class='ocrx_word' id='word_1_346' title='bbox 677 4276 962 4335; x_wconf 84' lang='lat' dir='ltr'><strong>feminina</strong></span> <span class='ocrx_word' id='word_1_347' title='bbox 1005 4268 1242 4347; x_wconf 84' lang='lat' dir='ltr'><strong>sunt.“).</strong></span> <span class='ocrx_word' id='word_1_348' title='bbox 1328 4274 1446 4334; x_wconf 83' lang='lat' dir='ltr'><strong>Sed</strong></span> <span class='ocrx_word' id='word_1_349' title='bbox 1491 4275 1669 4352; x_wconf 82' lang='lat' dir='ltr'><strong>plane</strong></span> <span class='ocrx_word' id='word_1_350' title='bbox 1712 4275 2058 4334; x_wconf 87' lang='lat' dir='ltr'><strong>incredibile</strong></span> <span class='ocrx_word' id='word_1_351' title='bbox 2089 4278 2207 4351; x_wconf 88' lang='lat' dir='ltr'><strong>est,</strong></span> <span class='ocrx_word' id='word_1_352' title='bbox 2253 4274 2532 4351; x_wconf 77' lang='lat' dir='ltr'><strong>adjectivi</strong></span> <span class='ocrx_word' id='word_1_353' title='bbox 2636 4346 2643 4351; x_wconf 63' lang='lat'><em>„</em></span> 
     </span>
    </p>
   </div>
  </div>
 </body>
</html>
