3166 4871
559 211 682 274 308

726 389 985 448 Primum
1019 388 1264 448 verbum
1298 386 1524 447 curabo
1563 389 1803 466 saepius
1836 407 1967 448 cum
2001 389 2384 448 coniunctivo
2416 390 2800 450 coniunctum

556 490 775 566 legitur
819 490 879 551 in
926 491 1094 550 initio
1140 492 1501 568 sententiae,
1559 492 1756 551 rarius
1801 491 2031 551 mediae
2076 491 2392 565 insertum,
2449 510 2520 551 ac
2564 511 2802 570 semper

557 592 795 669 quidem
841 594 900 653 in
947 592 1323 652 sermonibus
1370 593 1802 653 libertinorum.
1891 593 1963 652 cf.
1995 611 2045 652 c.
2078 597 2190 655 58:
2235 592 2483 666 curabo,
2531 596 2650 653 iam
2695 593 2802 654 tibi

553 694 718 753 Jovis
741 696 960 766 ,iratus
1003 697 1083 754 sit
1128 703 1187 755 et
1231 694 1495 771 curabo,
1556 696 1738 769 lonye
1793 694 1899 754 tibi
1940 696 2022 754 sit
2079 697 2311 755 comula
2368 697 2489 755 ista
2548 695 2801 757 bessalis

556 802 615 856 et
660 797 905 856 Athana
968 795 1075 856 tibi
1133 798 1298 856 irata
1353 798 1433 856 sit
1492 796 1763 869 curabo,
1828 817 1876 858 c.
1923 803 2034 858 74:
2092 797 2356 873 curabo,
2420 799 2661 859 domata
2714 801 2800 858 sit

562 899 909 958 Cassandra
972 900 1278 974 ealiyaria
1333 908 1393 960 et
1443 907 1646 973 recte,
1696 899 1957 975 curabo,
2016 917 2108 959 me
2165 900 2467 977 unquibus
2526 918 2802 980 quaeras,

555 1020 601 1061 c.
652 1007 761 1063 75:
807 1003 925 1061 iam
970 1003 1232 1075 curabo,
1286 1004 1486 1078 fatum
1547 1010 1711 1061 tuum
1758 1005 1989 1078 plores.
2076 1006 2373 1081 particula
2415 1010 2479 1063 at
2523 1007 2799 1081 praemit-

555 1107 699 1166 titur
744 1124 792 1164 c.
836 1109 946 1167 69:
1001 1111 1066 1164 at
1111 1103 1357 1178 curabo,
1403 1106 1685 1181 stiqmam
1731 1107 1968 1165 habeat.
2055 1126 2362 1184 perpauca
2405 1107 2582 1167 huius
2627 1127 2798 1168 rarae

554 1213 896 1268 structurae
942 1209 1217 1286 exempla
1262 1227 1334 1268 ex
1378 1209 1511 1268 aliis
1557 1209 1950 1286 scriptoribus
1982 1208 2299 1287 desumpta
2339 1210 2583 1287 collegit
2612 1211 2793 1270 Drac-

554 1328 732 1385 gerus
794 1309 853 1382 (§
884 1314 1025 1381 409,
1062 1316 1091 1371 1
1144 1317 1202 1371 et
1247 1309 1382 1384 2d).
1434 1342 1517 1351 —
1562 1316 1823 1371 ceterum
1883 1312 2057 1371 etiam
2122 1313 2407 1375 nonnulla
2449 1313 2566 1372 alia
2609 1314 2792 1372 verba

555 1413 873 1472 Petronius
926 1414 1080 1472 solet
1140 1432 1271 1472 cum
1330 1431 1490 1473 mero
1553 1415 1937 1473 coniunctivo
1997 1416 2360 1492 coniungere
2421 1417 2635 1475 omisso
2698 1422 2793 1472 ut:

552 1515 798 1586 suadeo,
857 1530 1020 1590 cave,
1065 1522 1320 1590 oportet,
1365 1532 1536 1589 roae,
1583 1516 1740 1589 dico,
1787 1516 1934 1587 volo,
1982 1518 2139 1589 nolo,
2188 1518 2368 1588 malo,
2408 1518 2585 1592 saw,
2632 1519 2795 1588 licet,

555 1617 724 1676 cuius
771 1636 915 1677 usus
961 1617 1251 1677 nonnulla
1297 1618 1566 1694 exempla
1613 1618 1859 1694 collegit
1904 1618 1973 1678 A.
2020 1638 2055 1676 a
2101 1618 2397 1679 Guericke
2442 1638 2498 1696 p.
2546 1624 2642 1679 63.

723 1721 875 1780 Tum
923 1721 1096 1780 etiam
1144 1739 1181 1779 a
1219 1726 1480 1793 putares
1525 1722 1623 1780 vel
1664 1728 1846 1794 putes
1897 1721 1991 1780 vel
2025 1728 2324 1795 putasses
2364 1738 2788 1796 nonnunquam

553 1824 889 1882 sententiae
943 1823 1175 1883 omissis
1239 1823 1762 1882 coniunctionibus
1822 1824 2140 1901 incipiunt,
2196 1830 2262 1883 ut
2316 1843 2365 1883 c.
2414 1828 2481 1883 7:
2538 1830 2793 1896 putares

553 1924 629 1982 ab
684 1926 892 1984 eadem
953 1927 1201 1984 anicula
1255 1942 1386 1984 esse
1438 1926 1793 1997 deductum,
1864 1946 1910 1985 c.
1966 1930 2079 1987 45:
2126 1934 2385 2000 putares
2443 1943 2543 1986 eos
2601 1926 2796 2001 yallos

551 2028 962 2100 gallinaceos,
1009 2028 1068 2087 in
1115 2048 1164 2087 c.
1198 2032 1308 2089 63:
1344 2034 1611 2102 putares
1655 2043 1865 2087 canem
1912 2030 2173 2102 leporem
2212 2030 2541 2104 persequi,
2587 2046 2635 2087 c.
2683 2032 2795 2089 76:

541 2137 802 2204 putares
853 2146 945 2188 me
1004 2131 1117 2190 hoc
1173 2131 1453 2203 iussisse,
1518 2151 1567 2189 c.
1618 2135 1772 2193 123:
1819 2133 1986 2189 iussa
2025 2137 2315 2205 putares;
2362 2151 2411 2191 c.
2461 2136 2578 2192 47:
2618 2136 2795 2204 putes

554 2239 813 2304 taurum,
860 2251 905 2291 c.
939 2237 1051 2293 49:
1093 2238 1273 2305 putes
1320 2234 1487 2291 illum
1521 2235 1714 2308 piper
1758 2250 1879 2292 non
1926 2235 2286 2313 coniecisse,
2331 2252 2377 2292 c.
2426 2238 2572 2295 104:
2608 2238 2795 2307 putes

553 2350 677 2392 una
705 2350 814 2393 nos
846 2335 1193 2403 dormiisse;
1225 2353 1274 2393 c.
1308 2339 1413 2395 76:
1439 2342 1719 2409 putasses
1751 2336 1916 2393 illum
1947 2351 2186 2409 semper
2217 2351 2441 2395 mecum
2472 2334 2790 2394 habitasse.

727 2437 959 2496 Deinde
1021 2439 1359 2496 accuratior
1417 2437 1672 2496 alicuius
1734 2439 1819 2497 rei
1878 2438 2198 2515 explicatio
2260 2457 2440 2516 saepe
2492 2438 2793 2498 indicatur

553 2539 878 2615 praemisso
925 2539 1108 2609 vides,
1156 2539 1508 2614 plerumque
1556 2557 1687 2597 cum
1735 2538 2082 2598 accusativo
2128 2540 2482 2598 substantivi
2529 2541 2625 2598 vel
2656 2558 2793 2615 pro·

554 2642 806 2701 nominis
852 2642 1187 2700 coniuncto.
1276 2640 1351 2699 cf.
1395 2658 1443 2699 c.
1474 2643 1582 2702 36:
1630 2640 1792 2699 vides
1838 2641 2024 2711 illum,
2070 2643 2172 2713 qui
2217 2641 2522 2700 obsonium
2566 2642 2791 2715 carpit,

554 2763 603 2804 c.
635 2746 747 2804 38:
793 2744 953 2801 vides
999 2744 1193 2812 illum,
1251 2743 1354 2815 qui
1409 2744 1466 2800 in
1528 2743 1641 2802 imo
1689 2743 1837 2800 imus
1881 2740 2170 2801 recumbit
2217 2749 2276 2802 et
2320 2743 2489 2801 vides
2536 2751 2618 2801 tot
2664 2746 2795 2802 cul-

553 2847 725 2925 cita-9,
770 2864 819 2905 c.
851 2849 966 2907 46:
1012 2845 1179 2904 vides
1227 2845 1610 2905 Phileronem
1654 2844 2047 2921 causidicum,
2093 2864 2142 2904 c.
2182 2849 2291 2907 67:
2336 2847 2548 2905 videtis
2592 2848 2795 2905 millie-

551 2951 643 3008 ris
682 2950 1015 3023 compedes,
1062 2969 1109 3007 c.
1147 2952 1296 3010 126:
1340 2949 1503 3008 vides
1548 2965 1659 3020 me,
1708 2967 1754 3008 c.
1794 2954 1945 3010 131:
1992 2949 2172 3024 vides,
2220 2951 2383 3023 quod
2410 2949 2691 3008 excitavi.
2722 2945 2790 3014 ¹²)

723 3053 889 3114 Sicut
933 3052 1129 3129 vide-9,
1187 3054 1270 3110 ita
1316 3052 1489 3110 etiam
1540 3052 1865 3112 nonnullae
1928 3055 2150 3110 formae
2198 3051 2364 3111 verbi
2405 3053 2568 3111 scire
2612 3054 2791 3111 inter-

553 3155 692 3214 dum
748 3154 1062 3213 sententiis
1108 3152 1393 3213 dissolute
1440 3156 1926 3230 praemittuntur.
2014 3155 2090 3212 cf.
2132 3157 2297 3212 scias
2342 3160 2585 3228 oportet
2614 3173 2663 3213 c.
2692 3157 2790 3228 45,

549 3259 770 3316 seimus
815 3276 863 3315 c.
895 3260 993 3327 46,
1036 3258 1160 3315 scis
1206 3275 1255 3315 c.
1289 3260 1385 3326 74,
1429 3257 1654 3315 scimus
1699 3274 1747 3315 c.
1780 3259 1860 3317 75
1908 3257 2011 3315 bis.

726 3440 789 3501 ¹²)
825 3436 886 3489 In
927 3453 973 3489 c.
1017 3442 1108 3490 134
1159 3445 1289 3505 post
1335 3436 1582 3490 lacunam
1634 3436 1860 3504 legitur:
1912 3454 1977 3501 ο,
2025 3437 2228 3508 inquit,
2282 3437 2596 3502 Oenothea,
2645 3435 2791 3490 hunc

553 3521 993 3584 adolescentem,
1040 3539 1200 3591 quem
1237 3521 1424 3576 vides:
1471 3521 1619 3576 malo
1658 3529 1818 3575 astro
1855 3531 2023 3577 natus
2061 3529 2161 3577 est.
2231 3523 2607 3576 Buechelerus
2642 3530 2792 3575 reete

552 3608 782 3660 adnotat
817 3606 953 3660 illud
991 3607 1168 3676 inquit
1201 3607 1269 3660 ab
1307 3616 1633 3675 excerptore
1669 3607 1973 3661 immissum
2010 3608 2206 3672 videri,
2244 3617 2304 3660 ut
2332 3608 2557 3677 saepius
2582 3607 2789 3660 factum

553 3703 656 3746 cst.
693 3691 763 3746 cf.
801 3709 848 3745 c.
891 3697 983 3745 118
1019 3697 1174 3759 (150,
1219 3697 1317 3756 lb).
1390 3699 1500 3744 tum
1549 3693 1902 3747 accusativus
1949 3693 2096 3747 huno
2130 3693 2539 3747 adolescentem
2575 3709 2678 3760 per
2712 3697 2792 3745 at·

553 3779 880 3832 tractionem
928 3778 1294 3846 explicandus
1342 3789 1443 3832 est.
1528 3778 1905 3832 Bueclnelerus
1956 3779 2119 3832 talem
2168 3779 2551 3832 attractionem
2589 3780 2642 3831 in
2680 3785 2789 3830 tam

552 3873 672 3917 arta
705 3871 1103 3932 compactaque
1139 3863 1386 3916 oratione
1424 3870 1597 3917 artem
1635 3879 1767 3932 prae
1805 3879 1865 3917 se
1902 3863 2064 3932 ferre,
2102 3880 2215 3917 non
2241 3871 2492 3917 naturam
2519 3862 2792 3916 sermonis

554 3951 863 4003 communis
899 3948 1122 4002 iudicat.
1194 3949 1293 4002 sed
1332 3963 1450 4003 eam
1486 3965 1557 4003 ne
1595 3966 1628 4002 a
1664 3964 1917 4004 sermone
1961 3948 2243 4004 cotidiano
2289 3948 2511 4017 quidem
2557 3947 2791 4000 alienam

554 4051 680 4089 esse
716 4036 1093 4089 demonstrare
1132 4035 1261 4088 mihi
1299 4034 1563 4088 videntur
1599 4035 1855 4088 nonnulli
1895 4043 2142 4089 veterum
2181 4035 2511 4087 comicorum
2551 4033 2679 4098 loci,
2730 4041 2793 4086 ut

553 4121 678 4174 Ter.
705 4123 845 4174 Eun.
872 4120 948 4173 IV
978 4127 1027 4184 3,
1057 4124 1132 4173 11.
1171 4120 1347 4174 l'laut.
1385 4120 1494 4172 mil.
1532 4121 1669 4188 glor.
1710 4137 1760 4172 v.
1794 4125 1886 4173 140
1928 4119 2140 4174 Ritscb.
2178 4120 2316 4172 alios
2356 4119 2505 4171 locos
2541 4120 2612 4172 ad
2651 4119 2700 4172 b.
2740 4135 2791 4172 v,

554 4207 857 4275 adscripsit
883 4207 1205 4272 Lorenzius,
1240 4206 1334 4274 qui
1375 4215 1558 4258 taimen
1598 4207 1751 4258 illum
1779 4206 1963 4259 Plauti
2002 4207 2181 4258 locum
2220 4220 2330 4258 non
2356 4213 2505 4257 recte
2531 4206 2793 4273 explicat.
