3166 4871
2453 274 2578 338 239

339 442 399 518 (ξ
429 440 525 522 4),
580 448 649 503 ut
705 444 887 504 tacite
951 461 1055 503 eos
1110 444 1439 523 vituperet,
1497 444 1662 522 quod
1716 463 1835 505 nou
1882 446 2198 507 voluerint.
2284 448 2473 508 Porro
2521 448 2578 509 d.

338 546 490 623 legg.
534 550 592 622 3,
638 550 716 607 14
761 547 1024 607 Atticum
1071 547 1341 606 similiter
1385 546 1460 607 de
1505 546 1609 606 illa
1654 566 1721 607 re
1765 547 2157 609 disserentem
2201 549 2432 609 inducit
2476 569 2576 610 ne-

339 667 457 724 que
501 649 630 725 ipse
675 655 887 708 contra
930 648 1087 708 dicit.
1174 650 1391 725 Neque
1436 648 1659 709 desunt
1701 650 1831 721 loci,
1878 651 1975 711 ubi
2024 669 2207 711 unum
2245 651 2576 713 alterumve

339 750 555 811 librum
634 770 671 809 a
741 769 808 810 se
878 749 954 811 de
1029 744 1406 828 philosophia
1496 752 1902 828 conscriptum
1970 753 2243 813 omnibus
2305 755 2575 832 ejusdem

339 854 673 928 argumenti
730 852 1096 914 Graecorum
1175 854 1458 932 operibus
1531 860 1738 931 aperte
1794 856 2100 932 praeferat
2156 857 2254 916 vel
2308 858 2578 935 singulos

337 954 748 1033 philosophiae
791 956 956 1016 locos
1000 975 1064 1017 se
1111 958 1349 1034 melius,
1407 975 1586 1034 quam
1647 976 2005 1035 quemquam
2051 959 2304 1039 illorum,
2361 964 2576 1020 tracta-

338 1064 539 1117 turum
595 1059 920 1134 promittat.
1023 1060 1103 1120 Ut
1159 1060 1208 1119 si
1261 1060 1321 1119 iu
1381 1059 1747 1137 Topicorum
1803 1060 1838 1131 ξ
1880 1066 1916 1122 3
1975 1062 2188 1121 librum
2232 1062 2576 1123 Aristotelis

338 1160 545 1220 eodem
591 1160 766 1221 modo
810 1161 1166 1238 inscriptum
1214 1163 1532 1222 obscurum
1579 1180 1711 1222 esse
1746 1163 2010 1240 judicat,
2067 1165 2178 1223 hoc
2221 1164 2351 1225 sine
2396 1164 2576 1226 dubio

339 1263 601 1340 intellegi
646 1263 771 1323 vult
801 1282 865 1323 se
896 1282 1006 1324 suo
1040 1264 1236 1324 libello
1283 1264 1422 1324 huic
1469 1265 1614 1325 vitio
1658 1266 1945 1325 medelam
1992 1266 2330 1326 allaturum.
2396 1268 2576 1328 Prae-

335 1371 504 1426 terea
546 1372 742 1425 autem
788 1368 970 1426 Tusc.
1013 1370 1072 1443 4,
1119 1370 1201 1427 10
1248 1366 1487 1427 auditor
1530 1367 1659 1438 ille,
1720 1386 1979 1446 quocum
2042 1387 2377 1430 sermonem
2431 1389 2468 1429 a
2510 1389 2575 1431 se

337 1468 668 1528 institutum
714 1486 843 1529 6886
875 1468 1084 1529 Cicero
1130 1468 1315 1547 fingit,
1360 1469 1509 1529 haec
1538 1470 1789 1548 profert.
1881 1472 2011 1543 „Tu
2044 1476 2264 1549 tamen,
2308 1479 2374 1532 ut
2404 1474 2578 1551 soles,

339 1570 505 1630 dices
547 1572 660 1630 ista
703 1571 836 1648 ipsa
880 1571 1138 1631 obscura
1182 1571 1434 1648 planius,
1482 1590 1660 1649 quam
1708 1573 1987 1633 dicuntur
2032 1592 2069 1632 a
2113 1573 2409 1636 Graecis.“
2482 1575 2576 1636 Ad

338 1691 493 1750 quae
555 1691 688 1733 cum
750 1674 878 1750 ipse
938 1674 1325 1750 respondeat:
1398 1675 1645 1745 „Enitar
1705 1674 2032 1753 equidem“,
2090 1677 2383 1754 suspicari
2440 1677 2579 1737 licet

338 1794 473 1835 eum
537 1775 675 1836 huie
733 1777 963 1836 muneri
1013 1795 1217 1853 parem
1275 1795 1341 1837 se
1396 1778 1785 1837 existimasse.
1882 1778 2036 1837 Tum
2082 1777 2157 1837 de
2201 1778 2578 1839 Academicis

336 1878 461 1937 suis
515 1877 590 1938 ad
638 1879 896 1938 Atticum
958 1876 1081 1956 (13,
1130 1882 1225 1949 13,
1277 1877 1335 1950 1)
1395 1877 1791 1938 audacissime
1850 1878 2051 1939 scribit
2106 1880 2166 1938 in
2210 1880 2317 1941 tali
2354 1899 2579 1956 genere

341 1998 418 2039 ue
461 1980 620 2056 apud
655 1979 918 2041 Graecos
958 1979 1198 2057 quidem
1245 1981 1431 2039 simile
1477 1980 1802 2057 quidquam
1849 1998 1995 2041 esse.
2083 1982 2251 2042 Haec
2296 1983 2477 2059 igitur
2522 1987 2582 2043 et

338 2081 485 2142 talia
529 2082 660 2160 ejus
706 2082 977 2158 profecto
1024 2086 1183 2159 sunt,
1227 2083 1329 2159 qui
1376 2101 1494 2142 uon
1540 2084 1927 2160 interpretem
1968 2084 2161 2143 solum
2194 2074 2578 2146 externorum

339 2184 863 2263 philosophorum,
922 2184 1029 2244 sed
1090 2186 1264 2244 etiam
1324 2185 1517 2260 ipsum
1567 2203 1773 2245 verum
1818 2185 2238 2262 philosophum
2284 2204 2349 2246 se
2394 2190 2578 2264 putet.

340 2286 716 2363 Quamquam
772 2285 928 2347 idem
987 2306 1105 2346 non
1169 2285 1404 2346 dubitat
1448 2287 1646 2345 Attico
1694 2287 2157 2366 multitudinem,
2215 2292 2282 2348 ut
2325 2288 2580 2363 videtur,

339 2389 625 2450 librorum
686 2407 927 2450 suorum
989 2387 1282 2449 admirato
1331 2405 1464 2448 cum
1510 2388 1888 2466 simplicitate
1933 2390 2188 2467 quadam
2233 2409 2371 2452 raro
2417 2393 2580 2470 apud

335 2511 474 2562 ⁴eum
532 2497 884 2552 occurrente
943 2491 1308 2570 respondere
1354 2490 1482 2570 (12,
1527 2494 1627 2569 52,
1674 2491 1767 2564 3):
1834 2493 2067 2571 ‚,Dices‚
2112 2494 2215 2571 qui
2260 2495 2399 2555 talia
2443 2515 2580 2556 con-

340 2595 565 2655 scribis.
646 2578 1028 2673 ᾌπὸγραφα
1089 2600 1259 2674 sunt;
1321 2596 1548 2656 minore
1608 2596 1813 2656 labore
1866 2596 2050 2674 fiunt,
2110 2597 2293 2657 verba
2352 2602 2579 2658 tantum

340 2699 541 2768 affero,
625 2697 841 2774 quibus
899 2697 1194 2759 abundo.“
1296 2698 1412 2773 Qui
1472 2700 1645 2759 locus
1689 2698 1772 2757 ita
1818 2717 1936 2758 non
1984 2699 2263 2759 convenit
2307 2719 2441 2760 cum
2488 2719 2581 2761 ce-

339 2803 496 2876 teris,
543 2808 607 2859 ut
651 2801 812 2860 nulla
854 2801 970 2860 alia
1012 2802 1391 2877 relinquatur
1430 2802 1774 2878 explicandi
1822 2802 1998 2876 ratio,
2045 2803 2156 2861 nisi
2203 2806 2265 2862 ut
2303 2808 2582 2880 putemus

343 2903 685 2962 Ciceronem
731 2903 1084 2980 plerumque
1131 2923 1252 2963 nou
1298 2903 1636 2980 dubitasse,
1688 2906 1832 2980 quin
1877 2922 2037 2964 nova
2083 2903 2374 2979 quaedam
2422 2904 2582 2964 haud

344 3005 498 3064 levia
557 3003 630 3063 ad
700 3006 1098 3081 cognitionem
1157 3006 1572 3082 philosopham
1626 3005 1952 3075 attulisset,
2019 3005 2320 3065 interdum
2365 3011 2585 3083 autem,

344 3125 476 3166 cum
524 3107 745 3167 amicos
789 3108 989 3168 mirari
1037 3107 1283 3178 videret,
1329 3107 1406 3166 ad
1454 3112 1688 3184 tempus
1728 3107 1802 3167 ab
1834 3108 1947 3167 hac
1978 3108 2157 3167 nimia
2185 3108 2277 3167 sui
2307 3108 2584 3183 opinione

288 3256 300 3266 .
344 3229 472 3270 esse
519 3216 882 3271 revocatum.
952 3212 1115 3270 Haec
1162 3211 1358 3288 habui,
1403 3228 1558 3287 quae
1607 3209 1682 3269 de
1716 3210 2003 3271 Cicerone
2049 3210 2404 3287 philosopho
2448 3229 2581 3299 pro·

345 3313 594 3373 ferenda
635 3318 925 3390 putarem.

515 3417 855 3476 Proximum
916 3422 1036 3495 est,
1111 3420 1176 3475 ut
1235 3416 1511 3492 doceam,
1586 3413 1730 3491 quid
1792 3414 1866 3474 de
1942 3415 2284 3491 eloquentia
2357 3415 2585 3477 Graeca

344 3520 618 3597 senserit,
677 3518 751 3579 de
799 3510 919 3596 qua
976 3519 1232 3596 aequius
1292 3536 1426 3578 eum
1479 3518 1788 3594 judicasse
1832 3517 1958 3595 jam
2003 3537 2114 3594 per
2156 3536 2221 3578 se
2267 3519 2585 3579 verisimile

346 3628 453 3680 est.
541 3622 691 3681 Nam
739 3623 991 3698 primum
1037 3623 1096 3681 in
1146 3621 1276 3698 illa,
1334 3621 1559 3698 quippe
1624 3638 1780 3697 quae
1839 3624 1928 3680 tot
1971 3624 2213 3698 tamque
2257 3622 2406 3681 artis
2452 3640 2585 3681 cum

347 3725 470 3783 vita
512 3725 757 3800 publica
802 3723 1122 3801 conjuncta
1153 3723 1618 3794 essetvincuIiS,
1665 3723 1964 3782 Romanos
1993 3740 2276 3783 summam
2310 3724 2585 3801 posuisse

347 3844 591 3903 operam
655 3829 716 3885 et
777 3844 1102 3902 permagna
1146 3829 1500 3885 consecutos
1545 3842 1677 3884 esse
1723 3829 1990 3900 constat3
2051 3830 2174 3885 tum
2221 3825 2463 3903 Cicero,
2525 3831 2589 3886 ut

349 3931 479 3987 erat
538 3946 789 4005 magnus
849 3935 1052 3988 orator
1113 3935 1172 3988 et
1233 3927 1613 4004 eloquentiae
1671 3931 2131 4004 praeceptorum
2176 3928 2589 4006 peritissimus,

349 4031 461 4089 hac
505 4031 564 4090 in
612 4049 678 4090 rc
725 4049 797 4088 ex
842 4035 1014 4107 parte
1060 4029 1302 4106 quidem
1347 4048 1455 4090 suo
1492 4029 1728 4107 judicio
1775 4034 1936 4089 stare
1981 4035 2240 4107 poterat3
2286 4037 2587 4106 postremo

349 4151 480 4193 cum
527 4133 625 4193 illa
670 4133 1064 4210 consuetudo,
1108 4151 1182 4192 ex
1230 4150 1350 4208 qua
1395 4150 1631 4209 semper
1662 4130 1910 4191 formam
1953 4131 2199 4208 majoris
2238 4134 2591 4208 aestimavit,

349 4254 525 4312 quam
571 4254 681 4312 par
727 4240 849 4312 est,
903 4235 1027 4295 fere
1073 4254 1191 4294 nou
1238 4234 1583 4311 impedivit,
1641 4235 1960 4310 quominus
2005 4239 2167 4293 recte
2213 4234 2288 4293 de
2331 4235 2589 4311 singulis

2071 4344 2181 4397 16*
