3166 4871
538 297 660 363 312
720 326 733 333 ·

709 472 923 547 Itaque
994 469 1336 531 Aristotelis
1402 469 1479 530 de
1542 469 1889 547 tragoediae
1953 471 2169 531 effectu
2233 470 2563 532 doctrinam
2631 471 2786 532 hanc

537 572 663 634 fere
708 590 842 633 esse
887 571 1203 633 concludo.
1289 573 1507 634 Poetae
1559 573 1824 650 tragicos
1886 592 2020 634 cum
2063 591 2163 633 res
2205 575 2606 635 atrocissimas
2648 592 2783 651 pro-

535 693 762 752 ponere
831 676 1019 736 oculis
1083 675 1288 736 videat
1352 675 1769 754 philosophus,
1853 694 2010 754 quae
2075 677 2134 736 iu
2203 676 2477 738 omnibus
2554 680 2784 756 specta·

532 777 766 839 toribus
796 779 933 856 plus
961 798 1156 856 aequo
1187 778 1637 840 misericordiae
1677 765 1992 857 metusque
2024 796 2266 841 movere
2296 781 2546 859 possint,
2586 799 2786 858 neque

532 881 818 960 reprobat
861 901 994 941 cum
1036 882 1293 943 Platone
1346 881 1741 960 tragoediam,
1803 900 2026 960 neque,
2087 882 2146 942 id
2209 882 2374 959 quod
2427 883 2785 961 plerumque

532 983 740 1060 fiebat,
805 983 966 1045 felici
1030 984 1128 1045 vel
1189 983 1418 1063 duplici
1484 984 1649 1045 exitu
1717 984 2009 1045 levandos
2073 1003 2204 1045 esse
2268 986 2499 1046 animos
2565 990 2786 1048 censet.

533 1088 665 1148 Hoc
711 1086 952 1165 quidem
1000 1105 1186 1149 suave
1228 1106 1359 1149 csse
1405 1106 1525 1149 non
1571 1092 1771 1165 negat,
1816 1087 1924 1148 sed
1958 1087 2217 1148 alienum
2249 1106 2380 1148 esse
2409 1107 2445 1147 a
2473 1089 2786 1166 tragoedia

533 1195 595 1250 et
637 1189 1007 1252 comoediam
1054 1190 1242 1266 magis
1287 1189 1504 1252 decere
1550 1189 1877 1251 contendit.
1962 1189 2081 1251 Sed
2128 1191 2213 1250 ita
2255 1194 2465 1268 poetas
2508 1192 2780 1253 miseram

531 1292 835 1354 fortunam
893 1291 1125 1370 fingere
1184 1292 1378 1371 iubet,
1441 1295 1510 1353 ut
1574 1296 1738 1354 recte
1803 1293 2155 1353 miseremur
2212 1298 2275 1353 et
2333 1297 2667 1353 metuamus
2723 1299 2783 1353 et

531 1393 1080 1455 vehementioribus
1152 1393 1441 1456 eiusmodi
1516 1395 1829 1456 affectibus
1891 1395 2211 1455 liberemur
2275 1413 2474 1473 neque
2537 1393 2781 1456 summis

531 1497 838 1558 doloribus
883 1499 1221 1559 obruamur.
1308 1498 1400 1559 Ea
1442 1498 1626 1574 igitur
1669 1501 1761 1558 est
1803 1497 2154 1575 tragoediae
2199 1498 2475 1575 voluptas
2532 1479 2596 1578 (ἦ
2642 1481 2778 1557 ἀπὸ

531 1591 726 1659 ἐλέου
768 1592 881 1658 καὶ
926 1588 1148 1673 φόβου
1189 1581 1458 1677 ἡδονή),
1504 1602 1598 1675 ut,
1640 1600 1916 1677 quamvis
1960 1600 2329 1661 concitemur
2372 1601 2781 1662 misericordia

532 1704 844 1781 metuque,
903 1701 1157 1794 ubique*
1186 1705 1384 1763 tamen
1445 1701 1522 1763 ad
1585 1701 1844 1763 medium
1889 1702 2039 1763 illud
2082 1719 2464 1782 revocemur,
2520 1722 2778 1781 quocum

531 1805 711 1867 animi
755 1805 1149 1884 aequabilitas
1195 1805 1479 1867 convenit
1521 1808 1705 1882 atque
1759 1804 2104 1866 liberalitas.
2190 1806 2611 1867 Verumtamen
2659 1825 2779 1868 non

531 1908 771 1969 virtutis
816 1907 1059 1970 officina
1102 1915 1195 1969 est
1234 1906 1581 1985 tragoedia,
1637 1907 1742 1968 sed
1800 1908 2158 1986 voluptatis,
2216 1909 2448 1970 scilicet
2497 1909 2782 1987 tragicae,

412 2056 422 2067 .
532 2028 728 2088 neque
787 2017 907 2072 tam
967 2011 1144 2071 docet
1202 2028 1312 2071 nos
1370 2014 1535 2072 recte
1601 2010 1869 2071 miserari
1927 2016 1990 2071 et
2044 2016 2314 2071 metuere
2370 2030 2552 2089 quam
2608 2012 2780 2073 facit:

531 2114 678 2175 nihil
725 2116 881 2175 enim
926 2114 1003 2173 ad
1047 2114 1416 2174 voluntatem
1478 2113 1642 2173 valet
1699 2131 1898 2190 neque
1954 2113 2121 2174 aliud
2167 2114 2361 2190 poscit
2403 2131 2441 2174 a
2482 2121 2782 2192 spectato·

530 2219 730 2296 ribus,
802 2235 983 2294 quam
1067 2220 1136 2276 ut
1212 2220 1546 2292 sequantur
1626 2215 1834 2279 libenti
1916 2216 2115 2277 animo
2187 2223 2404 2293 poetae
2473 2217 2781 2296 impulsus.

530 2320 745 2397 Neque
776 2318 836 2379 id
868 2319 1256 2398 praecipuum
1288 2318 1631 2396 tragoediae
1661 2335 1816 2396 opus
1845 2322 1949 2395 est,
1991 2322 2060 2380 ut
2087 2319 2528 2381 misericordiae
2574 2321 2780 2382 metui·

531 2442 679 2502 que,
738 2423 958 2499 quibus
1015 2422 1134 2483 iam
1195 2423 1391 2483 affecti
1450 2422 1571 2484 sint
1625 2421 1730 2499 qui
1773 2421 2122 2501 spectacula
2165 2423 2392 2503 visunt,
2454 2423 2782 2502 medeatur,

536 2526 640 2587 sed
687 2530 755 2587 ut
798 2543 954 2603 quos
999 2527 1132 2603 ipsa
1176 2517 1397 2586 excitat
1441 2526 1698 2588 affectus
1741 2530 2052 2601 temperet.
2138 2526 2300 2586 Fieri
2328 2526 2570 2603 quidem
2602 2528 2777 2587 etiam

529 2628 681 2689 illud
744 2632 968 2707 potest,
1034 2627 1142 2689 sed
1206 2626 1519 2689 fortuitum
1587 2632 1714 2688 est:
1787 2645 1920 2688 nam
1985 2627 2149 2704 quod
2215 2628 2569 2689 Aristoteles
2632 2628 2780 2688 dicit

532 2730 999 2792 misericordiam
1063 2734 1404 2807 metumque
1460 2730 1521 2790 in
1583 2729 1857 2790 omnibus
1915 2733 2240 2809 suppetere
2261 2713 2611 2808 “(ὖπάρχει)
2655 2749 2776 2790 non

533 2836 619 2895 ita
676 2839 769 2896 est
830 2833 1325 2912 intellegendum,
1387 2837 1455 2893 ut
1515 2849 1755 2910 semper
1815 2851 2022 2895 omnes
2079 2833 2344 2895 miserari
2402 2837 2463 2894 et
2509 2837 2778 2894 metuere

531 2938 870 3016 opinemur,
933 2937 1041 3000 sed
1106 2936 1257 2998 nihil
1316 2935 1458 2996 dicit
1520 2936 1637 2997 nisi
1703 2935 1978 2998 omnibus
2039 2937 2220 3015 posse
2283 2936 2427 2997 talia
2488 2935 2779 2997 accidere.

530 3038 845 3113 Quomodo
912 3046 1109 3102 autem
1176 3039 1305 3117 fiat,
1371 3042 1438 3102 ut
1501 3042 1913 3116 temperentur
1979 3039 2381 3100 misericordia
2446 3044 2782 3118 metusque,

529 3140 706 3203 facile
750 3141 1147 3219 intellegitur:
1191 3141 1477 3219 imprimis
1522 3141 1678 3202 enim
1725 3159 1943 3218 magna
1983 3142 2087 3202 illa
2129 3142 2310 3219 culpa
2352 3147 2467 3220 est,
2520 3160 2646 3220 qua
2687 3144 2781 3202 vir

530 3244 844 3306 mediocris
888 3246 986 3306 vel
1028 3245 1235 3306 melior
1279 3244 1592 3321 aliquanto
1638 3244 1697 3304 in
1745 3243 2138 3305 calamitatem
2183 3244 2569 3323 perducitur}
2613 3243 2794 3321 quod*

529 3353 817 3423 quantam
862 3347 1083 3408 habeat
1125 3348 1245 3407 vim
1293 3364 1411 3407 non
1460 3364 1614 3424 opus
1658 3350 1749 3407 est
1793 3365 2112 3425 exponere.

526 3585 594 3650 ἓν
630 3586 762 3651 οὐδὲ
802 3585 1031 3662 ταύτὸν,
1051 3598 1255 3657 πᾶσιν,
1299 3584 1424 3648 οἷον
1462 3589 1519 3649 εἰ
1559 3589 1632 3650 τὰ
1678 3589 1820 3649 δέκα
1857 3589 2044 3649 πολλὰ
2090 3591 2162 3650 τὰ
2210 3591 2272 3651 δὲ
2312 3590 2414 3650 δύο
2461 3587 2656 3664 ὀλίγα,
2706 3588 2778 3649 τὰ

526 3672 596 3744 ἓξ
616 3674 770 3748 μέσα
794 3675 1151 3750 λαμβάνουσι
1177 3673 1327 3733 κατὰ
1361 3674 1430 3733 τὸ
1470 3683 1728 3750 πρᾶγμα,
1766 3674 1875 3756 ἴσῳ
1912 3676 2026 3751 γὰρ
2063 3671 2334 3751 ὑπερέχει
2373 3698 2436 3735 τε
2472 3678 2574 3734 καὶ
2606 3673 2776 3749 ὓπερ-

529 3759 752 3836 έχεται,
799 3770 972 3819 τοῦτο
1023 3761 1082 3820 δὲ
1120 3758 1307 3831 μέσον
1345 3758 1468 3820 ἐστὶ
1504 3760 1658 3820 κατὰ
1693 3761 1797 3835 τὴν
1834 3759 2224 3837 ἀριθμητικὴν
2254 3758 2584 3834 ἀναλογίαν.
2620 3758 2686 3818 τὸ
2713 3760 2773 3819 δὲ

525 3845 676 3920 πρὸς
711 3842 860 3920 ἡμᾶς
894 3842 999 3918 οὐχ
1037 3840 1192 3904 οὕτω
1229 3844 1503 3919 ληπτέον·
1565 3842 1637 3905 οὗ
1673 3845 1788 3921 γὰρ
1825 3843 1883 3905 εἴ
1911 3868 1994 3926 τῳ
2030 3846 2171 3908 δέκα
2205 3856 2349 3918 μναῖ
2381 3855 2593 3919 φαγεῖν
2626 3843 2774 3903 πολὺ

527 3931 628 3991 δύο
676 3933 737 3992 δὲ
784 3928 1012 4005 ὀλίγον,
1062 3927 1095 3990 ὃ
1145 3928 1418 4003 ἀλείπτης
1463 3927 1532 4000 ἓξ
1576 3940 1724 4003 μνᾶς
1765 3932 2109 4006 προστάξει·
2159 3930 2282 3992 ἔστι
2330 3930 2445 4006 γὰρ
2489 3926 2632 3999 ἴσως
2674 3930 2775 3988 καὶ

526 4025 700 4076 τοῦτο
743 4016 893 4075 πολὺ
928 4024 1011 4095 τῷ
1048 4016 1366 4097 ληψομένῳ
1404 4015 1439 4092 ἢ
1476 4014 1705 4091 ὀλίγον·
1751 4019 1972 4076 Μίλωνι
2018 4018 2129 4089 μὲν
2174 4016 2290 4092 γὰρ
2337 4012 2561 4090 ὀλίγον,
2606 4024 2688 4093 τῷ
2726 4011 2777 4073 ‹5’

528 4099 835 4183 ἀρχομένῳ
871 4111 991 4161 τῶν
1026 4106 1362 4178 γυμνασίων
1397 4102 1563 4164 πολύ.
1637 4106 1798 4163 Unde
1833 4122 2103 4177 apparere
2139 4121 2346 4163 censeo
2377 4106 2609 4161 alterum
2633 4104 2773 4159 illud

526 4192 786 4262 medium,
821 4188 889 4248 τὸ
926 4188 1077 4265 πρὸς
1112 4184 1275 4264 ἡμᾶς,
1311 4198 1507 4248 nostro
1543 4208 1798 4248 sermone
1833 4199 1982 4249 recte
2018 4209 2127 4248 non
2167 4193 2332 4247 modo
2370 4191 2633 4256 „relativ“
2673 4190 2774 4245 sed

526 4279 695 4334 etiam
734 4278 1129 4340 „individuell“
1169 4292 1295 4334 esse
1328 4278 1678 4334 dicendum.“
