3166 4871
489 313 628 375 430
1513 305 1781 360 ‘zacher

505 474 882 566 πρόςγειος,
926 470 1305 564 ὑπέργειος,
1347 469 1695 560 ὑπόγειος,
1750 486 1813 544 in
1859 501 1980 560 quo
2016 484 2485 560 compositorum
2518 500 2749 559 genere

505 590 659 650 solet
696 587 976 649 suffixum
1021 603 1085 645 ιο
1133 586 1427 663 usurpari.
1514 586 1586 645 In
1631 584 1749 646 fine
1793 585 1978 663 igitur
2006 587 2467 664 compositorum
2508 583 2653 644 illud
2671 585 2748 656 J‘o

504 691 824 752 videbatur
865 688 1155 750 ,suffixum
1201 707 1355 767 esse,
1397 688 1538 748 inde
1582 705 1648 746 ιο
1694 688 1936 765 factum,
1977 692 2276 767 postremo
2309 686 2752 765 diphthongus:

505 795 566 854 in
629 793 825 854 medio
873 792 1206 868 composito
1250 790 1468 852 suffixo
1516 790 1686 851 locus
1733 809 1852 852 non
1898 797 2043 868 erat,
2085 791 2289 868 itaque
2321 791 2367 864 j
2405 791 2668 867 evanuit,
2712 807 2751 848 ο

505 895 866 973 productum
926 899 1033 955 est.
1119 886 1319 971 Ipsum
1378 890 1468 972 γῆ.
1520 899 1717 954 autem
1783 893 1894 953 nisi
1952 894 2011 953 in
2066 893 2234 954 initio
2288 894 2749 970 compositorum

509 999 748 1059 omnino
793 1014 913 1057 non
957 997 1226 1073 potuisse
1271 995 1415 1073 poni
1471 1014 1583 1073 per
1641 1013 1706 1055 se
1766 999 1946 1074 patet.
2035 997 2310 1073 Denique
2370 995 2532 1072 quod
2592 994 2749 1071 apud

508 1101 750 1161 Atticos
796 1101 856 1160 in
900 1098 1020 1159 fine
1067 1099 1528 1176 compositorum
1576 1103 1639 1158 et
1680 1115 1856 1177 γειος
1899 1102 1993 1158 est
2044 1103 2103 1158 et
2153 1115 2352 1176 γεως,
2411 1116 2532 1158 uon
2592 1101 2756 1156 caret

506 1204 814 1281 analogia:
878 1202 939 1261 in
998 1201 1489 1279 inscriptionibus
1547 1202 1743 1262 atticis
1802 1200 1968 1261 nullo
2029 1201 2367 1262 discrimine
2430 1204 2753 1276 usurpatae

508 1310 649 1368 sunt
691 1305 920 1365 formae
962 1293 1289 1383 πρόνειον
1348 1309 1408 1364 et
1452 1292 1761 1380 πρόνεως
1820 1303 1918 1376 (cf.
1965 1321 2151 1380 supra
2194 1317 2251 1380 p.
2282 1299 2360 1361 27
2386 1302 2535 1380 sq.),
2592 1301 2753 1379 apud

509 1409 884 1477 Herodotum
928 1411 988 1468 et
1033 1396 1195 1476 λαός
1239 1412 1300 1467 et
1344 1396 1514 1476 λεώς
1568 1407 1975 1467 inveniuntur.
2062 1405 2182 1466 Sed
2236 1405 2474 1465 videtur
2528 1404 2755 1482 aliquid

506 1513 801 1572 interesse
846 1511 1004 1571 inter
1046 1495 1222 1587 γειος
1266 1514 1327 1569 et
1369 1491 1571 1587 γἐως,
1628 1527 1761 1569 nam
1810 1509 1913 1585 qui
1959 1507 2236 1585 exempla
2277 1525 2464 1583 supra
2508 1506 2758 1567 collecta

508 1613 860 1691 inspexerit,
901 1611 1146 1688 videbit,
1188 1613 1442 1689 primum
1490 1612 1817 1687 composita
1860 1612 1920 1670 in
1967 1627 2138 1688 γεως
2180 1610 2342 1688 apud
2387 1610 2578 1670 bonos
2619 1627 2756 1669 auc-

510 1720 675 1776 tores
718 1715 932 1775 atticos
977 1732 1248 1791 perraro,
1292 1732 1472 1791 saepe
1502 1713 1663 1790 apud
1696 1714 2059 1789 posteriores
2105 1712 2245 1772 inde
2274 1731 2312 1772 a
2339 1713 2756 1789 Theophrasto

514 1818 804 1895 inveniri,
858 1817 1077 1876 deinde
1136 1817 1334 1877 omnia
1385 1815 1513 1876 fere
1572 1816 1724 1876 haec
1783 1816 2115 1892 composita
2172 1814 2511 1892 significare
2563 1819 2759 1875 terrae

511 1921 887 1998 qualitatem,
947 1919 1112 1996 quod
1168 1923 1329 1980 recte
1384 1919 1694 1997 perspexit
1753 1918 2178 1994 grammaticus
2229 1918 2756 1995 Epimerismornm

511 2022 884 2084 Boissonadii
932 2027 1145 2083 auctor
1188 2041 1244 2099 p.
1276 2016 1431 2081 208:
1502 2011 1589 2080 Τὰ
1633 2010 1818 2096 παρὰ
1870 2010 1949 2078 τὸ
2005 2026 2160 2098 γαῖα
2204 2015 2602 2098 συγκείμενα
2638 2013 2754 2077 ’καὶ

512 2114 847 2205 ποιότητα
888 2122 1008 2202 γῆς
1052 2119 1391 2204 δηλοῦντα
1437 2113 1546 2181 διὰ
1573 2105 1703 2181 τοῦ
1735 2140 1765 2180 ε
1795 2119 2007 2199 ψιλοῦ
2048 2111 2422 2201 γράφονται
2481 2116 2596 2180 καὶ
2652 2110 2761 2179 διὰ

512 2225 636 2288 τοῦ
679 2245 737 2286 ω
780 2216 1076 2304 μεγάλου
1098 2240 1111 2253 ·
1172 2214 1323 2286 οἶον
1369 2212 1632 2304 εὔγεως,
1677 2213 2090 2304 λυπρόγεοος,
2136 2214 2561 2303 ψαμμόγεως,
2603 2241 2759 2303 χρυ-

514 2319 788 2409 σόγεοος,
836 2318 1235 2406 λεπτόγεως.
1329 2319 1479 2388 Σὺν
1539 2317 1811 2397 τούτοις
1870 2321 1983 2386 καὶ
2034 2316 2370 2416 μεοόγεως
2423 2321 2537 2385 καὶ
2594 2314 2762 2385 ὑπό·

516 2450 704 2512 γεως.
792 2431 910 2494 Sed
955 2420 1289 2510 μεσόγεως
1333 2435 1395 2492 et
1437 2417 1746 2509 ὑπόγεως
1773 2430 1936 2509 apud
1968 2430 2287 2491 Platonem*
2312 2433 2373 2491 et
2401 2429 2760 2491 Pausaniam

514 2553 701 2614 supra
735 2512 864 2613 jam
907 2534 1167 2595 vidimus
1212 2553 1270 2611 p.
1306 2531 1426 2591 114
1470 2535 1532 2593 in
1576 2522 1934 2611 μεσόγαιος
1980 2538 2040 2594 et
2082 2521 2414 2611 ὑπόγαιος
2473 2532 2762 2595 mutanda

516 2655 666 2699 esse.
752 2638 965 2714 Itaque
1012 2636 1342 2715 composita
1385 2636 1444 2695 in
1491 2653 1662 2715 γεως
1705 2636 1912 2697 rustici
1956 2637 2240 2696 videntur
2284 2654 2417 2696 esse
2455 2636 2764 2713 sermonis,

515 2741 578 2801 in
621 2755 826 2818 -γειος
870 2739 1084 2800 urbani
1131 2743 1191 2799 et
1234 2739 1637 2817 elegantioris.
1742 2724 1749 2735 ’

691 2842 819 2902 Iam
886 2842 1230 2919 compositis
1291 2842 1601 2920 percensis
1662 2841 1741 2903 ad
1813 2842 2177 2920 primitivum
2241 2841 2575 2902 redeamus.
2678 2836 2763 2919 γῆ

517 2944 741 3021 factum
787 2962 921 3005 esse
965 2943 1223 3005 vidimus
1273 2962 1349 3005 ex
1390 2943 1569 3022 γεία,
1614 2944 1729 3005 hoc
1775 2962 1847 3004 ex
1893 2944 2050 3022 yaja
2095 2948 2327 3031 natum,
2381 2943 2541 3005 unde
2586 2944 2763 3004 etiam

523 3052 680 3126 γαῖα
724 3046 1052 3108 deseendit.
1139 3048 1309 3107 Haec
1354 3050 1514 3131 nota·
1541 3049 1684 3106 sunt
1725 3050 1786 3106 et
1830 3046 1904 3105 ab
1945 3045 2217 3106 omnibus
2255 3063 2559 3107 concessa.
2645 3045 2761 3107 Sed

517 3149 793 3227 plerique
838 3148 997 3229 γαῖα
1041 3166 1117 3210 ex
1162 3149 1360 3228 γαὴα
1405 3152 1611 3208 natum
1656 3152 1887 3226 putant,
1932 3149 2136 3225 itaque
2180 3166 2223 3206 α
2263 3149 2509 3225 longum
2541 3149 2762 3209 habere

518 3249 611 3326 (ut
664 3254 1089 3330 Brugmannus
1144 3252 1207 3313 in
1270 3252 1433 3313 Ourt.
1479 3251 1649 3312 Stud.
1687 3248 1796 3330 10,
1847 3248 2010 3323 145).
2098 3249 2276 3324 Quod
2322 3252 2501 3329 plane
2545 3252 2761 3312 falsum

521 3358 628 3430 est,
673 3372 810 3413 nam
854 3353 904 3413 si
950 3372 992 3411 α
1037 3354 1283 3429 longum
1330 3359 1507 3431 esset,
1565 3373 1685 3415 non
1724 3354 1917 3430 potuit
1958 3353 2153 3431 ionice
2205 3352 2323 3413 dici
2369 3361 2525 3431 γαῖα
2568 3372 2764 3432 neque

519 3443 855 3533 μεσόγαια,
899 3454 1009 3514 sed
1054 3454 1312 3515 debebat
1356 3449 1506 3535 γηΐη
1551 3461 1613 3517 et
1652 3448 1971 3535 μεσογηΐη
2016 3460 2159 3531 cet.,
2217 3461 2283 3516 ut
2326 3445 2524 3535 δήιοςζ
2567 3446 2764 3535 λήιον

523 3545 713 3635 νήιος
755 3545 1070 3635 παρήιον.
1160 3556 1557 3630 Quamobrem
1618 3576 1831 3619 vereor
1890 3564 1958 3618 ut
2009 3559 2069 3618 in
2130 3558 2245 3618 hoc
2304 3558 2597 3619 vocabulo
2658 3577 2763 3619 un·

522 3676 703 3737 quam
749 3657 933 3719 fuerit
977 3658 1293 3737 digamma.
1381 3660 1779 3722 Consentiunt
1814 3646 1960 3720 inde
2017 3679 2053 3719 a
2096 3662 2328 3739 Boppio
2388 3661 2515 3721 fere
2560 3678 2767 3722 omues

519 3762 579 3821 in
624 3760 676 3821 .Ι·“
714 3762 851 3823 voci
889 3761 1229 3841 tribuendo,
1272 3766 1334 3823 et
1370 3768 1719 3840 comparant
1746 3752 1902 3841 γύα,
1947 3781 2062 3823 scr.
2090 3778 2269 3837 qamt,
2314 3763 2478 3841 quod
2521 3763 2766 3839 proprie

520 3863 815 3942 significat
857 3864 1105 3944 bovem,
1160 3864 1265 3926 sed
1328 3884 1366 3925 a
1409 3866 1605 3942 poetis
1648 3866 1886 3943 saepius
1928 3866 2005 3926 ad
2050 3870 2270 3926 terram
2314 3865 2764 3943 significandam

518 3966 868 4045 adhibetur,
925 3972 1047 4045 got.
1101 3969 1262 4042 quvi.
1352 3967 1440 4029 Cf.
1484 3968 2066 4030 Schweizer-Sidler
2109 3968 2216 4028 KZ
2259 3968 2350 4047 11,
2395 3965 2536 4028 304.
2574 3994 2585 4001 ·
2636 3968 2764 4029 Leo

521 4070 732 4148 Meyer
761 4070 866 4131 KZ
897 4069 969 4147 V,
999 4065 1141 4129 373.
1228 4070 1548 4147 Legerlotz
1594 4071 1699 4131 KZ
1731 4071 1840 4149 IX,
1877 4067 2015 4131 119.
2101 4072 2304 4132 Ascoli
2352 4072 2455 4131 KZ
2490 4067 2595 4149 17,
2625 4066 2767 4132 322.

522 4172 640 4234 Sed
705 4174 845 4234 huic
903 4175 1238 4234 sententiae
1296 4175 1538 4249 praeter
1596 4191 1724 4233 eam
1786 4173 1860 4234 de
1921 4192 2044 4251 qua
2113 4172 2289 4234 modo
2353 4173 2476 4234 dixi
2539 4172 2768 4233 vocalis

523 4275 873 4337 brevitatem
918 4276 1097 4354 plura
1126 4277 1304 4336 etiam
1342 4276 1578 4337 obsunt.
1666 4277 1819 4336 Nam
1863 4276 1924 4335 in
1955 4281 2078 4353 got.
2103 4277 2248 4351 quvi
2276 4276 2528 4337 offendit
2555 4275 2769 4354 media,
