3166 4871
1022 335 1109 391 De
1142 336 1345 391 nomin.
1379 336 1438 393 in
1470 355 1636 403 -αιος,
1695 341 1729 404 S
1765 343 1847 394 59.
1929 310 1947 323 x
2427 346 2544 407 159

312 512 615 572 cntionem.
705 511 823 573 Sed
869 531 944 573 ne
986 532 1095 591 per
1140 514 1388 577 formam
1444 515 1686 594 quidem
1742 517 1908 596 licet,
1966 506 2426 597 προσελήνους
2468 518 2546 578 ad

309 611 708 693 προυσελεῐν
765 633 1065 676 revocare.
1152 618 1306 677 Nam
1353 636 1756 695 quaecunque
1816 618 1994 679 huius
2054 619 2219 681 verbi
2275 620 2442 696 origo
2487 624 2547 681 et

308 717 549 795 propria
593 720 814 778 natura
856 722 962 796 est,
1005 736 1161 796 quae
1206 718 1404 779 adbuc
1446 720 1777 799 ignoratur,
1823 724 2023 796 tamen
2070 722 2203 800 ipsa
2245 721 2439 782 forma
2479 740 2545 782 se

307 838 422 880 non
464 819 621 881 adeo
668 820 918 897 antiquo
964 824 1229 898 tempore
1275 824 1472 881 natam
1516 822 1737 900 prodit.
1824 822 2118 884 Suffixum
2173 841 2297 904 ηνο
2345 827 2545 885 autem

306 924 726 1000 perantiquum
772 927 887 1001 est,
945 924 1137 1002 iisque
1183 924 1424 1000 linguae
1470 923 1737 985 Graecae
1782 925 2176 1004 temporibuS,
2237 945 2392 1005 quae
2436 945 2546 987 nos

305 1025 593 1103 novimus,
628 1026 756 1103 jam
802 1043 995 1103 paene
1038 1026 1492 1109 intermortuam
1538 1033 1689 1105 erat,
1733 1046 1931 1105 neque
1976 1026 2101 1089 fei-e
2146 1028 2545 1090 adhibebatur

306 1127 412 1185 nisi
456 1126 534 1187 ad
589 1127 1034 1188 denominativa
1095 1126 1438 1189 formanda:
1502 1125 1864 1208 τοσσῆνος,
1922 1116 2157 1210 ὖηνός,
2218 1120 2544 1211 ψεφηνός,

305 1247 482 1305 quum
527 1230 797 1291 verbalia
854 1248 925 1290 eo
985 1230 1237 1291 formata
1288 1248 1364 1291 ex
1416 1231 1627 1308 priscis
1669 1232 2038 1309 temporibus
2080 1232 2303 1293 tradita
2346 1252 2557 1312 neque.

303 1330 408 1391 nisi
452 1350 485 1391 e
528 1331 849 1409 primitivis
892 1333 1092 1393 verbis
1137 1334 1318 1393 ducta
1358 1334 1507 1393 sint:
1559 1324 1913 1414 σκαληνός,
1956 1324 2227 1414 πτηνός,
2267 1325 2542 1415 γαλήνη,

304 1422 558 1514 σελήνη,
589 1423 864 1515 τιθήνη.
911 1466 998 1475 -
1042 1435 1374 1510 Quominus
1403 1440 1602 1496 autem
1633 1425 2094 1517 προσελήνους
2123 1443 2326 1514 putem
2350 1437 2543 1499 dictos

303 1536 439 1611 quia
480 1526 619 1615 πρὸ
654 1523 1006 1616 Ἑλλήνων
1050 1538 1298 1615 fuerint,
1354 1537 1679 1616 probibent
1722 1542 1844 1599 tres
1890 1557 2137 1618 causae,
2194 1540 2337 1617 quia
2391 1539 2543 1600 haec

300 1639 588 1699 sententia
633 1640 683 1699 si
732 1644 898 1699 recta
952 1644 1138 1717 esset,
1197 1640 1452 1717 primum
1511 1641 1934 1718 metaplasmus
1993 1642 2189 1702 factus
2248 1648 2407 1703 esset
2463 1662 2539 1703 ex
2634 1693 2649 1703 .

290 1726 524 1821 Ἕλλην
583 1742 648 1801 in
692 1728 1006 1821 (Ελληνο,
1067 1741 1501 1817 deindequod
1561 1760 1741 1802 unum
1792 1741 1830 1800 λ
1876 1744 2221 1823 excidisset,
2281 1746 2540 1824 tertium,

301 1843 456 1919 quod
487 1857 527 1903 σ
557 1846 859 1919 intrusum
890 1847 1066 1904 esset.
1140 1845 1296 1904 Nam
1328 1845 1504 1905 etiam
1537 1846 1587 1904 si
1618 1863 1833 1905 nomen
1864 1829 2177 1926 Ἕλληνες
2221 1851 2539 1925 cognatum

301 1951 385 2006 est
425 1965 559 2007 cum
607 1941 865 2007 Σελλοί
924 1950 986 2008 et
1041 1949 1243 2025 priore
1303 1947 1561 2024 quodam
1622 1952 1889 2025 tempore
1943 1950 2142 2008 sonuit
2184 1943 2538 2029 Σέλλῃνες,

301 2051 486 2109 tamen
533 2048 702 2110 illius
737 2048 802 2109 Σ
822 2050 948 2128 Jam
996 2048 1158 2126 apud
1189 2050 1513 2111 Homerum
1558 2069 1631 2111 eo
1677 2052 1856 2127 igitur
1900 2055 2197 2131 tempore,
2242 2070 2361 2128 quo
2392 2036 2536 2111 Ἕλ-

302 2148 486 2229 ληνες
531 2153 590 2212 in
637 2150 902 2212 Arcadia
955 2151 1219 2212 nondum
1264 2150 1525 2230 fuerunt,
1569 2152 1800 2212 nullum
1846 2157 2160 2230 supererat
2202 2155 2540 2234 vestigium,

302 2271 489 2329 neque
534 2254 761 2315 Graeci
806 2255 867 2314 in
911 2254 1226 2314 Arcadiam
1269 2254 1676 2331 immigrantes
1731 2273 1795 2314 se
1852 2256 1965 2331 ipsi
1995 2239 2320 2335 Ἕλληνας
2363 2266 2567 2318 vocae*

297 2360 526 2417 verunt.
633 2357 724 2417 Eo
777 2360 975 2417 autem
1035 2360 1331 2435 tempore,
1402 2375 1524 2435 quo
1586 2357 1699 2416 hoc
1758 2357 2109 2417 vocabulum
2177 2377 2286 2437 pro
2354 2359 2536 2420 totius

299 2460 496 2535 populi
541 2460 762 2522 Graeci
809 2462 1047 2520 nomine
1087 2461 1369 2539 usurpari
1401 2462 1614 2540 coepit,
1659 2471 1698 2520 σ
1727 2461 1878 2522 illud
1899 2462 2027 2540 jam
2058 2462 2160 2522 diu
2193 2466 2537 2526 evanuerat.

299 2590 378 2601 —-
420 2563 672 2641 Itaque¹
697 2581 819 2623 una
876 2565 1059 2623 restat
1100 2564 1423 2640 sententia,
1475 2580 1580 2624 eos
1624 2552 2086 2643 προσελήνους
2144 2563 2335 2624 dictos
2390 2583 2539 2644 esse,

299 2665 453 2740 quod
498 2655 639 2744 πρὸ
685 2653 992 2744 Σελήνης
1035 2664 1278 2725 fuerint.
1363 2663 1531 2738 Quae
1576 2665 1874 2726 sententia
1906 2666 2031 2743 jam
2065 2666 2225 2743 apud
2258 2667 2538 2744 antiquos

300 2769 550 2829 maxime
621 2772 751 2829 erat
815 2766 1077 2844 vulgata.
1186 2766 1272 2828 Of.
1336 2768 1520 2828 schol.
1583 2767 1690 2828 Ar.
1753 2768 1910 2828 Nub.
1978 2763 2132 2828 397:
2195 2812 2210 2828 .
2256 2813 2271 2829 .
2315 2813 2331 2829 .
2373 2758 2537 2838 τούς

298 2853 607 2948 Ἀρκάδας
655 2859 825 2929 κατὰ
867 2859 1029 2940 τούς
1073 2858 1206 2948 πρὸ
1253 2858 1562 2950 Σελήνης
1611 2859 1898 2949 χρόνους
1953 2862 2027 2928 ἐν
2078 2877 2225 2941 ταῖς
2269 2860 2535 2950 ἐρήμοις

296 2961 580 3051 διάγειν,
644 2976 704 3033 et
759 2972 942 3032 schol.
984 2972 1097 3049 Ap.
1141 2972 1252 3033 Rh.
1298 2970 1364 3051 4,
1407 2968 1530 3029 264
1578 2955 1932 3051 (Ἀρκάδες,
1995 2965 2064 3031 οἳ
2114 2967 2226 3031 καὶ
2270 2962 2535 3052 πρόσθε

297 3069 646 3154 σεληναίης
703 3061 1018 3134 ὑδέονται
1063 3063 1305 3146 Ζώειν,
1365 3064 1588 3154 φηγὸν
1643 3066 1911 3144 ἔδοντες
1955 3066 2029 3133 ἐν
2075 3060 2405 3153 οὖρεσιν).·
2469 3065 2534 3132 οἱ

313 3160 602 3256 Ἀρκάδες
647 3171 923 3235 δοκοῦσι
965 3166 1101 3255 πρὸ
1145 3172 1266 3255 τῆς
1310 3165 1587 3257 σελήνης
1634 3169 2001 3255 γεγονέναι,
2046 3163 2137 3246 ὡς
2180 3170 2293 3234 καὶ
2324 3162 2533 3236 Εὔδο-

294 3278 404 3353 ξος
446 3272 524 3338 ἐν
572 3275 709 3357 Γῆς
751 3267 1066 3358 περιόδῳ.
1161 3268 1513 3358 Θεόδωρος
1557 3272 1629 3338 δὲ
1677 3271 1750 3337 ἐν
1793 3275 1901 3352 κβ’
1945 3262 2154 3358 ὀλίγῳ
2197 3266 2534 3358 πρότερόν
2600 3284 2604 3287 ”

294 3393 452 3461 φησι
494 3377 625 3441 τοῦ
668 3370 840 3460 πρὸς
882 3370 1048 3451 τούς
1079 3374 1412 3460 Γίγαντας
1440 3375 1743 3459 πολέμου
1762 3368 2159 3460 Ἡρακλέους
2190 3370 2313 3461 τὴν
2345 3369 2533 3460 σελή·

295 3500 414 3565 νην
474 3480 788 3564 φανῆναι.
876 3476 1008 3543 Καὶ
1064 3467 1384 3562 ,Ἀριστίας
1443 3469 1480 3542 ὃ
1532 3480 1700 3555 Χῖος
1760 3475 1835 3543 ἐν
1892 3490 2037 3554 ταῖς
2094 3477 2363 3543 Κτίσεσι
2421 3477 2535 3543 καὶ

296 3576 647 3657 Διονύσιος
689 3573 727 3645 ὁ
778 3575 1151 3656 Χαλκιδεύς
1195 3578 1270 3644 ἐν
1300 3573 1569 3665 πρώτῳ
1614 3580 1922 3645 Κτίσεων
1949 3580 2059 3645 καὶ
2092 3577 2298 3658 ἔθνος
2327 3581 2533 3662 φασὶν

295 3672 632 3769 Ἀρκαδίας
675 3683 1049 3769 Σεληνίτας
1104 3675 1292 3747 εἶναι.
1379 3681 1693 3759 Μνασέας
1751 3681 1823 3747 δὲ
1878 3700 2041 3769 φησι
2098 3682 2532 3770 Προσέληνον

294 3774 627 3868 Ἀρκάδων
671 3787 1072 3876 βασιλεῦσαι.
1158 3773 1605 3870 Ἀριστοτέλης
1650 3782 1722 3849 δὲ
1770 3783 1845 3849 ἐν
1889 3787 1971 3868 τῇ
2022 3787 2364 3869 Τεγεατῶν
2408 3809 2533 3851 πο-

292 3886 499 3976 λιτείᾳ
558 3887 767 3974 φησὶν
827 3876 932 3952 ὅτι
982 3882 1309 3973 βάρβαροι
1353 3882 1479 3972 τὴν
1523 3879 1871 3973 Ἀρκαδίαν
1926 3879 2231 3974 ᾤκησαν,
2292 3884 2532 3965 οἵτινες

296 3985 751 4077 ἐξεβλήθησαν
809 3982 946 4054 ὑπὸ
1001 3992 1145 4054 τῶν
1205 3980 1540 4075 Ἀρκάδων
1609 3987 2034 4074 ἐπιθεμένων
2098 3979 2328 4066 αὐτοῖς
2394 3986 2530 4075 πρὸ

292 4095 414 4157 τοῦ
459 4090 786 4158 ἐπιτεῖλαι
829 4087 958 4177 τὴν
1002 4086 1316 4178 σελήνην,
1379 4087 1483 4157 διὸ
1529 4085 2162 4176 κατωνομάσθησαν
2204 4091 2530 4176 προσελη-

295 4216 418 4260 νοι.
461 4245 476 4262 .
520 4245 537 4263 .
579 4244 596 4261 .
640 4194 822 4271 τινὲς
866 4193 941 4258 δέ
967 4211 1171 4276 φασιν
1200 4184 1613 4278 Ἐνδυμίωνα
1644 4186 1995 4278 εὑρηκέναι
2025 4187 2144 4267 τὰς
2173 4186 2533 4276 περιόδους

292 4296 405 4360 καὶ
448 4293 609 4374 τούς
653 4288 988 4382 ἀριθμοὺς
1030 4297 1147 4381 τῆς
1192 4291 1487 4383 σελήνης,
1533 4287 1705 4362 ὅθεν
1740 4295 1851 4361 καὶ
1881 4287 2344 4381 προσελήνους
2372 4285 2532 4365 τοὺς
