3166 4871
993 371 1079 429 De
1114 372 1320 428 nomin.
1355 372 1413 427 in
1448 389 1613 437 -αιος,
1682 373 1716 441 ξ
1753 376 1834 427 ἿΘ.
2445 374 2568 437 239

308 566 547 629 αιμος,
610 538 845 631 Ἐρμῆς
914 557 1280 631 στροφαῖος
1346 554 1406 610 et
1464 542 1841 629 ἐμπολαῐος.
1947 550 2035 611 cf.
2079 569 2262 628 supra
2326 570 2382 627 p.
2431 546 2575 623 219,

315 649 471 714 175.
516 655 736 715 Muller
781 656 948 714 Eum.
993 675 1050 733 p.
1105 651 1219 710 147
1268 672 1323 713 u.
1379 650 1467 713 19.

499 758 582 817 Ut
608 757 792 834 igitur
823 740 1135 834 ἀλάστωρ
1167 757 1243 816 ab
1276 740 1699 833 dicioptassjm
1729 757 1903 816 etiam
1935 754 2361 833 παλαμναῖος
2404 760 2571 832 puta-

309 860 494 919 veris
524 861 842 938 repetitum
876 880 911 919 a
941 860 1125 937 stirpe
1167 859 1387 920 verbali
1417 858 1618 931 παλα,
1657 878 1810 935 quae
1840 878 1993 936 pura
2023 861 2363 919 continetur
2391 857 2575 919 latino

299 964 540 1036 palari
581 961 754 1036 (Fick
799 963 883 1033 11,
938 960 1075 1040 147,
1117 963 1478 1038 Zehetmayr
1519 961 1635 1021 lex.
1668 962 1771 1022 lat.
1802 966 1978 1038 etym.
2025 980 2070 1021 s.
2100 959 2207 1039 v.),
2251 962 2308 1020 in
2355 980 2575 1039 graeca

313 1066 535 1141 lingua
579 1066 747 1124 nobis
792 1084 910 1125 nou
960 1069 1196 1124 servata
1244 1069 1336 1124 est
1383 1064 1493 1124 nisi
1543 1062 1745 1124 addito
1792 1081 1878 1122 να
1924 1062 2111 1135 (Cur-t.
2143 1062 2320 1124 Verb.
2350 1065 2395 1139 1,
2433 1062 2574 1123 251.

314 1163 483 1239 260)
544 1167 931 1245 amplificata:
1013 1156 1421 1239 πλα-νιὶω,
1496 1166 1571 1226 cf.
1632 1155 1929 1246 πάλνης·
1993 1156 2252 1246 πλάνης
2313 1166 2575 1243 Hesych.

311 1270 489 1329 Hinc
533 1259 946 1346 πάλα-μνος,’
973 1288 1177 1347 parag.
1224 1270 1340 1329 iou.
1385 1266 1826 1346 παλαμναῖος,
1870 1286 1912 1326 α
1960 1269 2255 1329 intensivo
2275 1266 2324 1340 *)
2370 1268 2573 1327 addito

318 1356 841 1449 ἆ-πάλα-μνος,
887 1373 983 1432 vel
1027 1373 1278 1449 simplici
1327 1371 1543 1431 suffixo
1588 1388 1675 1449 μο
1723 1356 2180 1450 ἆ-πάλα-μος.
2266 1372 2575 1449 Propriam

317 1473 819 1550 significationem
878 1468 1330 1552 πλανωμένου
1391 1480 1689 1534 servatam
1754 1474 1973 1535 dixeris
2030 1475 2189 1552 apud
2252 1476 2574 1534 Homerum

323 1574 398 1636 Ε
438 1572 592 1655 597;
627 1576 856 1637 'deinde
904 1578 1142 1637 omnino
1187 1578 1552 1654 piacularem
1601 1576 1989 1655 significabat,
2033 1577 2371 1654 scelestum,
2416 1576 2574 1636 nefa-

319 1681 508 1757 rium,
534 1668 796 1757 μιαρόν,
839 1668 1133 1757 αἰσχρόν,
1179 1679 1437 1757 foedum,
1468 1678 1850 1757 impudicum,
1895 1679 2154 1757 denique
2184 1681 2449 1757 ineptum
2482 1699 2578 1757 ap.

320 1783 632 1844 Solonem.
739 1781 827 1843 Of.
890 1783 1032 1842 Eur.
1089 1784 1263 1842 Herc.
1319 1781 1358 1842 f.
1429 1779 1582 1840 1346
1654 1767 1907 1841 ἀοιδῶν
1980 1775 2117 1841 οἵδε
2196 1773 2577 1863 δύστηνοι

325 1875 528 1963 λόγοι
577 1885 795 1962 miseri,
837 1885 1041 1962 inepti.

507 1988 641 2047 Non
691 2005 848 2066 nego
895 1987 969 2047 de
1015 1988 1149 2047 aliis
1196 2006 1440 2065 quoque
1486 1987 1784 2047 radicibus
1830 1988 2079 2065 cogitari
2124 2006 2321 2065 posse.
2404 1988 2582 2048 Velut

325 2089 410 2149 de
454 2078 875 2163 παλάσσω,
939 2091 988 2150 si
1048 2090 1291 2167 quidem
1353 2090 1463 2150 hoc
1524 2109 1600 2149 ex
1658 2087 1842 2148 παλα
1901 2095 2103 2150 natum
2158 2096 2223 2150 ut
2268 2075 2580 2149 ἀλλάσσει)

324 2212 410 2253 ex
458 2178 629 2250 ἄλλο
675 2193 894 2269 repetit
939 2192 1100 2254 Ourt.
1129 2191 1306 2253 Verb.
1352 2187 1492 2270 365,
1538 2195 1607 2251 ut
1650 2190 2071 2269 παλαμναῖος
2117 2194 2359 2271 proprie
2403 2186 2580 2269 signi·

325 2295 544 2355 ficaret
589 2295 881 2372 sauguine
929 2313 1351 2373 conspersnm;
1397 2296 1494 2354 vel
1543 2294 1617 2354 de
1662 2290 2015 2368 παλὶιίω,
2062 2295 2222 2372 quod
2271 2296 2409 2356 mihi
2448 2315 2580 2356 cum

328 2387 625 2477 πλήσσω
655 2403 714 2458 ct
744 2387 1037 2476 πόλεμος
1068 2403 1389 2476 coguatum
1423 2416 1573 2476 esse,
1613 2403 1672 2458 et
1701 2399 1944 2477 proprie
1978 2398 2313 2475 significare
2347 2398 2584 2460 videtur

325 2501 571 2582 „serire‚
601 2505 933 2579 percutere,
978 2493 1282 2590 caederef‘,
1327 2500 1544 2562 deinde
1589 2494 1947 2580 „pugnare“,
1979 2501 2237 2579 denique
2282 2496 2618 2582 „luctari‘fl-

327 2606 549 2681 Itaque
608 2602 1033 2682 παλαμναῖος
1087 2604 1283 2665 dictus
1345 2611 1504 2664 esset
1549 2605 1650 2681 qui
1696 2604 1857 2682 ferit,
1919 2605 2137 2682 caedit,
2196 2607 2427 2666 occisor
2484 2604 2584 2678 (cf.

327 2706 541 2767 theod.
588 2712 700 2767 vet.
755 2707 919 2765 slah!
977 2711 1210 2785 strages
1270 2706 1509 2783 caedes,
1568 2709 1879 2783 man-§layo
1941 2707 2239 2768 homicida
2298 2707 2584 2785 carnifex,

328 2829 464 2887 ags.
508 2809 687 2884 slaqa
730 2804 1009 2886 occisor),
1068 2793 1458 2886 ἀπάλαμνος
1502 2811 1603 2869 vel
1657 2810 2106 2888 insuperabilia,
2168 2796 2584 2869 ἄκαταπολέ-

328 2927 571 2991 μητος,
616 2900 850 2983 δεινός,
897 2911 991 2970 vel
1036 2912 1232 2972 activa
1277 2910 1709 2989 significatione
1757 2913 1860 2989 qui
1904 2931 2173 2990 pugnare
2222 2933 2338 2973 non
2387 2917 2585 2989 potest

329 3015 436 3074 vel
482 3032 602 3073 nou
648 3014 853 3088 audet,
915 3014 1274 3091 imbecillus,
1335 3014 1617 3091 ignavus,
1677 3013 1861 3090 (quod
1917 3012 2169 3074 fortasse
2224 3014 2480 3092 quadret
2524 3016 2582 3074 in

331 3120 455 3178 loe.
499 3117 673 3176 Hom.
719 3114 782 3175 Ε
821 3111 976 3192 5973
1022 3115 1097 3175 cf.
1145 3100 1539 3193 ἀπάλαμνος
1586 3140 1667 3161 =
1715 3101 1994 3186 ἄναλκις
2037 3134 2129 3192 ap.
2178 3114 2367 3189 Eust.)

512 3205 904 3295 ὑμέναιος.
999 3219 1169 3278 Duae
1217 3218 1395 3278 huius
1451 3219 1616 3278 vocis
1672 3217 2152 3294 significationes.
2247 3217 2300 3276 1.
2346 3222 2585 3278 cantum

335 3321 673 3400 nuptialem
722 3325 890 3382 notat
938 3321 1051 3397 jam
1098 3338 1193 3398 ap.
1227 3320 1396 3380 Hom.
1430 3318 1499 3380 Σ
1525 3317 1667 3396 493,
1711 3337 1902 3396 eaque
1947 3320 2298 3397 significatio
2330 3322 2587 3397 posteris

333 3425 616 3486 omnibus
678 3424 930 3484 maxime
990 3428 1118 3484 erat
1178 3424 1414 3483 usitata.
1502 3418 1558 3483 2.
1605 3424 1795 3482 Deum
1852 3423 2192 3500 nuptiarum
2252 3423 2584 3500 praesidem

336 3528 426 3588 sic
494 3501 772 3587 vocatum
841 3545 960 3587 non
1027 3526 1266 3587 invenio
1333 3529 1470 3585 ante
1538 3524 1837 3586 Catullum
1905 3529 1963 3584 et
2024 3524 2375 3585 Lucianum.
2470 3526 2585 3587 Sed

336 3627 649 3690 Lucianus
695 3628 915 3689 Herod.
948 3627 986 3685 5
1032 3647 1166 3688 eum
1212 3628 1285 3688 ab
1317 3628 1570 3688 Aetione
1604 3628 1663 3686 in
1710 3627 1972 3705 „nuptiis
2004 3620 2319 3688 Roxanes“
2360 3629 2586 3705 pictum

336 3737 565 3811 narrat,
610 3730 1128 3809 epithalamiisque
1175 3730 1292 3790 illis
1335 3729 1475 3790 inde
1523 3749 1557 3788 a
1602 3728 1808 3806 primis
1852 3728 2015 3806 quod
2060 3707 2317 3789 sciamus
2365 3735 2587 3807 tempo·

339 3835 505 3895 ribus
551 3837 684 3895 erat
729 3833 1113 3911 ephymuium
1162 3837 1326 3893 certa
1373 3832 1629 3909 quadam
1678 3831 1885 3909 forma,
1929 3850 2049 3910 qna
2095 3832 2244 3893 deus
2289 3833 2388 3892 ille
2426 3833 2587 3893 invo-

340 3943 513 3998 catus
559 3955 690 4000 esse
737 3936 990 3996 videtur.
1078 3936 1253 3997 Certe
1300 3936 1518 3996 Catulli
1576 3936 1637 3994 in
1698 3952 1747 3994 c.
1792 3930 1872 3991 62
1933 3934 2081 3995 haec
2139 3939 2232 3995 est
2289 3936 2591 3996 sententia

677 4104 752 4112 -κ

512 4189 569 4255 *)
604 4201 728 4240 uam
766 4199 1135 4255 quaecunque
1172 4182 1335 4239 huius
1373 4182 1605 4253 praefixi
1642 4183 1799 4253 origo
1824 4182 1945 4252 fuit,
1984 4190 2165 4238 tamen
2193 4198 2263 4237 ne
2290 4183 2593 4244 Clemmius

340 4272 568 4341 quidem
617 4287 824 4340 negare
872 4270 1103 4340 poterit,
1151 4269 1376 4324 Homeri
1423 4269 1770 4339 temporibus
1806 4269 2050 4324 Graecos
2097 4268 2376 4338 genuinae
2422 4266 2588 4336 signi-

368 4357 647 4412 ficationis
683 4356 849 4426 plane
884 4355 1091 4411 oblitos
1125 4354 1408 4410 intensiva
1441 4361 1656 4410 tantum
1691 4354 1750 4409 vi
1783 4369 1902 4410 eam
1937 4353 2284 4421 adhibuisse,
2318 4358 2380 4406 ut
2417 4353 2502 4419 ζα.
