3166 4871
516 292 637 351 370

1412 461 1711 555 Regio
1784 461 1877 535 II.

1437 613 1830 679 Tarentum

515 758 551 798 a
597 738 814 810 Plinio,
841 740 972 817 ipso
1021 740 1257 801 colonia
1304 739 1593 799 maritima
1638 739 2027 816 significatur.

1479 901 1805 968 Luceria.

689 1027 882 1088 C.1X.
932 1046 988 1103 p.
1022 1031 1120 1087 74.
1168 1059 1253 1067 —-
1310 1029 1399 1088 Dc
1448 1029 1706 1088 Luceria
1751 1030 1942 1088 solum
1992 1029 2046 1087 id
2097 1033 2360 1088 statuere
2407 1030 2575 1106 licet,
2635 1050 2761 1088 eam

515 1130 691 1189 Plinii
754 1129 1121 1205 temporibus
1185 1131 1477 1190 coloniam
1545 1131 1744 1191 fuisse.
1845 1132 2249 1207 Nuncupatur
2303 1133 2538 1191 colonia
2593 1133 2650 1190 in
2697 1133 2766 1191 ti-

516 1233 661 1291 tulis
707 1231 931 1291 saeculi
978 1232 1135 1292 tertii
1181 1232 1471 1303 ineuntis,
1533 1233 1638 1292 sed
1687 1234 2071 1292 inveniuntur
2124 1234 2183 1292 in
2231 1235 2415 1293 titulis
2459 1253 2607 1293 aevo
2659 1235 2766 1293 Ve-

515 1336 794 1410 spasiano
837 1331 1241 1394 anterioribus
1288 1336 1548 1395 Illlviri.
1625 1366 1708 1374 -—
1791 1337 2000 1411 Itaque
2061 1337 2321 1396 Luceria
2376 1337 2627 1412 Augusti
2673 1356 2766 1395 co·

515 1438 691 1498 loniis
736 1437 1053 1497 tribuenda
1100 1457 1217 1498 non
1267 1444 1374 1498 est.
2149 1418 2157 1426 ⁸

1468 1602 1803 1669 Venusia.

687 1727 750 1788 C.
784 1728 867 1787 IX
914 1747 970 1805 p.
1001 1732 1102 1788 44.
1177 1758 1262 1768 —·
1337 1729 1654 1788 Veteranis
1713 1734 1853 1788 ante
1915 1748 2176 1806 pugnam
2237 1730 2396 1807 apud
2457 1731 2767 1806 Philippos

434 1889 443 1898 ,
517 1832 732 1890 factam
795 1831 947 1890 lianc
1004 1831 1211 1891 urbem
1274 1833 1567 1891 coloniam
1632 1831 1986 1890 destinatam
2047 1850 2178 1891 esse
2239 1834 2551 1908 Appianus
2611 1853 2763 1893 com-

518 1939 806 1993 memorat
849 1934 906 1992 b.
953 1952 1002 1993 c.
1048 1938 1107 1993 4.
1156 1939 1227 2010 3,
1288 1932 1605 1994 deductam
1653 1935 1883 1994 Horatii
1931 1934 2319 1993 clarissimum
2368 1935 2764 1995 testimonium

517 2037 627 2113 Ep.
679 2040 733 2107 2,
785 2040 841 2096 2.
888 2040 969 2096 50
1033 2035 1307 2096 affirmat.
1412 2037 1605 2095 Etiam
1667 2035 2011 2114 posterioris
2069 2038 2202 2095 aevi
2261 2038 2411 2096 tituli
2476 2037 2764 2097 coloniam

516 2139 827 2216 appellant
872 2140 954 2198 lX
1002 2159 1058 2199 ιι.
1103 2142 1225 2200 449
1276 2137 1384 2212 (---
1433 2137 1600 2217 735),
1644 2143 1766 2201 472
1815 2138 1921 2213 (==
1971 2142 2135 2210 745).

1373 2304 1895 2371 Beneventum.

688 2431 753 2490 C.
800 2429 880 2488 lx
925 2449 980 2507 p.
1034 2434 1170 2491 136.
1259 2430 1378 2489 Iam
1442 2450 1494 2490 a.
1556 2450 1611 2490 u.
1660 2450 1710 2491 c.
1758 2435 1896 2502 712,
1973 2437 2038 2491 ut
2080 2433 2485 2509 promiserunt
2529 2434 2765 2492 tresviri

516 2553 561 2593 r.
630 2553 684 2609 p.
753 2552 801 2591 c.
876 2538 1015 2591 ante
1101 2551 1364 2608 pugnam
1449 2533 1895 2611 Philippensem
1974 2535 2379 2593 Beneventum
2471 2535 2763 2594 coloniam

516 2636 733 2695 factam
806 2652 937 2694 esse
1003 2634 1375 2695 demonstrat
1442 2637 1510 2695 L.
1561 2637 1812 2695 Munatii
1881 2636 2092 2697 Planci
2162 2637 2411 2711 elogium
2479 2638 2524 2697 1.
2587 2639 2658 2696 N.
2709 2657 2767 2697 ιι.

517 2742 684 2799 4089
731 2762 814 2784 =
866 2739 977 2797 Wi.
1021 2757 1078 2797 n.
1114 2742 1295 2813 1112,
1343 2739 1441 2813 qui
1497 2756 1709 2814 „agros
1768 2738 1966 2799 divisit
2024 2740 2082 2797 in
2146 2740 2318 2798 Italia
2378 2739 2763 2800 Beneventi.“

519 2841 717 2916 Atque
772 2839 947 2899 etiam
996 2840 1333 2917 Augustum
1401 2846 1538 2917 post
1601 2842 1891 2918 proelium
1938 2843 2251 2901 Actiacum
2311 2846 2629 2902 veteranos
2684 2844 2768 2902 VI

517 2946 577 3001 et
620 2942 784 3002 XXX
851 2943 1100 3019 legionis
1159 2945 1567 3003 Beneventum
1634 2944 1881 3003 colonos
1942 2943 2274 3011 deduxisse,
2320 2945 2629 3020 probabile
2676 2949 2769 3004 est

520 3046 768 3104 maxime
801 3064 874 3105 ex
904 3047 1078 3106 titulo
1114 3047 1194 3105 IX
1227 3067 1279 3105 u.
1322 3050 1482 3108 1616
1517 3044 1625 3120 (---
1661 3048 1866 3118 1458).
1943 3048 2176 3106 Nomen
2210 3048 2479 3107 coloniae
2510 3048 2770 3106 innotuit

518 3167 592 3207 ex
639 3148 811 3207 titulo
859 3148 942 3206 IX
988 3166 1044 3207 n.
1093 3152 1258 3210 2165
1305 3146 1411 3221 (=
1463 3147 1651 3220 1411)
1705 3150 1850 3219 „lul.
1897 3148 2234 3210 Concordia
2281 3149 2506 3208 Felix.“
2578 3150 2766 3219 „Cou-

519 3249 818 3310 cordiam“
872 3251 1139 3310 coloniae
1188 3270 1401 3310 nomen
1451 3256 1511 3310 et
1560 3252 1710 3311 liber
1758 3252 1866 3311 col.
1912 3257 1972 3311 et
2016 3252 2168 3311 tituli
2221 3254 2300 3311 lX
2347 3272 2400 3311 n.
2453 3256 2612 3313 1538
2659 3252 2766 3324 (==

522 3349 711 3423 1399)
758 3356 816 3411 et
865 3356 1025 3412 1445
1074 3351 1180 3426 (=
1219 3355 1425 3427 1387),
1468 3353 1524 3412 iu
1574 3354 1793 3430 quibus
1825 3355 2094 3413 coloniae
2128 3354 2319 3413 liberti
2374 3354 2763 3425 „Concordii“

522 3454 916 3530 appellantur,
962 3473 1108 3532 prae
1154 3473 1218 3515 se
1267 3455 1484 3514 ferunt.

1369 3671 1436 3743 R
1456 3694 1495 3744 e
1514 3672 1672 3767 gio
1742 3671 1915 3745 1111.

1428 3825 1855 3891 Bovianum.

690 3949 752 4010 C.
797 3949 880 4008 lX
925 3969 981 4027 p.
1029 3953 1168 4011 239.
1257 3950 1505 4009 Sullana
1551 3951 1813 4029 colonia,
1875 3954 1940 4010 ut
1984 3953 2369 4011 Drumannus
2415 3950 2495 4023 (ΙΙ
2543 3970 2598 4027 p.
2643 3955 2769 4011 479

519 4052 653 4111 adn.
698 4051 762 4123 4)
811 4056 1000 4130 putat,
1048 4058 1211 4112 certe
1259 4071 1376 4112 non
1424 4053 1570 4128 fuit3
1618 4071 1755 4111 nam
1803 4054 2080 4113 Caesaris
2124 4051 2433 4112 dictatoris
2482 4057 2774 4131 tempore,

519 4159 587 4214 ut
648 4154 917 4214 declarat
975 4155 1188 4215 titulus
1248 4175 1300 4215 n.
1363 4158 1528 4216 2563
1576 4153 1685 4228 (=
1730 4154 1921 4226 4986)
1980 4156 2360 4231 municipium
2425 4155 2554 4214 fuit.
2650 4153 2772 4215 Sed

521 4260 723 4315 exstat
751 4257 962 4316 titulus
994 4257 1255 4315 Marcelli
1292 4257 1660 4315 centurionis
1694 4257 1945 4332 legionis
1977 4257 2060 4315 XI
2093 4256 2374 4317 Claudiae
2402 4258 2481 4316 lx
2499 4277 2552 4315 n.
2585 4260 2775 4334 2564,
