3166 4871
2512 299 2634 360 247

397 478 501 534 aut
545 487 655 551 par
687 481 861 549 esset,
909 480 1159 552 propter
1204 481 1293 536 tot
1320 482 1639 554 tantasque
1686 474 2005 536 facultates
2035 474 2377 533 doctissimo
2419 473 2635 549 cuique

397 580 457 635 et
511 578 984 654 ingeniosissimo
1044 578 1409 640 Graecorum
1475 579 1936 657 praeferendum
2000 594 2148 639 esse.
2257 576 2633 654 Quamquam

396 678 493 738 vix
543 680 679 740 mihi
725 698 966 756 possum
1029 681 1395 758 persuadere
1444 700 1605 751 eum,
1666 700 1799 741 cum
1846 680 1921 740 de
1966 680 2077 739 bac
2120 698 2188 739 re
2231 681 2634 756 interrogatus

395 786 577 859 esset,
637 782 1032 860 principatum
1101 784 1310 844 horum
1371 784 1548 844 trium
1598 802 1882 860 generum
1946 782 2240 843 distinctis
2285 779 2482 841 verbis
2525 782 2630 840 sibi

393 883 653 944 tribuere
697 903 982 946 ausurum
1031 885 1233 947 fuisse.
1319 886 1437 948 Sed
1485 886 1760 964 quamvis
1819 886 2024 962 inique
2069 884 2144 944 de
2190 883 2437 944 Graecis
2470 883 2631 960 judi-

393 987 638 1059 caverit,
684 987 957 1066 equidem
1005 989 1241 1049 miuime
1287 991 1628 1068 negaverim
1675 1008 1819 1049 vere
1873 981 2235 1067 φιλέλληνα
2281 986 2626 1047 Ciceronem

392 1089 577 1149 fuisse
638 1108 833 1168 neque
894 1092 1227 1169 ignorasse,
1286 1098 1573 1169 quantum
1635 1092 1764 1169 ipse
1818 1091 2063 1151 Graecis
2122 1090 2382 1149 deberet.
2471 1088 2628 1161 Quin

392 1193 565 1251 etiam
614 1194 726 1254 hoc
780 1197 925 1272 puto
970 1200 1150 1271 atque
1199 1196 1471 1256 existimo
1530 1213 1664 1255 eum
1712 1192 2148 1271 quodammodo
2195 1190 2450 1250 sensisse
2509 1208 2625 1250 non

389 1294 576 1354 solnm
610 1296 669 1354 in
714 1296 926 1357 litteris
958 1297 1118 1374 ipsis,
1165 1297 1269 1357 sed
1302 1299 1476 1357 etiam
1523 1299 1580 1357 in
1617 1315 1818 1358 earnm
1852 1295 2052 1356 indole
2083 1292 2329 1355 Graecis
2372 1293 2626 1369 palmam

389 1412 522 1456 esse
566 1397 963 1459 tribuendam.
1051 1399 1166 1461 Sed
1213 1405 1280 1460 ut
1323 1400 1380 1460 in
1428 1402 1553 1461 vita
1598 1400 1837 1478 publica
1882 1417 2000 1459 non
2049 1398 2158 1458 sibi
2208 1396 2504 1472 constitit,
2548 1396 2629 1455 ita

389 1498 563 1558 etiam
611 1499 686 1561 de
730 1501 910 1561 rebus
955 1500 1031 1560 ad
1080 1501 1306 1563 litteras
1349 1504 1763 1579 spectantibus
1817 1519 2121 1578 nunquam
2169 1499 2391 1559 firmam
2439 1517 2625 1575 quan-

389 1598 521 1659 dam
570 1603 920 1663 sententiam
969 1606 1261 1665 sustinere
1306 1603 1606 1682 potnit.·'’³)

558 1705 687 1764 Jam
735 1705 810 1765 ad
856 1706 1030 1767 finem
1072 1707 1397 1786 perductis,
1442 1727 1598 1786 quae
1645 1709 1847 1785 priore
1894 1712 2064 1784 parte
2096 1724 2187 1766 me
2233 1710 2621 1765 tractaturum

386 1807 685 1884 pollicitus
730 1827 910 1887 eram,
954 1812 1245 1888 sequitur,
1290 1817 1357 1873 nt
1384 1812 1665 1872 adhibitis
1711 1810 1983 1871 omnibus
2028 1809 2187 1879 locis,
2235 1807 2337 1885 qui
2383 1807 2456 1866 ad
2499 1826 2621 1867 rem

386 1908 833 1987 disceptandam
894 1911 1118 1991 aliquid
1168 1914 1372 1974 valere
1416 1913 1754 1990 videantur,
1812 1930 2131 1991 exponam,
2186 1908 2325 1988 qnid
2376 1909 2450 1969 de
2494 1916 2622 1970 arte

384 2014 618 2089 poetica
677 2014 1046 2092 singulisque
1105 2018 1299 2093 poetis
1343 2014 1710 2078 Graecorum
1767 2016 1977 2077 Cicero
2031 2014 2305 2074 senserit.
2393 2013 2622 2086 Quibus

385 2114 460 2175 de
490 2116 667 2176 rebus
704 2116 907 2194 paullo
954 2119 1220 2194 aequius,
1267 2137 1444 2195 quam
1495 2118 1567 2178 de
1612 2119 1864 2195 reliquis
1904 2117 2232 2178 litterarum
2279 2116 2619 2191 generibus,

383 2237 516 2278 eum
569 2219 876 2297 judicasse
924 2220 1048 2297 jam
1110 2239 1221 2299 per
1263 2239 1327 2280 se
1388 2222 1877 2281 verisimillimum
1928 2224 2049 2297 est,
2105 2237 2236 2280 cnm
2286 2218 2381 2277 hic
2443 2219 2622 2277 nimia

381 2322 472 2381 sui
518 2321 706 2399 ipsius
751 2322 1032 2399 opinione
1078 2322 1202 2382 fere
1261 2343 1382 2384 non
1445 2325 1880 2400 prohiberetur.
1970 2325 2211 2383 Poetam
2275 2321 2429 2382 enim
2478 2339 2619 2380 vere

383 2443 661 2502 magnum
708 2444 845 2487 eum
893 2446 967 2487 ne
1012 2425 1117 2488 sibi
1183 2427 1293 2505 ipsi
1355 2426 1591 2505 quidem
1642 2427 1830 2488 visum
1894 2445 2026 2488 esse
2072 2446 2144 2487 eo
2205 2424 2337 2504 ipso
2382 2423 2620 2486 videtur

378 2528 638 2605 probari,
684 2528 844 2606 quod
891 2528 1116 2603 Quinto
1162 2530 1328 2589 fratri
1377 2529 1459 2609 (3,
1489 2534 1545 2602 4,
1576 2533 1640 2598 4)
1686 2530 1916 2591 scribit:
1971 2528 2192 2600 „Simul
2237 2533 2298 2589 et
2340 2528 2487 2589 illud
2532 2559 2617 2569 —-

377 2631 505 2690 sine
552 2631 672 2691 ulla
731 2631 1070 2693 mehercule
1115 2624 1424 2715 εἰρωνείᾳ
1484 2635 1701 2712 loquor
1743 2665 1828 2675 —
1871 2634 1976 2694 tibi
2035 2634 2204 2694 istius
2256 2632 2497 2708 generis
2554 2634 2613 2692 in

380 2732 699 2794 scribendo
731 2734 964 2811 priores
994 2739 1197 2812 partes
1226 2736 1441 2809 tribuo,
1472 2755 1649 2814 quam
1684 2729 1963 2802 mihi.“⁵‘¹)
2036 2736 2409 2811 Quamquam
2440 2733 2615 2795 valde

378 2839 552 2904 erret,
600 2836 701 2911 qui
745 2839 915 2914 parvi
963 2857 1096 2898 eum
1154 2838 1417 2899 carmina
1459 2857 1568 2899 sua
1621 2840 1965 2899 aestimasse
2010 2841 2194 2915 putet.
2281 2837 2413 2895 Hoc
2458 2837 2610 2895 enim

376 2937 423 2995 si
470 2936 735 3015 fecisset,
780 2957 896 2999 non
943 2944 1062 2999 tam
1109 2959 1290 3018 saepe
1333 2941 1531 3018 libris,
1575 2959 1729 3018 quos
1775 2941 2036 3018 scripsit,
2087 2956 2301 2999 versus
2346 2955 2484 2997 suos
2528 2940 2613 2996 in-

375 3039 661 3098 seruisset
678 3037 782 3112 ⁵⁵),
844 3045 912 3100 ut
970 3041 1176 3103 horum
1241 3044 1417 3120 longe
1477 3044 1766 3121 plurimos
1829 3047 2069 3118 praeter
2130 3057 2405 3116 maguum
2467 3038 2611 3098 illud

378 3133 819 3218 Φαινομένων
867 3143 1262 3221 fragmentum
1310 3144 1519 3206 codice
1550 3145 1881 3222 Harlejano
1928 3161 2085 3204 num.
2118 3147 2237 3205 647
2287 3142 2457 3202 nobis
2491 3160 2609 3202 ser-

373 3249 573 3304 vatum
622 3262 697 3304 ex
742 3244 814 3305 iis
859 3247 1046 3307 solum
1079 3248 1256 3306 etiam
1304 3267 1467 3308 nunc
1498 3248 1858 3309 noverimus.
1945 3246 2135 3319 Quam
2183 3248 2376 3305 autem
2408 3262 2609 3322 super·

371 3347 501 3406 bam
551 3347 624 3409 de
669 3341 938 3424 „Mario“
984 3366 1092 3410 suo
1138 3350 1417 3411 habuerit
1462 3351 1820 3429 opinionem,
1863 3367 1939 3410 ex
1969 3349 2276 3427 prooemio
2323 3348 2611 3408 librorum

372 3449 445 3509 de
490 3450 722 3528 legibus
754 3453 1036 3521 cognosci
1071 3457 1289 3530 potest,
1334 3452 1431 3514 ubi
1476 3449 1535 3529 (ξ
1571 3451 1633 3527 1)
1664 3452 1953 3527 Quintum
1986 3452 2227 3512 fratrem
2276 3450 2348 3511 de
2381 3467 2608 3528 quercu

369 3552 645 3629 quadam,
691 3571 848 3629 quae
894 3555 1156 3614 carmine
1199 3556 1298 3616 illo
1346 3556 1649 3616 celebrata
1678 3559 1822 3627 erat,
1868 3556 1949 3615 ita
1978 3555 2319 3632 loquentem
2353 3552 2608 3613 inducit:

370 3655 613 3722 „Manet
643 3673 805 3733 vero,
850 3658 1047 3717 Attice
1090 3663 1309 3735 noster,
1355 3664 1484 3719 sata
1517 3662 1608 3718 est
1637 3659 1791 3718 enim
1824 3656 2127 3735 iugenio“,
2170 3657 2375 3738 paullo
2408 3662 2603 3717 autem

365 3761 503 3833 post
547 3751 605 3831 (ξ
652 3761 713 3822 2)
760 3758 1012 3818 eundem
1058 3759 1380 3821 Scaevolae
1426 3759 1650 3821 dictum
1699 3760 1770 3821 de
1817 3760 1916 3821 illo
1948 3761 2236 3822 carmine:
2281 3759 2606 3830 „Canescet

535 3938 600 4004 δ’)
640 3933 733 3990 Ad
776 3941 943 3991 totam
979 3936 1122 3993 hanc
1158 3940 1393 4009 priorem
1430 3945 1643 4010 partem
1671 3937 1925 3995 conferre
1950 3941 2092 4008 licet,
2130 3955 2271 4010 quae
2297 3933 2369 3994 A.
2396 3938 2605 3993 Deuer-

363 4021 478 4090 ling
512 4021 546 4076 l.
589 4024 618 4077 Ι.
657 4037 782 4076 cum
819 4022 971 4091 alias,
1008 4029 1124 4077 tum
1163 4041 1328 4096 pagg.
1368 4031 1430 4080 22
1469 4031 1529 4081 et
1552 4031 1617 4081 93
1655 4025 1929 4095 exposuit,
1965 4041 2293 4096 quamquam
2322 4039 2390 4080 ex
2415 4025 2602 4093 aliqua

363 4112 519 4175 parte
557 4107 751 4175 lenius,
787 4123 949 4177 quam
985 4124 1074 4164 res
1112 4111 1377 4179 postulat,
1413 4110 1540 4166 mihi
1567 4111 1871 4183 judicasse.
1900 4111 2138 4167 videtur.

531 4196 601 4259 ³⁸)
635 4190 703 4249 cf.
740 4193 907 4248 etiam
942 4194 1013 4248 ad
1050 4195 1113 4260 Q.
1149 4193 1215 4250 fr.
1253 4203 1301 4263 3,
1338 4203 1367 4250 5
1406 4197 1499 4262 (al.
1535 4201 1592 4264 6)
1627 4203 1673 4252 4.

532 4279 599 4348 ⁶⁶)
632 4276 702 4334 ef.
740 4279 928 4348 Orelli,
965 4279 1079 4335 Cic.
1115 4297 1206 4353 op.
1246 4281 1343 4350 lv,
1379 4296 1546 4354 pagg.
1591 4288 1885 4353 1014-163
1927 4288 2054 4338 1036
2070 4289 2218 4352 —373
2259 4287 2539 4338 nus—52.
