3166 4871
522 233 603 296 84

693 395 768 481 ὃς
812 427 884 468 κε
930 399 1085 469 τάδε
1135 402 1288 488 ῥεξῃ
1335 405 1565 469 κείνου
1611 401 1859 490 κράτος
1903 403 2153 472 ἔσσεται
2202 406 2344 472 αἰεί.

693 507 1087 592 νηφαλίμων
1133 497 1364 591 άρνῶν
1408 531 1478 572 τε
1525 504 1760 592 ταμών
1800 510 2108 592 χθονίοις
2153 506 2311 575 τάδε
2356 507 2553 597 ῥέξον

610 617 645 682 †
690 601 856 693 ἦμος
905 602 989 673 ἂν
1033 604 1162 694 ἤδη
1211 607 1385 693 ἔχοις
1428 605 1811 696 μεγαλήτην
1857 601 1982 675 ούκ
2028 602 2296 731 άπάντη

693 706 1102 792 ξεστοδόκον
1146 707 1417 794 ξοάνῃσι
1462 712 1569 775 καὶ
1618 698 1810 777 τᾶλλ’
1856 707 1931 789 ὃς
1976 712 2169 796 ἔλεξα
2213 706 2369 796 σάφ’
2416 716 2590 781 ἴσθι

524 817 605 876 65
695 813 768 878 ἐν
811 809 1204 878 πετάλοισιν
1248 811 1427 896 ἐμοῖς
1470 807 1605 878 υπὸ
1652 814 1959 898 κερκίδος
2004 805 2165 899 ἀμφὶ
2216 813 2602 904 καλύπτρας

695 907 957 1032 ἱζμερτός
1002 933 1069 980 σε
1119 911 1323 993 βάλεν
1368 919 1661 1002 γλαυκῆς
1707 913 1902 994 ἐλάας
1945 914 2418 1003 πολυκάρπου,

698 1008 914 1101 άγλαά
959 1010 1187 1098 φύλλα
1233 1021 1529 1097 λαβοῦσα
1573 1014 1766 1084 λύσιν
1809 1024 2037 1085 κακοῦ.
2089 1006 2255 1105 ἦμος
2302 1045 2386 1085 αν
2432 1018 2599 1106 ἔλθῃ

693 1113 852 1204 ὔμμι
896 1115 1139 1205 χρόνος
1181 1115 1355 1204 μάλα
1401 1133 1623 1197 κεῖνος
1667 1119 1739 1184 ἐν
1784 1120 1841 1206 ᾠ
1887 1145 2055 1188 ποτε
2098 1115 2314 1188 τᾶλλα
2358 1122 2634 1212 νεογνὴς

707 1219 886 1340 Τρώς
931 1219 1011 1308 δή
1055 1245 1163 1287 τοι
1209 1213 1454 1286 παύσει
1499 1239 1568 1286 σε
1615 1227 1847 1287 κακῶν
1896 1215 2025 1308 άμα
2072 1217 2130 1290 δ’
2166 1215 2479 1305 Ἑλλάδος
2522 1226 2597 1293 ἐκ
2627 1230 2764 1314 γῆς.

696 1315 907 1410 αὐτὰρ
951 1328 1088 1390 ποῦ
1127 1327 1507 1408 μεταβᾶσαν
1552 1321 1939 1410 ἐποτρύνεις
1984 1318 2352 1412 ἀγορεῦσαι.

1586 1534 1721 1597 158.

699 1652 866 1726 Παῖς
900 1642 1201 1734 Ἑβραῖος
1244 1649 1502 1714 κέλεταί
1544 1673 1623 1733 με
1670 1654 1859 1727 θεοῖς
1899 1647 2301 1734 μακάρεσσιν
2344 1643 2658 1719 α’νάσσων

698 1747 892 1816 τόνδε
940 1746 1150 1834 δόμον
1195 1756 1554 1835 προλιπεῖν
1599 1753 1708 1817 καὶ
1756 1743 1975 1838 Ἅιδην
2021 1747 2219 1831 αὖθις
2263 1752 2546 1821 ἱκέσθαι.

699 1850 942 1918 λοιπὸν
990 1846 1186 1918 ἄπιθι
1233 1856 1439 1937 σιγῶν
1485 1852 1557 1918 ἐκ
1604 1851 1854 1939 βιόμων
1898 1844 2302 1942 ἡμετεράων.

1586 2079 1723 2143 159.

691 2189 999 2278 Ἔσχατος
1047 2193 1398 2260 Αἰνεαδῶν
1440 2187 1905 2281 μητροκτόνος
1948 2189 2392 2281 ἡγεμονεύσει.

1588 2420 1725 2482 160.

701 2528 917 2606 Εὗαδέ
956 2558 1070 2619 μοι
1111 2531 1349 2618 χθιζὸς
1396 2537 1670 2615 λίβανος
1713 2541 1968 2602 κλυτοῦ
2014 2533 2355 2623 ἑρμηνῆος.

531 2795 617 2838 αν
670 2767 803 2837 εἷεν
861 2766 1148 2839 Mullerus
1207 2780 1506 2839 KelleruS.
1540 2773 1561 2857 n
1656 2778 1765 2840 59:
1819 2773 2133 2841 ἐνιαυτοῦ
2178 2780 2492 2842 Nauokius
2535 2782 2687 2842 Kell.
2720 2774 2742 2857 ΙΙ

531 2879 645 2986 62:
692 2872 860 2959 ῥέξει
908 2882 1036 2941 cod.
1085 2900 1236 2941 corr.
1284 2881 1611 2942 NauckiuS.
1645 2877 1666 2960 ΙΙ
1746 2883 1859 2945 6⁴:
1907 2903 2057 2944 corr.
2104 2884 2399 2945 Kellertoe.
2432 2877 2454 2961 11

708 2979 851 3056 158)
915 2985 1078 3046 Suid.
1150 2972 1545 3063 Αὔγουστος
1627 2983 1884 3064 Καῖσαρ
1961 2974 2286 3056 θυσιάσας
2371 2972 2584 3065 ἤρετο
2645 2970 2770 3067 τὴν

535 3081 809 3146 Πυθίαν
850 3080 953 3158 τίς
992 3071 1134 3164 μετ’
1180 3071 1389 3145 αὐτὸν
1435 3077 1834 3159 βασιλεύσει·

703 3188 860 3249 adde
891 3190 1143 3250 Cedren.
1174 3209 1227 3265 p.
1259 3184 1376 3246 182
1410 3189 1553 3260 O.[1
1587 3186 1708 3247 320
1742 3189 1954 3261 Bekk]
1988 3190 2181 3251 Malal.
2212 3210 2267 3267 p.
2292 3186 2413 3247 298
2448 3190 2775 3262 [Dindorfl.

703 3289 771 3350 ⁶2:
816 3285 928 3349 καὶ
976 3277 1158 3361 αιδος
1190 3292 1328 3351 Mal.
1375 3285 1488 3349 καὶ
1527 3278 1692 3350 ὁδόν
1734 3292 1905 3353 Cedr.
1940 3287 1960 3369 ΙΙ
2039 3289 2107 3352 3:
2156 3286 2268 3350 καὶ
2301 3282 2545 3351 λοιπὸν
2575 3280 2777 3351 ἄπιθι

533 3388 607 3453 ἐκ
671 3395 808 3454 Mal.
870 3382 1070 3451 ἄπιθι
1137 3382 1383 3457 λοιπὸν
1448 3386 1522 3452 ἐκ
1587 3383 1815 3471 δόμων
1877 3394 2050 3455 Cedr.
2100 3389 2122 3471 ΙΙ
2214 3381 2555 3473 ἡμετέρων
2615 3395 2777 3456 Suid.

532 3497 671 3557 Mal.
717 3489 942 3572 (ledan

707 3594 851 3663 159)
880 3596 1188 3659 cedrenus
1218 3617 1275 3675 p.
1307 3593 1429 3654 205
1463 3600 1510 3657 B
1544 3598 1594 3668 [I
1625 3617 1684 3675 p.
1708 3594 1831 3656 360
1866 3596 2106 3669 Bekk.]:
2136 3588 2301 3676 μετὰ
2332 3592 2402 3658 δὲ
2433 3589 2778 3659 Κλαύδιον

531 3694 910 3773 ἐβασίλευσε
959 3694 1199 3778 Νέρων
1243 3694 1392 3777 περὶ
1442 3682 1525 3759 οὗ
1572 3689 1806 3778 λόγιον
1852 3687 1976 3779 ἦν·
2010 3687 2318 3778 Ἐσχατος
2360 3699 2499 3760 κτλ.
2796 3712 2801 3717 “

712 3800 851 3874 160)
925 3803 1196 3879 Sopater'
1253 3804 1526 3880 prolegg.
1601 3803 1661 3862 in
1720 3802 1967 3864 Aristid.
2038 3803 2287 3863 Panath.
2360 3823 2418 3881 p.
2478 3800 2637 3881 740,
2701 3801 2776 3862 19

533 3906 870 3979 [Westerm.
923 3902 1135 3984 βιογρ.
1198 3924 1255 3981 p.
1279 3901 1481 3975 3251:
1543 3950 1556 3961 .
1623 3950 1636 3964 .
1700 3898 1961 3983 λέγεται
2023 3890 2126 3964 ὅτι
2183 3894 2613 3975 εἰσελθόντος
2687 3899 2779 3976 εἰς

533 3993 828 4083 Δελφούς
873 3994 1184 4077 εὐτελοῦς
1227 4023 1414 4078 τινος
1460 4001 1575 4065 καὶ
1622 3997 1950 4079 λαβόντος
1990 3997 2317 4087 χρησμόν,
2363 4001 2605 4087 Νέρων
2650 3991 2777 4066 ούκ

532 4100 748 4182 ἔλαβε,
811 4106 1034 4189 ζητῶν
1093 4102 1207 4167 καὶ
1260 4094 1468 4180 αὐτὸς,
1519 4102 1866 4169 πυθέσθαι
1909 4105 2064 4189 περί
2109 4125 2326 4181 τινος,
2390 4097 2532 4168 εἶτα
2574 4097 2775 4191 ἤρετο

531 4195 689 4270 ἄνθ’
736 4197 921 4271 ὅτου.
968 4198 1005 4289 ἦ
1055 4204 1125 4270 δὲ
1170 4206 1403 4270 Πυθία
1451 4197 1820 4291 ἀπεκρίθη·
1865 4200 2087 4272 Εὔαδέ
2124 4228 2239 4289 μοι
2282 4209 2422 4270 κτλ.
