3166 4871
524 266 563 327 8

529 440 718 518 Θρϊα.
812 437 992 497 Vides
1036 437 1252 515 opinor
1300 437 1602 495 inventam
1651 454 1779 495 eam
1826 454 1955 495 esse
1987 454 2057 494 eo
2090 434 2337 495 consilio
2371 440 2436 494 ut
2465 434 2769 512 proverbii

523 544 692 619 origo
752 541 825 600 ab
888 540 1164 617 Apolline
1225 538 1576 616 duceretur,
1639 538 1742 598 sed
1805 558 1880 598 ne
1940 539 2094 598 bene
2153 538 2395 616 quidem
2454 538 2771 598 inventam.

523 647 677 706 Nam
724 642 1022 720 Apollinis
1078 641 1241 720 quod
1303 640 1495 701 fertur
1556 659 1909 718 responsum
1956 641 2196 705 omnino
2243 642 2302 701 in
2366 658 2603 701 sensum
2650 658 2769 700 non

524 747 817 825 quadrat:
877 747 925 805 si
973 739 1194 822 Apollo
1242 744 1552 804 Minervae
1597 743 1915 804 invidisset
1958 747 2142 820 atque
2189 745 2416 822 Iupiter
2461 744 2770 803 Minervae

523 870 597 910 ex
663 849 913 909 calculis
972 847 1256 907 vaticinia
1312 845 1622 906 mendacia
1686 846 2012 924 effecisset,
2070 845 2338 922 Apollini
2401 847 2531 906 sine
2591 845 2772 906 dubio

438 939 447 947 ’
524 950 842 1012 dicendum
889 949 1033 1011 fuit:
1078 949 1371 1009 videtisne
1418 950 1714 1009 neminem
1759 952 2001 1025 praeter
2045 968 2138 1009 me
2182 966 2280 1009 res
2327 947 2564 1011 futuras
2595 966 2772 1024 posse

524 1054 926 1132 praedicere?
1013 1051 1170 1112 Illud
1214 1048 1466 1129 παῦροι
1509 1040 1781 1128 μάντιες
1826 1037 2065 1129 ἄνδρες
2110 1052 2308 1128 igitur,
2351 1051 2400 1111 si
2445 1052 2531 1110 ita
2564 1068 2662 1111 res
2707 1068 2772 1109 se

525 1157 807 1233 baberet,
851 1156 925 1215 ab
970 1174 1059 1231 eo,
1107 1155 1269 1232 quod
1313 1154 1532 1232 Apollo
1578 1154 1795 1231 vellet,
1839 1172 2086 1231 prorsus
2128 1153 2390 1213 alienum
2437 1152 2564 1213 fuit.
2651 1152 2770 1212 Sed

523 1274 1033 1336 supervacaneum
1095 1257 1337 1316 videtur
1398 1256 1641 1317 uberius
1703 1256 1778 1315 de
1840 1257 1953 1317 hoc
1998 1274 2174 1316 versu
2237 1256 2580 1334 disputare,
2639 1273 2772 1315 eum

526 1360 801 1421 omnibus
845 1361 1056 1436 opinor
1085 1377 1440 1436 persuasum
1490 1359 1579 1418 sit·
1614 1358 1782 1419 initio
1813 1359 2197 1438 proverbium
2228 1358 2419 1420 fuisse.
2443 1364 2774 1436 posteaque

524 1462 791 1523 fabulam
839 1462 998 1522 illam
1046 1479 1177 1521 esse
1223 1460 1437 1521 fictam.
2459 1444 2468 1455 ’

697 1584 766 1642 ln
794 1581 1248 1658 proverbiorum
1279 1598 1528 1641 numero
1558 1579 1744 1640 fuisse
1775 1583 1952 1640 etiam
1984 1562 2186 1651 οὗτος
2218 1568 2417 1651 ἄλλος
2451 1566 2775 1659 Ἡρακλῆς

525 1704 599 1745 ex
670 1683 1081 1760 compluribus
1142 1683 1497 1743 testimoniis
1557 1686 1809 1744 constat.
1835 1680 1879 1754 ¹)
1985 1683 2170 1745 Cuius
2237 1685 2557 1760 originem,
2619 1701 2775 1759 quae

522 1788 704 1846 variis
752 1786 984 1847 fabellis
1027 1786 1464 1864 illustrabatur,
1508 1786 1585 1845 ad
1618 1786 1954 1863 Apollinem
1987 1786 2346 1864 Delphicum
2391 1780 2796 1847 referendam

525 1908 653 1949 esse
713 1891 827 1949 iam
875 1890 1233 1967 Clearchus,
1296 1889 1633 1949 Aristotelis
1696 1889 2057 1967 discipulus,
2119 1891 2436 1959 memoriae
2480 1887 2775 1966 prodidit:

523 1993 744 2052 Zenob.
778 1994 828 2051 V
862 1987 971 2051 48:
1033 1973 1233 2061 οὗτος
1280 1977 1480 2061 ἄλλος
1514 1980 1844 2070 Ἡρακλῆς
1892 2005 1904 2018 ·
1952 1985 2291 2071 Κλέαρχος
2336 1979 2775 2071 ἐξηγούμενος

524 2085 652 2173 τὴν
722 2089 1094 2173 παροιμίαν
1167 2088 1332 2173 φησὶ
1390 2084 1516 2152 τὸν
1580 2089 1888 2173 Βριαρέω
1956 2082 2385 2172 καλούμενον
2448 2080 2775 2171 Ἡρακλέα

524 2191 755 2255 ἐλθεῖν
803 2189 868 2266 εἷς
901 2186 1205 2271 Δελφούς
1245 2190 1359 2254 καὶ
1393 2186 1690 2270 λαβόντα
1735 2214 1797 2254 τι
1845 2193 1986 2254 τῶν
2033 2189 2171 2255 ἐκεῖ
2210 2190 2576 2275 κειμηλίων
2597 2183 2776 2253 κατά

524 2317 583 2356 τι
634 2288 926 2357 παλαιὸν
972 2289 1133 2367 ἔθος
1179 2286 1461 2377 ὁρμῆσαι
1507 2292 1614 2357 ἐπὶ
1651 2288 1770 2368 τὰς
1805 2286 2209 2377 ἹῙρακλεόυς
2255 2287 2498 2378 στήλας
2529 2295 2772 2356 καλου-

525 2395 728 2478 μένας
772 2394 885 2459 καὶ
929 2397 1070 2460 τῶν
1126 2393 1266 2459 ἐκεῖ
1316 2394 1809 2478 περιγενέσθαι.
1908 2390 2154 2480 Χρόνῳ
2201 2395 2270 2460 ὀὶ
2317 2386 2607 2477 ὕστερον
2651 2389 2773 2459 τὸν

533 2492 775 2579 Τύριον
810 2491 1131 2579 Ἡρακλέα
1160 2496 1393 2560 ἐλθεῖν
1424 2495 1490 2572 ἐς
1522 2493 1826 2576 Δελφούς
1855 2493 2270 2581 χρησόμενον
2304 2501 2401 2580 τῷ
2430 2497 2725 2580 μαντείῳ
2760 2516 2771 2527 ·

524 2596 646 2663 τόν
713 2599 783 2664 δὲ
831 2595 1000 2663 θεὸν
1060 2611 1456 2682 προσειπεῖν
1523 2588 1735 2662 αύτόν
1795 2591 2007 2663 ἄλλον
2055 2593 2380 2682 (Ηρακλέα
2433 2598 2546 2663 καὶ
2591 2590 2773 2681 οῧτῳ

525 2697 649 2783 τὴν
708 2701 1073 2784 παροιμίαν
1132 2704 1473 2784 κρατῆσαι.
1581 2707 1852 2766 Eandem
1917 2708 2205 2784 originem
2262 2708 2593 2767 Pausanias
2636 2725 2771 2784 pro-

524 2809 733 2868 verbio
794 2809 1001 2869 tribuit
1050 2808 1129 2880 [X
1168 2806 1260 2886 13,
1291 2804 1387 2886 8],
1449 2827 1815 2886 quamquam
1875 2810 1932 2869 in
1998 2809 2338 2869 enarranda
2398 2809 2604 2870 fabula
2657 2829 2773 2869 non

524 2911 703 2986 plane
750 2911 1028 2986 congruit
1059 2930 1191 2970 cum
1218 2910 1536 2971 Clearcho:
1585 2905 1844 2989 λέγεται
1881 2905 1949 2969 δὲ
1990 2899 2121 2970 ὑπὸ
2149 2908 2435 2986 Δελφῶν
2470 2899 2778 2990 Ἡρακλεῖ

523 3009 621 3088 τῷ
658 2998 1144 3091 Ἀμφιτρύωνος
1190 3003 1465 3072 ἐλθόντι
1515 3006 1622 3072 ἐπὶ
1671 3003 1749 3072 τὸ
1791 3003 2198 3094 χρηστήριον
2231 3005 2356 3093 τὴν
2394 3005 2774 3094 πρόμαντιν

527 3105 937 3180 Ξενόκλειαν
983 3099 1110 3174 οὐκ
1143 3107 1465 3195 ἐθελῆσαί
1496 3108 1560 3174 οἱ
1590 3114 1761 3194 χρᾶν
1792 3107 1900 3175 διὰ
1931 3114 2054 3174 τοῦ
2089 3101 2335 3192 Ἰφίτου
2377 3107 2500 3176 τὸν
2536 3107 2774 3193 φόνον,

530 3208 652 3276 τὸν
709 3211 779 3276 δὲ
844 3202 1181 3296 ἀράμενον
1243 3208 1365 3277 τὸν
1425 3211 1718 3296 τρίποδα
1777 3212 1851 3278 ἐκ
1911 3217 2033 3277 τοῦ
2095 3216 2265 3278 ναοῦ
2337 3197 2568 3298 ᾦέρειν
2627 3212 2775 3295 ἔξω,

532 3313 750 3378 εἰπεῖν
796 3338 864 3378 τε
914 3310 995 3398 δὴ
1042 3310 1169 3397 τήν
1212 3309 1593 3398 πρόμαντιν
1625 3334 1638 3347 ·

759 3424 964 3507 ἄλλος
1011 3423 1114 3516 ἄρ’
1149 3427 1505 3517 Ἡρακλέης
1560 3430 1917 3516 Τιρύνθιος
1963 3426 2112 3519 ούχὶ
2157 3432 2538 3515 Κανωβεύς.

527 3547 868 3633 πρότερον
908 3547 1032 3636 γὰρ
1065 3549 1158 3616 ἔτι
1194 3546 1231 3615 ὁ
1262 3549 1632 3636 Αἰγύπτιος
1665 3548 1986 3638 Ἡρακλῆς
2017 3546 2297 3636 ἄφίκετο
2332 3555 2398 3631 ές
2432 3553 2730 3638 Δελφούς
2761 3608 2775 3623 .

527 3648 677 3718 τότε
751 3653 821 3717 δὲ
892 3646 929 3718 ὁ
980 3644 1475 3738 Ἀμφιτρύωνος
1538 3651 1662 3719 τόν
1728 3680 1796 3720 τε
1869 3658 2159 3740 τρίποδα
2237 3648 2611 3724 ἀποδίδωσι
2677 3662 2774 3742 τῷ

526 3746 879 3820 Ἀπόλλωνι
927 3756 1040 3820 καὶ
1084 3753 1268 3842 παρὰ
1312 3760 1428 3841 τῆς
1460 3759 1862 3834 Ξενοκλείας
1908 3753 2128 3824 ὁπόσα
2175 3759 2391 3824 ἐδεῖτο
2430 3756 2768 3843 ἐδιδάχθη.

528 3863 709 3924 Vides
763 3865 968 3942 igitur,
1023 3866 1124 3942 qui
1170 3865 1352 3925 totius
1396 3866 1633 3925 fabulae
1679 3866 1813 3926 sous
1859 3869 2170 3930 habendus
2215 3869 2316 3927 sit:
2377 3869 2591 3944 Delphi
2639 3886 2770 3943 pro-

526 3966 733 4026 verbio
779 3966 883 4026 illo
930 3967 1019 4026 usi
1068 3967 1561 4046 eam-finxerunt.
1653 3970 1860 4029 Utrum
1909 3971 2084 4029 etiam
2147 3988 2387 4046 versus,
2449 3970 2550 4045 qui
2609 3970 2770 4046 apud

695 4233 736 4298 ¹)
770 4230 843 4284 cf.
880 4230 1121 4287 Leutsch
1159 4231 1229 4285 ad
1266 4232 1511 4302 Diogen.
1550 4233 1683 4287 153.
