3166 4871
591 273 711 338 158
1586 270 1848 327 zacher

585 448 757 510 medii
804 449 934 510 aevi
979 450 1336 529 hellebarte,
1394 451 1750 510 rusticorum
1811 453 2015 511 nostro
2059 455 2327 528 tempore
2373 466 2596 511 morem
2645 449 2834 510 hostis

583 552 829 614 arcendi
872 551 1128 614 falcibus
1171 554 1232 615 in
1278 554 1524 614 baculos
1569 553 1863 631 impositis
1907 544 2439 627 (sensenmanner).

755 660 1195 734 σαγηναϊος
1240 651 1486 729 (λίνον)
1531 655 1716 715 Anth.

754 762 1102 835 σειραῖος
1146 749 1398 831 (ἱππος,
1442 747 1710 836 βρόχος)
1754 757 1938 835 Trag.

756 858 1174 939 σεληνατος
1245 849 1420 936 (νύξ)
1494 879 1657 921 orac.
1720 880 1815 938 ap.
1881 861 2021 921 Hdt.
2085 891 2171 901 —
2236 853 2644 940 Σεληναίη
2717 877 2830 938 pro

583 951 850 1041 Σελήιη
895 961 1142 1040 Emped.
1187 963 1329 1022 Eur.
1375 963 1478 1022 Ar.
1525 963 1675 1022 Plat.
1722 963 1834 1040 Ap.
1878 963 1988 1023 Rh.
2032 963 2232 1023 Nonn-
2282 961 2462 1022 Anth.
2509 961 2657 1021 Luc.

752 1057 864 1124 59.
953 1062 1550 1142 προσελαναῑος
1594 1068 1686 1125 est
1728 1064 1789 1124 in
1837 1064 2173 1143 fragmento
2217 1068 2432 1141 poetae
2462 1062 2634 1139 lyrici
2668 1062 2830 1140 quod

582 1165 993 1228 Schneidewin
1056 1164 1242 1226 edidit
1287 1167 1499 1227 Philol.
1545 1169 1594 1244 l,
1637 1163 1753 1223 421
1794 1165 1926 1245 sqq'.
1980 1166 2244 1227 Pindaro
2286 1165 2575 1226 tribuens.
2663 1164 2829 1225 Diffi-

583 1269 695 1328 cile
740 1274 854 1346 est,
898 1271 983 1329 ait
1022 1269 1149 1347 ille,
1208 1269 1723 1347 distinguendum,
1783 1288 1938 1347 quae
1981 1269 2185 1329 fabula
2228 1269 2307 1329 de
2350 1267 2551 1346 primo
2588 1268 2828 1330 homine

583 1389 728 1431 vera
788 1373 889 1449 sit,
961 1376 1159 1432 utrum
1221 1372 1676 1433 Alalcomeneus
1741 1373 1966 1449 primus
2037 1371 2244 1449 fuerit,
2314 1390 2391 1432 an
2453 1370 2830 1448 Corybantes

582 1472 847 1552 Phrygii,

668 1568 808 1634 αἵτε
854 1574 1353 1655 προσελαναϊον
1403 1561 1706 1656 Ἀρκαδία
1751 1572 1902 1636 δῖον
1946 1565 2322 1654 Πελασγόν,

667 1673 1049 1757 Παρρασὶας
1093 1664 1408 1760 οἰκήτορ’,
1451 1666 1492 1759 ἢ
1536 1674 1828 1739 Δίαυλον
1870 1663 2148 1749 Ἐλευσὶς
2193 1724 2206 1736 .
2256 1723 2269 1736 .
2319 1724 2331 1736 .
2381 1670 2731 1737 ἐτέκνωσε.

582 1781 652 1839 In
698 1779 828 1840 cod.
874 1785 1004 1841 est:
1059 1775 1186 1840 εἴτε
1233 1771 1404 1860 πρὸς
1450 1780 1810 1862 σεληναῖον
1855 1766 2133 1860 Ἀρκάδα
2175 1768 2626 1858 διαπελασγὸν
2670 1764 2826 1858 ἦρα-

581 1877 775 1962 ρυὶας
840 1873 1176 1963 οἰκήτορα.
1289 1883 1384 1945 Ad
1451 1883 1600 1943 baec
1666 1882 1940 1946 Schneid.
2004 1902 2063 1960 p.
2111 1879 2263 1941 428:
2336 1881 2518 1961 „Quo
2584 1883 2825 1943 nomine

581 1975 1028 2065 προσελήνων
1091 1987 1359 2063 aequalis
1425 1986 1554 2047 fere
1616 1986 1861 2046 Pindari
1923 1986 2155 2064 Hippys
2215 1984 2523 2062 Rheginus
2592 1985 2825 2063 primus

582 2088 801 2149 dicitnr
843 2107 1092 2149 vocasse
1137 2089 1432 2167 Arcades,
1475 2088 1557 2150 St.
1603 2090 1745 2167 Byz.
1791 2105 1835 2148 s.
1865 2107 1924 2147 v.
1968 2072 2211 2165 Ἀρκάς.
2298 2089 2529 2166 Nempe
2584 2087 2823 2147 univer·

582 2208 705 2250 sam
765 2194 1033 2268 gentem,
1090 2197 1373 2268 tanquam
1435 2192 1579 2251 luna
1638 2192 2051 2268 antiquiorem.
2138 2188 2324 2267 Origo
2382 2191 2510 2251 eius
2568 2189 2825 2250 nominis

582 2293 832 2352 multum
876 2292 1180 2353 facessivit
1224 2293 1448 2370 negotii
1481 2312 1618 2353 cum
1662 2294 1964 2354 veteribus
1994 2292 2390 2370 grammaticis
2423 2297 2483 2354 et
2509 2291 2825 2370 historicis,

581 2413 638 2455 v.
682 2394 885 2457 scholl.
938 2395 1052 2476 Ap.
1105 2396 1215 2456 Rh.
1259 2397 1367 2475 IV,
1412 2391 1564 2476 264,
1623 2401 1748 2458 tum
1809 2395 2203 2475 nostratibus,
2265 2413 2519 2472 quorum
2582 2392 2823 2474 quidem

582 2497 887 2558 arbitrium
935 2517 1096 2559 nunc
1142 2517 1212 2558 eo
1258 2498 1546 2560 inclinare
1591 2499 1842 2578 videtur,
1887 2504 1952 2561 ut
1997 2500 2100 2576 qui
2146 2503 2283 2559 ante
2328 2499 2609 2560 Hellencs
2642 2498 2822 2558 Arca-

583 2599 739 2660 diam
786 2601 1107 2678 tenuerint,
1149 2601 1570 2680 intelligendos
1615 2601 1882 2681 credant,
1925 2602 2113 2664 veluti
2156 2602 2268 2678 ipsi
2298 2600 2447 2662 God.
2475 2601 2822 2662 Hermanno

577 2703 772 2762 visum
804 2706 895 2763 est
923 2703 983 2763 in
1018 2704 1515 2764 commentatione
1546 2704 1623 2765 de
1653 2704 1889 2766 Graeca
1918 2704 2191 2765 Minerva
2231 2723 2291 2782 p.
2324 2699 2419 2763 14.
2506 2703 2825 2765 Veteribus

581 2804 933 2882 quibusdam
970 2798 1379 2884 προσέληνοι
1412 2790 1713 2885 Αρκάδες
1744 2805 2107 2867 videbantur
2135 2805 2277 2866 dicti
2324 2793 2553 2883 ἐπειδὴ
2601 2799 2824 2864 λοιδο-

578 2900 845 2985 ρητικοί
889 2900 1032 2981 εἰσι,
1076 2927 1131 2967 v.
1170 2907 1356 2968 schol.
1385 2909 1605 2970 Aesch.
1635 2928 1730 2987 ap.
1775 2910 1867 2970 Et.
1897 2909 1974 2969 M.
2018 2903 2162 2985 690,
2212 2903 2286 2966 13
2336 2901 2817 2988 [Προσέληνοι·

577 3007 1031 3087 προυσελλεῖν
1073 3004 1338 3089 λέγουσι
1384 3001 1464 3070 τὸ
1525 2991 1851 3091 ἱβρῖζειν·
1909 3004 2023 3069 καὶ
2083 3001 2149 3068 οἱ
2202 2995 2531 3089 Ἀρκάδες,
2591 2999 2820 3088 ἐπειδὴ

581 3102 1041 3191 λοιδορητικὸὶ
1103 3105 1302 3172 εἰσιν·
1362 3098 1580 3185 οὕτως
1640 3106 1713 3173 ἐν
1774 3101 2201 3193 ὑπομνήματι
2246 3105 2667 3193 Προμηθέως
2722 3107 2823 3172 δε-

580 3211 814 3291 σμῶν],
858 3233 1070 3293 nempe
1116 3235 1249 3276 cum
1281 3216 1466 3277 verbo
1497 3214 1896 3296 προυσελεῑν
1928 3219 2297 3294 comparant,
2340 3213 2506 3293 quod
2536 3219 2598 3275 et
2627 3215 2819 3292 ipsum

577 3317 817 3393 ingenia
875 3317 1183 3378 doctorum
1248 3319 1636 3378 vehementer
1700 3319 1994 3394 exercuit,
2063 3337 2119 3378 v.
2177 3321 2417 3395 praeter
2476 3317 2820 3378 Buttmanni

579 3421 778 3477 notam
841 3417 1330 3498 disputationem,
1392 3439 1549 3497 quae
1603 3421 1702 3480 Fr.
1746 3420 1817 3481 V.
1858 3419 2231 3481 Fritzschius
2287 3437 2484 3498 nuper
2540 3417 2825 3480 disseruit

578 3518 656 3579 ad
700 3521 847 3580 Rau.
891 3540 947 3581 v.
994 3519 1133 3583 730.
1180 3514 1313 3602 [qui
1361 3522 1508 3583 nihil
1552 3522 1694 3584 novi
1740 3523 1957 3601 attulit,
2001 3522 2266 3600 nihilque
2311 3522 2472 3600 quod
2520 3522 2821 3583 mentione

579 3622 823 3699 dignum
870 3614 1109 3705 effecit}
1195 3626 1344 3687 Utut
1390 3630 1498 3702 est,
1543 3625 1841 3686 Pindarus
1887 3643 2003 3686 non
2035 3624 2240 3686 dubito
2273 3625 2418 3703 quin
2450 3642 2584 3685 cum
2613 3624 2820 3702 pleris-

578 3744 697 3803 que
740 3726 885 3786 luna
929 3727 1315 3788 vetustiorem
1362 3726 1699 3805 significare
1744 3728 1999 3789 voluerit
2042 3728 2362 3806 Pelasgum
2420 3718 2655 3788 suum“.
2741 3728 2824 3788 Ut

577 3829 832 3907 primum
892 3827 968 3891 de
1032 3830 1269 3890 illorum
1338 3832 1639 3891 sententia
1701 3830 1997 3910 dicamus,
2059 3831 2160 3907 qui
2220 3818 2685 3908 προσελήνους
2745 3828 2821 3888 ad

578 3932 828 3992 verbum
890 3930 1295 4012 προυσελεῖν
1351 3932 1746 4011 revocabant,
1807 3951 1982 3994 nemo
2039 3933 2153 3993 erit
2204 3933 2348 4011 quin
2404 3933 2677 4010 inspecta
2718 3932 2825 3991 illa

575 4033 914 4111 Etymologi
974 4035 1175 4112 glossa
1235 4034 1549 4096 confestim
1610 4034 1837 4113 videat,
1896 4035 2063 4115 illos,
2123 4039 2191 4096 ut
2241 4035 2504 4113 saepius,
2573 4033 2823 4095 fortuita

577 4136 832 4214 quadam
897 4135 1224 4197 formarum
1297 4137 1683 4198 similitudine
1739 4141 2073 4216 permotos,
2136 4137 2212 4197 ad
2254 4137 2554 4198 vocabula
2596 4134 2823 4213 signifi-

575 4237 808 4299 catione
851 4239 1030 4316 plane
1076 4239 1272 4301 aliena
1316 4240 1695 4301 concilianda
1737 4240 1999 4318 ineptam
2029 4240 2137 4301 sibi
2170 4240 2330 4320 ipsos
2358 4237 2602 4300 finxisse
2633 4238 2823 4319 expli-
