3166 4871
1152 232 1238 289 De
1275 234 1477 289 nomin.
1513 234 1571 288 in
1607 252 1772 300 -αιος,
1834 239 1865 299 ,ξ
1902 240 1981 290 78.
2552 243 2676 304 235

643 396 717 483 ὃς
761 398 822 470 δ’
865 399 950 471 ἂν
992 399 1382 491 ὑπερβάλλῃ
1427 402 1667 482 πόσιος
1708 407 1977 492 μέτρον,
2023 402 2249 474 οὐκέτι
2294 422 2515 487 κεῖνος

741 512 861 594 τῆς
905 502 1132 574 αυτοῦ·
1164 504 1468 594 γλώσσης
1514 505 1837 595 καρτερὸς
1883 502 2039 576 οὐδὲ
2090 507 2288 577 νόου·

637 614 950 695 μυθεῖται
996 601 1056 675 δ’
1099 600 1550 711 ἀπάλαμνα,
1605 606 1688 676 τὰ
1734 607 1981 696 νήφοσι
2025 614 2279 697 γίνεται
2325 610 2637 700 αἰσχρά,

741 713 1084 778 αἰδεῖται
1130 703 1188 777 δ’
1235 702 1464 799 ἔρδων
1497 702 1764 793 ουδέν,
1810 705 1978 779 ὅταν
2019 711 2259 799 μεθύῃ.

423 857 711 921 Similiter
755 858 866 915 nisi
915 855 1090 915 fallor
1133 855 1331 917 Solon.
1377 856 1449 916 fr.
1481 852 1560 912 27
1608 853 2069 933 ng.[3],12:

637 989 717 1070 τῇ
762 976 822 1050 δ’
868 981 1023 1069 ἕκτῃ
1072 980 1416 1070 [ἑβδομάδι
1463 983 1665 1065 ἐτῶν]
1713 986 1867 1069 περὶ
1911 982 2136 1052 πάντα
2182 984 2622 1072 καταρτύεται

1924 1144 1929 1151 .
2005 1085 2162 1166 νόος
2207 1080 2473 1175 ἀνδρός,

737 1181 889 1256 οὐδ’
936 1187 1152 1275 ἕρδειν
1197 1181 1302 1256 ἔθ’
1348 1183 1527 1268 ὁμῶς
1573 1182 2179 1276 ἔργ”άπάλαμνα
2225 1192 2435 1273 θέλει,

423 1337 467 1395 i.
499 1354 553 1395 e.
595 1334 867 1413 puerilia,
911 1312 1139 1411 ineptaJ
1179 1338 1247 1394 ut
1290 1337 1383 1394 est
1423 1353 1517 1411 ap.
1565 1334 1651 1395 Gl.
1697 1334 1791 1395 Al.
1837 1326 1999 1413 ἔργα
2041 1324 2302 1412 μάταια.

601 1437 703 1497 Bis
732 1438 955 1514 legitur
985 1424 1439 1513 άπάλαμος.·
1485 1436 1635 1497 Hsd.
1665 1456 1761 1514 op.
1794 1434 1873 1501 20
1905 1421 1948 1514 ἥ
1977 1455 2051 1496 τε
2099 1432 2211 1496 καὶ
2256 1422 2671 1517 ἀπάλαμόν

421 1557 560 1620 περ
603 1524 784 1617 ὅμως
828 1531 941 1598 ἐπὶ
986 1530 1186 1618 ἔργον
1230 1531 1494 1617 ἐγείρει,
1553 1540 1589 1599 i.
1634 1559 1687 1600 e.
1731 1540 1999 1617 inertem,
2044 1546 2105 1601 et
2149 1541 2319 1601 Pind.
2365 1540 2459 1601 Ol.
2496 1540 2548 1620 1,
2593 1539 2674 1599 59

422 1642 506 1704 ‹le
549 1642 792 1703 Tantali
837 1660 1065 1721 poena:
1127 1632 1258 1718 ἔχει
1303 1625 1365 1699 δ’
1419 1626 1849 1720 ἀπάλαμον.
1894 1636 2046 1715 βίον
2101 1639 2352 1701 τοῦτον
2398 1633 2674 1720 ἐμπεδό-

419 1741 694 1822 μοχθον
752 1745 789 1804 i.
820 1762 869 1805 e.
915 1763 1034 1805 non
1091 1744 1338 1804 inertem
1387 1746 1598 1821 vitam,
1656 1750 1722 1805 ut
1782 1746 2213 1822 interpretatur
2260 1746 2504 1824 Geram,
2566 1747 2671 1807 sed

418 1833 891 1925 intelorabilem,
949 1845 1205 1907 foedam.
1290 1845 1526 1925 Steph.·
1581 1891 1615 1924 ,,
1601 1848 1715 1923 ‚cni
1758 1848 1926 1908 nulla
1972 1851 2101 1907 arte
2145 1849 2271 1908 sive
2317 1866 2433 1925 ope
2479 1850 2673 1910 resisti

421 1954 643 2028 potest,
685 1948 1104 2027 immutabilia,
1146 1941 1622 2025 insuperabilis&

595 2052 813 2113 Similis
870 2051 1229 2129 significatio
1284 2056 1376 2112 est
1434 2053 1710 2113 vocabuli
1766 2041 2311 2130 δυσπάλαμος,
2375 2051 2539 2129 quod
2582 2052 2674 2113 bis

421 2154 590 2232 apud
635 2154 1002 2231 Aeschylum
1047 2156 1366 2232 reperitur.
1455 2156 1622 2216 Eum.
1671 2152 1791 2212 845
1847 2139 1983 2214 άπο
2028 2144 2152 2235 γάρ
2195 2172 2271 2232 με
2320 2151 2518 2233 τιμᾶν
2563 2147 2672 2213 δα-

420 2254 624 2334 ναιᾶν
665 2254 857 2316 θεῶν
903 2245 1318 2334 δυσπάλαμοι
1364 2242 1524 2335 παρ’
1569 2242 1770 2318 ουδὲν
1815 2237 1987 2337 ἦραν
2033 2247 2224 2317 δόλοι
2254 2261 2359 2318 aut
2388 2262 2673 2336 superata

423 2360 699 2423 difficiles
741 2360 1118 2439 intelligendi
1163 2364 1305 2421 sunt
1349 2360 1486 2435 doli,
1529 2380 1687 2438 quae
1734 2367 1828 2421 est
1858 2360 2148 2421 Diudorfii
2192 2362 2510 2440 sententia,
2552 2366 2675 2439 aut,

422 2464 586 2541 quod
647 2464 788 2524 mihi
845 2466 1033 2541 magis
1092 2464 1316 2541 placet,
1377 2463 1562 2540 foedi,
1624 2468 1862 2541 turpes,
1926 2469 1993 2525 ut
2034 2465 2452 2525 Schemannus
2493 2465 2675 2525 inter-

422 2569 699 2644 pretatur
742 2585 924 2644 „urge
958 2561 1107 2626 list“.
1180 2565 1454 2626 Eundem
1487 2567 1663 2628 etiam
1695 2565 1961 2627 adverbii
2003 2555 2449 2643 δυσπαλάμως
2494 2567 2671 2643 signi·

420 2669 663 2730 ficstum
711 2687 841 2730 esse
888 2668 1226 2747 putaverim
1288 2667 1510 2745 (neque
1556 2669 1851 2729 assentior
1892 2668 2214 2729 Dindorfio
2259 2670 2675 2746 interpretanti

418 2773 586 2852 „sine
632 2771 887 2849 auxilio,
931 2771 1255 2848 desperata
1299 2763 1582 2848 salute“),
1628 2772 1675 2830 si
1722 2770 1965 2848 quidem
2028 2777 2190 2832 recte
2249 2770 2535 2832 traditum
2581 2775 2674 2831 est

421 2875 629 2952 Suppl.
676 2869 798 2932 867
848 2861 1301 2951 δυσπαλάμως
1348 2860 1559 2931 ὄλοιο.
1654 2872 1841 2933 Valde
1888 2874 2041 2933 enim
2090 2877 2436 2951 corruptum
2483 2879 2673 2934 totum

421 2978 585 3037 hunc
631 2978 829 3037 locum
875 2995 1006 3037 esse
1053 2983 1307 3054 constat,
1358 2981 1417 3035 et
1460 2976 1783 3037 scholiasta
1828 2993 2010 3053 quum
2058 2975 2219 3035 dicat
2262 2973 2471 3035 τοῦτο
2500 2968 2674 3057 .ἰδίᾳ,

421 3064 784 3150 εὖκτικῶς·
838 3066 1030 3138 ὄλοιο
1078 3059 1204 3138 οὖν
1250 3068 1374 3138 σὺν
1420 3084 1562 3150 ταῖς
1608 3084 1754 3148 σαῖς
1797 3082 2118 3157 μηχαναῖς
2172 3080 2389 3155 legisse
2436 3077 2674 3138 videtur

419 3172 548 3241 σὺν
583 3171 924 3260 παλάμαις
968 3180 1069 3251 (cf.
1100 3182 1286 3242 schol.
1320 3182 1518 3242 Prom.
1558 3177 1673 3238 166
1699 3183 1747 3240 Β
1792 3169 2095 3261 παλάμᾳ“
2140 3177 2417 3259 μηχανῇ.
2463 3177 2671 3238 παλα-

417 3281 676 3361 μᾶσθαι
744 3274 867 3362 γὰρ
935 3274 1033 3344 τὸ.
1079 3280 1565 3364 μηχανᾶσθαι),
1641 3283 1803 3361 quod
1879 3286 2241 3358 receperunt
2309 3283 2370 3342 in
2442 3285 2671 3342 textum

418 3387 868 3448 Heimsoethius
917 3393 978 3448 et
1017 3384 1440 3449 ¹Obsi-dicitius.
1513 3387 1717 3463 Atque
1762 3385 1877 3445 hoc
1924 3403 2043 3446 non
2087 3384 2375 3445 absonum
2423 3387 2672 3463 propter

418 3478 759 3567 παλάμαις
781 3508 836 3549 v.
860 3485 1002 3548 865.
1058 3489 1396 3567 Hesychius
1420 3476 1859 3566 δυσπάλαμον
1884 3488 2315 3565 interpretatur
2347 3480 2671 3566 δυσχερές,

420 3581 854 3669 κακότεχνον.
2098 3642 2102 3646 .

591 3696 843 3756 Veteres
890 3678 1283 3772 ἀπάλαμνος
1328 3694 1687 3770 plerumque
1731 3711 1768 3751 a
1796 3681 2071 3771 παλάμη
2101 3694 2199 3752 vel
2227 3689 2671 3771 παλαμᾶσθαι

420 3796 726 3876 derivant,
789 3814 1015 3874 eosque
1073 3797 1442 3858 recentiores
1500 3794 1630 3856 fere
1690 3813 1896 3855 omnes
1953 3795 2143 3855 secuti
2188 3799 2357 3874 sunt,
2416 3781 2670 3856 eandem

419 3901 713 3962 rationem
757 3902 915 3960 inter
958 3883 1353 3984 ἀπάλαμνος
1395 3903 1456 3959 et
1501 3882 1850 3976 άπάλαμος
1895 3879 2271 3958 intercedere
2301 3897 2670 3958 affirmantes

419 4021 596 4080 quam
644 4002 800 4062 inter
845 3991 1196 4079 νώνυμνος
1242 4005 1303 4062 et
1346 3988 1722 4079 ἀνώνυμος,
1768 3995 2084 4078 δίδυμνος
2133 4004 2192 4061 et
2224 3993 2517 4077 δίδυμος.
2592 3999 2672 4058 At

417 4106 676 4184 primum
733 4094 1147 4183 νώνυμνος
1202 4124 1320 4166 non
1369 4123 1440 4164 ex
1490 4088 1843 4181 ἀνώνυμος
1888 4102 2222 4186 derivatum
2270 4106 2385 4178 cst,
2443 4102 2547 4162 sed
2595 4119 2668 4160 ex

420 4213 496 4269 st.
539 4193 800 4286 όνομαν
845 4226 1000 4286 qnae
1045 4208 1104 4268 in
1151 4192 1515 4284 όνομαὶνω,
1573 4208 1677 4267 lat.
1720 4221 1960 4282 nomen,
2020 4223 2133 4266 scr.
2178 4200 2425 4275 naman,
2469 4202 2671 4263 theod.
