3166 4871
1043 308 1130 362 De
1166 307 1369 363 nomin.
1405 308 1460 364 in
1496 327 1661 373 -αιος,
1731 311 1764 378 ξ
1800 312 1882 362 82.
2462 316 2586 377 255

335 485 629 563 populum
689 486 1057 565 Aegyptium
1119 485 1703 568 μελανοσυρμαῖον
1765 476 1943 547 λεών
1999 493 2306 562 vocarent,
2366 490 2414 548 si
2475 489 2591 549 hoo

342 588 700 649 vocabulum
748 607 822 648 ex
869 590 1077 667 lingua
1120 592 1478 668 aegyptiaca
1522 595 1823 669 sumptum
1862 594 2039 670 esset,
2087 610 2205 652 non
2236 596 2441 668 posset
2470 611 2589 657 nou

338 691 398 751 in
444 690 624 752 huius
670 691 913 769 liuguae
957 694 1358 754 monumentis
1403 712 1562 771 quae
1606 693 1780 753 nobis
1824 699 2063 754 servata
2109 700 2255 755 sunt
2292 712 2587 772 persaepe

313 812 682 867 ,θῦσαι-τοτε.
785 795 998 872 Itaque
1060 814 1245 874 quum
1305 797 1715 874 Aegyptologi
1785 797 1895 876 ipsi
1940 796 2086 858 feius
2144 798 2408 858 notitiam
2469 816 2589 858 non

338 895 602 956 babeant
646 898 977 975 certiorem,
1020 899 1150 959 veri
1191 899 1442 959 similius
1489 905 1601 975 est,
1644 898 1933 961 Graecam
1979 917 2111 960 esse
2151 918 2379 978 vocem,
2422 917 2591 978 prae-

339 998 548 1060 sertim
593 1018 777 1076 qunm
823 1001 1001 1061 etiam
1044 1000 1445 1062 hordeaceum
1492 1000 1643 1063 illud
1690 1001 2121 1078 Aegyptiorum
2179 1002 2387 1062 vinum
2430 1003 2591 1080 quod

339 1103 456 1179 ipsi
511 1101 630 1181 Ifeq
685 1103 980 1165 vocabant
1022 1122 1059 1163 a
1103 1104 1350 1164 Graecis
1395 1103 1627 1167 Graeco
1687 1104 1982 1167 vocabulo
2044 1093 2290 1179 ζύθος
2347 1102 2411 1179 (a
2464 1105 2591 1165 rad.

325 1205 448 1279 ,ίαν
490 1224 646 1283 quae
692 1206 752 1265 in
800 1193 960 1280 ζειά,
1006 1190 1139 1283 ἤια,
1185 1205 1260 1265 of.
1306 1224 1489 1284 supra
1534 1225 1594 1283 p.
1626 1203 1731 1278 70)
1777 1205 2201 1282 appellaretur.
2288 1206 2405 1268 Sed
2444 1224 2590 1283 quo-

341 1308 520 1369 modo
568 1302 854 1387 συρμαίη
900 1307 1318 1385 explicandum
1363 1308 1459 1385 sit,
1503 1307 1647 1367 mihi
1692 1309 1870 1385 plane
1899 1309 2168 1385 ignotum
2200 1313 2309 1369 est.
2381 1309 2590 1369 Solent

340 1429 474 1470 eam
508 1428 718 1470 vocem
747 1428 1036 1470 revocare
1059 1410 1134 1473 ad
1166 1399 1433 1489 συρμός,
1464 1410 1627 1487 quod
1645 1410 1719 1472 de
1746 1411 1969 1471 vomitu
2004 1416 2356 1489 usurpatum
2383 1411 2593 1472 dieunt

321 1512 507 1589 ,apud
551 1511 806 1573 Nicand.
852 1512 1004 1573 alex.
1034 1509 1190 1572 256:

551 1645 679 1707 τοῦ
726 1643 841 1707 καὶ
884 1596 1551 1728 ἑπισχομένοιοὶπερὶ
1597 1638 1932 1727 στόμαχον
1973 1640 2180 1729 βάρος
2225 1641 2344 1725 ἵζει

550 1746 833 1829 πρῶτον
878 1740 1351 1829 ἐρεπτόμενον,
1395 1744 1752 1829 μετέπειτα
1796 1746 1867 1810 δὲ
1915 1746 2127 1829 λοιγέι
2173 1749 2403 1832 συρμῷ

551 1841 825 1932 ῥιζόθεν
870 1843 1282 1926 ἓλκωθέντα,
1327 1843 1544 1912 κακὸν
1590 1839 1650 1912 ‹5'
1695 1838 2039 1933 α’ποήρυγε
2085 1848 2323 1933 δειρῆς.

307 1990 460 2068 ‚Sed
522 1990 637 2051 hoo
692 1989 871 2050 valde
929 1990 1191 2051 dubium.
1279 1989 1505 2052 Schola
1568 1982 1644 2050 ἐν
1689 1984 1762 2049 δὲ
1804 1987 1887 2067 τῇ
1930 1978 2302 2049 καταπόσει
2349 1983 2593 2050 ἐσθίον

340 2082 474 2151 τὸν
521 2081 859 2172 στόμαχον
905 2086 1019 2152 καὶ
1064 2082 1408 2173 δηγμούς(
1388 2082 1667 2163 ικανοὺς
1695 2086 1992 2172 παρέχον
2021 2083 2228 2173 βάρος
2259 2086 2349 2164 εἰς
2381 2077 2595 2153 αύτὰν

342 2187 622 2274 ἐνίησιν,
660 2187 890 2255 ἔπειτα
922 2190 1235 2279 σφοδρῶς
1266 2178 1475 2254 αὐτὸν
1518 2189 1971 2271 καταξέσαν
2018 2185 2212 2254 ελκοῑ
2237 2192 2595 2269 τοσοῦτον,

342 2281 521 2356 ὥστε
551 2314 724 2356 ποτε
750 2292 872 2378 μὲν
903 2290 1084 2376 ἐμεῖν
1113 2295 1307 2357 κτλ..
1396 2281 2033 2376 .Ανερεπτόμενον,
2080 2283 2294 2376 ἤγουν
2324 2282 2591 2374 ἇνερευ-

340 2389 636 2479 γόμενον
678 2396 762 2478 τῇ
803 2395 1204 2480 περιτρίψει.
1279 2342 1579 2480 Σύρμῷ
1627 2392 1718 2473 δέ,
1763 2396 1846 2477 τῇ
1890 2394 2095 2476 §.cloec
2139 2394 2252 2459 καὶ
2295 2397 2376 2479 τῇ
2421 2385 2591 2461 όλε-

343 2498 546 2584 θρίᾳ
625 2493 900 2562 καύσει
982 2494 1107 2562 τὸν
1179 2492 1515 2581 στόμαχον
1589 2492 2000 2562 ἑλκωθέντα.
2118 2505 2335 2582 Neque
2409 2493 2593 2583 σύρω

345 2623 611 2683 unquam
654 2606 732 2666 de
777 2606 1003 2666 ventris
1039 2606 1406 2684 purgatione
1460 2606 1790 2666 adhibitum
1843 2604 2103 2666 invenio.
2192 2607 2422 2668 Tamen
2467 2607 2594 2667 veri

345 2729 469 2769 non
517 2710 759 2769 omnino
804 2709 1108 2787 dissimile,
1151 2727 1335 2785 quum
1369 2697 1692 2787 σύρεσθαι
1725 2708 1960 2768 dicatur
1989 2708 2281 2786 quidquid
2313 2709 2595 2769 fluetibus

340 2811 641 2889 abripitur
684 2815 745 2871 et
785 2812 1070 2887 trahitur,
1115 2811 1292 2870 etiam
1329 2810 1414 2880 ‚de
1460 2811 1818 2887 purgatione
1860 2810 2158 2871 interdum
2199 2811 2315 2871 hoe
2344 2811 2592 2871 verbum

344 2920 704 2992 usurpatum
736 2931 866 2974 esse
894 2918 956 2973 et
985 2907 1314 2991 συρμαίαν
1358 2912 1573 2973 dietam
1607 2914 1779 2991 quasi
1810 2913 2149 2973 abluentem
2181 2913 2595 2991 abripientem,
2716 2969 2723 2980 ,

345 3021 409 3077 et
451 3015 661 3076 eodem
708 3015 883 3075 modo
928 3014 1241 3075 formatam
1287 3033 1407 3092 qua
1449 3014 1747 3076 voeabula
1790 3033 1976 3093 supra
2018 3014 2052 3085 ξ
2086 3010 2167 3072 78
2210 3019 2483 3077 tractata·

525 3150 873 3224 Φαναῖος
916 3153 976 3212 in
1024 3151 1171 3214 Chio
1216 3151 1414 3212 insula
1457 3151 1682 3230 Apollo
1727 3151 2073 3227 vocabatur,
2119 3154 2274 3211 teste
2317 3150 2595 3228 Hesyeb„

343 3256 423 3316 ab
469 3255 734 3316 eiusdem
779 3255 1013 3315 insulae
1045 3254 1457 3332 promuntorio
1493 3241 1734 3325 Φάναι,
1778 3252 1907 3326 (ubi
1938 3253 2066 3313 eius
2095 3253 2379 3329 templum
2410 3252 2595 3314 fuisse

345 3362 558 3419 narrat
620 3357 813 3418 Strab.
857 3358 1022 3438 XLV,
1075 3348 1233 3434 645)
1300 3340 1435 3415 ἀπὸ
1501 3351 1632 3414 τοῦ
1699 3347 1965 3413 ἐκεῖθεν
2031 3339 2452 3433 ἀναφανῆναι
2513 3351 2595 3431 τῇ

346 3460 565 3542 Λητοῖ
592 3449 714 3540 τὴν
746 3455 990 3538 Δῆλον,
1035 3457 1118 3519 st.
1150 3459 1295 3534 Byz.
1368 3457 1672 3518 Macrobio
1715 3461 1913 3518 autem
1944 3457 2065 3519 Sat.
2101 3455 2152 3536 1,
2190 3455 2263 3515 17
2299 3454 2595 3529 Φαναῖος

345 3565 547 3626 dietus
602 3580 737 3624 esse
780 3562 1050 3639 videtur,
1119 3551 1348 3639 ἐπειδὴ
1408 3554 1720 3636 φαίνεται
1767 3553 1950 3633 νέος,
2008 3560 2151 3639 quia
2194 3561 2287 3621 sol
2327 3560 2595 3637 quotidie

344 3670 604 3729 renovat
631 3684 783 3726 sese.
856 3664 1033 3739 Quod
1078 3664 1217 3724 lieet
1258 3664 1525 3740 ineptum
1571 3663 1667 3742 sit,
1708 3666 1910 3723 tamen
1956 3663 2097 3723 mihi
2140 3680 2382 3740 quoque
2416 3680 2591 3722 voca-

346 3770 556 3831 bulum
603 3788 642 3828 a
684 3762 1050 3843 φαίνεσθαι
1097 3766 1335 3826 videtur
1394 3765 1789 3842 repetendum
1850 3782 1999 3826 esse.
2083 3765 2278 3827 Semel
2322 3764 2597 3877 Iuppiter

344 3874 433 3934 sie
491 3876 749 3932 vocatur
792 3870 935 3930 Eur.
978 3869 1159 3930 Rhes.
1204 3864 1358 3927 355.
1435 3856 1519 3928 σύ
1563 3883 1679 3946 μοι
1737 3856 1908 3939 Ζεὺς
1967 3853 2004 3926 ὁ
2067 3872 2354 3942 φαναῖος
2413 3851 2595 3946 ἥκεις

350 3962 696 4054 διφρεύων
748 3969 1043 4047 βαλιαῖσι
1102 3960 1379 4042 πώλοις.
1470 3971 1616 4031 Mihi
1678 3970 1921 4031 dubium
1978 3989 2098 4030 non
2157 3973 2248 4031 est
2306 3971 2451 4049 quin
2496 3987 2593 4030 eo-

346 4081 594 4156 gnatum
626 4077 706 4136 sit
735 4094 866 4136 oum
898 4063 1112 4150 φανός
1157 4074 1480 4151 splendens
1524 4061 1739 4148 φανός
1781 4071 1979 4133 taeda.
2050 4074 2203 4132 Nam
2246 4091 2592 4150 quanquam

347 4181 501 4241 haee
561 4180 802 4256 longam
862 4177 1088 4239 habent
1131 4194 1193 4250 a,
1253 4176 1455 4236 brevis
1514 4177 1607 4235 est
1662 4176 1724 4235 in
1778 4162 1961 4254 φανή
2006 4173 2201 4234 taeda.
2271 4172 2391 4233 Sed
2443 4191 2594 4250 quo-

349 4281 525 4343 modo
572 4300 649 4341 ex
694 4279 818 4340 rad.
864 4295 1003 4355 φαν
1048 4282 1240 4339 ortum
1287 4278 1364 4338 sit
1406 4283 1713 4354 φαναῖος,
1759 4295 1876 4337 uon
1920 4275 2114 4336 audeo
2159 4273 2509 4351 dijudicare.
