3166 4871
593 281 715 341 378

587 453 761 513 facile
819 458 1099 530 apparet,
1170 451 1444 510 concludi
1512 455 1711 528 potest
1780 453 2116 522 Augustum
2179 450 2384 509 eodem
2450 468 2638 526 ann0‚
2716 466 2838 527 quo

587 561 813 615 turrem
862 572 1180 630 murosque
1227 553 1384 625 fecit,
1427 555 1606 612 etiam
1653 553 1945 611 coloniam
1995 552 2346 611 condidisse.

758 658 916 712 adn.
994 656 1217 716 Caesar
1291 655 1499 713 consul
1574 655 1786 714 iterum
1865 654 2059 714 factus
2134 659 2224 713 est
2295 672 2345 711 a.
2417 658 2555 728 721,
2629 653 2839 712 consul

586 762 824 820 tertium
872 780 922 819 a.
958 764 1098 834 723,
1143 759 1417 818 triumvir
1462 778 1510 818 r.
1543 777 1598 833 p.
1631 777 1678 817 c.
1725 760 1934 816 iterum
1969 757 2084 816 fuit
2128 757 2202 816 ab
2250 776 2299 815 3.
2336 755 2454 817 717
2488 754 2580 815 ad.
2613 774 2666 814 a.
2700 760 2839 815 721.

1611 905 1814 970 Pola.

759 1033 820 1092 C.
854 1034 901 1089 V
948 1051 1002 1107 p.
1033 1036 1088 1092 3.
1179 1030 1383 1089 Polam
1431 1031 1506 1088 ab
1539 1031 1822 1106 Augusto
1871 1029 2186 1096 deductam
2236 1048 2366 1089 esse
2413 1028 2720 1104 colligitur
2765 1046 2838 1086 ex

587 1136 784 1212 plenis
817 1135 1084 1192 coloniae
1118 1132 1454 1191 nominibus
1503 1133 1688 1200 „Iulia
1722 1133 1868 1191 Pola
1901 1133 2195 1191 Pollentia
2226 1131 2651 1205 Herculanea“,
2681 1149 2838 1207 quae

589 1240 980 1296 innotuerunt
1024 1255 1097 1294 ox
1143 1236 1315 1294 titulo
1362 1235 1431 1293 V.
1478 1255 1532 1293 n.
1578 1237 1763 1304 8139,
1822 1235 2051 1306 deinde,
2098 1235 2239 1311 quia
2285 1255 2320 1293 a
2367 1233 2562 1292 Plinio
2610 1233 2841 1292 colonia

589 1340 778 1406 ..Pola
837 1357 989 1414 quae
1057 1356 1217 1396 nunc
1280 1338 1479 1396 Pietas
1535 1336 1728 1396 lulia“
1793 1337 2180 1413 significatur.
2286 1335 2644 1413 Optimeque
2699 1336 2838 1394 huic

590 1442 673 1501 rei
706 1442 1005 1510 convenit,
1051 1439 1211 1517 quod
1261 1442 1318 1499 in
1367 1440 1539 1499 titulo
1585 1459 1639 1499 ιι.
1687 1444 1769 1500 50
1816 1442 2118 1499 invenitur
2163 1440 2435 1498 tribunus
2482 1440 2595 1514 leg.
2629 1438 2843 1505 XXIX,

588 1562 744 1620 quae
778 1542 1140 1603 Caesariana
1186 1561 1259 1601 cx
1305 1560 1508 1600 earum
1555 1560 1804 1601 numero
1851 1541 1978 1612 fuit,
2025 1560 2178 1619 quae
2224 1545 2362 1600 ante
2407 1560 2458 1600 a.
2508 1545 2627 1601 727
2676 1543 2840 1599 certe

589 1650 1009 1705 exauctoratae
1074 1651 1212 1704 sunt
1278 1643 1379 1715 (cf.
1424 1645 1691 1703 Momms.
1736 1641 1919 1714 adm).
1994 1673 2077 1683 -
2151 1644 2431 1704 Coloniae
2496 1644 2713 1702 liberta
2779 1643 2836 1701 in

586 1749 755 1808 titulo
786 1768 843 1807 ιι.
866 1751 947 1808 83
979 1747 1320 1824 appellatur
1348 1737 1665 1822 Pollentia,
1697 1752 1762 1805 ut
1794 1746 2163 1813 „Pollentia“
2203 1764 2417 1805 nomen
2451 1746 2837 1823 praecipuum

589 1852 856 1910 coloniae
888 1850 1069 1909 fuisse
1101 1851 1299 1925 possit
1344 1879 1429 1888 —-
1474 1850 1565 1907 Ex
1609 1868 1706 1919 eo,
1753 1849 1920 1924 quod
1966 1850 2202 1908 colonia
2245 1868 2281 1907 a
2311 1850 2506 1908 Plinio
2559 1847 2834 1918 „Pietas“

586 1956 873 2028 vocatur,
933 1951 1132 2027 colligi
1190 1970 1312 2011 non
1375 1956 1572 2028 potest
1632 1951 1699 2010 L.
1745 1952 2068 2010 Antonium
2107 1951 2292 2010 -hanc
2352 1952 2649 2011 coloniam
2704 1969 2840 2009 con-

588 2054 828 2114 didisse.
926 2054 1078 2112 Nam
1141 2071 1503 2131 quamquam
1568 2054 1682 2112 hoc
1743 2072 1957 2112 nomen
2018 2055 2252 2130 accepit
2310 2051 2468 2124 (Dio.
2512 2056 2610 2114 48.
2658 2050 2723 2125 5)
2779 2055 2840 2110 et

586 2175 729 2215 suos
774 2173 1045 2215 nummos
1090 2155 1175 2214 sic
1220 2156 1525 2232 inscripsit
1569 2153 1671 2226 (cf.
1718 2154 1912 2214 Ekhel
1956 2156 2029 2213 D.
2076 2156 2151 2214 N.
2199 2159 2235 2216 6
2283 2173 2338 2231 p.
2382 2152 2516 2231 42),
2578 2159 2647 2214 ut
2690 2154 2839 2214 haec

587 2275 686 2317 res
743 2259 964 2318 amoris
1026 2257 1325 2344 fraternae
1406 2257 1954 2333 splendidissimum
2028 2258 2428 2317 testimonium
2507 2260 2842 2334 exsisteret,

586 2365 782 2420 tamen
846 2361 993 2419 haec
1048 2360 1286 2435 pietatis
1344 2366 1403 2420 et
1448 2359 1807 2419 concordiae
1855 2360 2151 2419 vocabula
2196 2379 2234 2420 a
2277 2360 2603 2420 triumviris
2648 2360 2839 2419 solam

586 2463 660 2525 ob
707 2483 835 2523 eam
883 2480 1120 2522 causam
1169 2463 1307 2522 data
1351 2481 1483 2522 esse
1530 2463 1922 2522 existimanda
1969 2469 2135 2540 sunt,
2189 2467 2255 2522 ut
2299 2482 2506 2523 eorum
2553 2463 2838 2539 optimum

586 2583 941 2625 consensum
988 2567 1047 2623 in
1092 2565 1273 2624 rebus
1318 2564 1657 2624 domesticis
1704 2564 2193 2623 demonstrarent
2240 2563 2338 2638 (cf.
2386 2561 2842 2635 Beneventum).

1529 2710 1901 2777 Cremona.

757 2837 816 2897 C.
847 2839 897 2895 V
942 2857 1000 2914 p.
1046 2841 1189 2898 413.
1267 2839 1602 2913 Augustum
1651 2838 1958 2897 veteranis
2006 2838 2130 2897 suis
2189 2840 2247 2897 in
2297 2838 2624 2913 Cremona,
2680 2855 2840 2913 quae

585 2942 718 3016 lege
746 2941 895 3000 Iulia
919 2941 1304 3017 municipium
1337 2940 1560 3000 factum
1597 2947 1746 3017 erat,
1777 2960 1955 3018 agros
1987 2941 2266 3001 divisisse
2291 2941 2525 3000 Probus
2557 2942 2614 3000 in
2634 2959 2842 3000 comm.

585 3043 661 3102 ad
725 3044 915 3119 eclog.
976 3062 1029 3119 p.
1083 3049 1118 3103 6
1182 3044 1404 3102 retulit.
1528 3043 1678 3103 Inde
1738 3043 2031 3104 Cremona
2088 3045 2326 3103 colonia
2387 3048 2637 3103 vocatur
2690 3047 2749 3101 et
2805 3061 2844 3101 a

584 3146 796 3205 Tacito
860 3145 911 3203 h.
970 3149 1025 3203 3.
1075 3150 1153 3205 32
1218 3149 1276 3203 et
1335 3164 1371 3203 a
1428 3146 1722 3205 Strabone
1772 3147 1819 3203 V
1875 3165 1931 3222 p.
1979 3151 2099 3207 206
2169 3151 2227 3206 et
2280 3166 2316 3204 a
2359 3146 2514 3205 Plut.
2561 3138 2738 3205 Otho.
2787 3150 2844 3205 7.

585 3280 667 3287 --
714 3250 780 3307 In
827 3248 999 3307 titulo
1046 3267 1103 3307 ιι.
1159 3252 1321 3308 4191
1384 3250 1689 3308 invenitur
1752 3249 1916 3307 miles
1965 3249 2076 3323 leg.
2123 3250 2178 3307 X
2223 3251 2534 3308 Veneriae.
2581 3283 2662 3291 —
2711 3248 2842 3307 Vir-

584 3352 725 3425 gilio
790 3350 1005 3409 bonum
1068 3368 1239 3409 suum
1303 3351 1707 3411 Cremonense
1769 3352 1843 3411 ab
1912 3351 2173 3425 Augusti
2235 3350 2521 3410 militibus
2579 3352 2840 3410 ablatum

585 3471 718 3513 esse
762 3454 1132 3512 notissimum
1180 3457 1287 3511 est.

1568 3600 1850 3665 Brixia.

756 3728 818 3788 C.
868 3729 914 3785 V
961 3746 1019 3803 p.
1064 3730 1206 3788 439.
1295 3729 1377 3786 In·
1437 3728 1607 3786 titulo
1668 3727 1928 3802 Augusti
1987 3732 2256 3805 tempore
2322 3728 2546 3804 scripto
2607 3728 2844 3787 colonia

496 3846 501 3851 ·
584 3832 921 3890 nominatur
948 3827 1023 3906 ¹);
1067 3830 1310 3906 plenum
1343 3847 1558 3887 nomen
1591 3830 1702 3888 col.
1726 3832 1882 3905 Aug.
1916 3830 2106 3889 civica
2137 3831 2357 3905 Brixia,
2389 3830 2552 3907 quod
2585 3831 2846 3890 innotuit

582 3952 656 3991 ex
703 3931 876 3991 titulo
922 3951 976 3990 n.
1007 3934 1204 4008 4212,
1266 3931 1525 4006 aliquam
1571 3950 1697 3991 rem
1745 3931 2088 4008 significare
2139 3931 2410 4010 videtur,
2469 3951 2590 4009 qua
2634 3931 2845 3992 Brixia

759 4166 800 4230 ¹)
833 4160 900 4216 V.
936 4178 990 4215 ιι.
1029 4166 1186 4215 4307:
1226 4161 1406 4215 Divus
1444 4161 1751 4229 Augustus
1783 4163 1791 4228 Ι
1826 4162 1912 4215 Ti.
1950 4163 2156 4216 Caesar
2192 4163 2310 4216 divi
2353 4161 2609 4231 Augusti
2646 4160 2684 4215 f.
2720 4162 2856 4217 divi·

583 4264 638 4303 ιι.
669 4250 678 4316 Ι
710 4249 1002 4317 Augustus
1033 4249 1043 4316 Ι
1074 4263 1249 4316 aquas
1284 4249 1341 4301 in
1378 4247 1646 4301 coloniam
1679 4249 1688 4319 Ι
1723 4249 2133 4317 perduxerunt.
