3166 4871
2551 237 2675 300 303

600 410 1040 490 &putantibus
1104 411 1288 488 igitur
1353 410 1521 473 nobis
1589 410 1965 473 Aristotelem
2040 412 2098 470 in
2172 416 2304 473 arte
2377 411 2680 473 rhetorica

430 513 691 575 virorum
737 511 1059 591 proborum
1108 512 1505 575 calamitatem
1553 514 1807 583 maxime
1851 514 2252 577 miserabilem
2291 531 2425 574 esse
2456 513 2679 593 dicere,

428 616 491 676 in
536 616 771 693 poetica
810 604 1086 695 μιὰρόνς
1146 616 1517 694 eandemque
1561 616 1684 677 illic
1726 616 1967 693 quidem
2014 621 2233 685 metum
2279 633 2537 696 movere,
2581 617 2678 678 hic

426 707 671 797 μιαρόν
716 735 883 780 esse:
929 717 1109 781 facile
1148 737 1445 796 apparere
1489 736 1707 783 censeo
1752 719 2135 781 Aristotelem
2159 719 2239 779 ‘in
2279 722 2409 780 arte
2438 718 2678 797 poetica

428 821 616 887 verba
656 821 761 881 illa
805 810 986 893 ἔλεος
1030 824 1093 882 et
1133 809 1348 897 φόβος
1392 822 1757 900 emphatice,
1809 826 1878 882 nt
1931 823 2012 882 ita
2063 822 2283 900 dicam,
2337 836 2678 900 usurpasse,

429 929 497 986 ut
539 924 660 985 sint
704 924 864 989 iusta
905 924 1001 983 vel
1046 927 1212 985 recta
1252 924 1679 1004 misericordia,
1722 925 1915 985 iustus
1960 928 2183 985 metus:
2243 924 2406 1001 quod
2451 929 2676 987 utrum-

430 1045 548 1104 que
592 1026 848 1089 medium
890 1009 1042 1087 illud
1088 1018 1301 1105 refert,
1346 1027 1441 1089 cui
1490 1045 1727 1105 semper
1767 1025 1972 1087 studet
2013 1026 2411 1105 philosophus
2440 1032 2678 1091 ‘nostem

428 1128 606 1203 Quod
651 1131 703 1190 si
746 1130 1082 1208 statuimus,
1126 1130 1326 1190 omnia
1368 1131 1517 1191 artis
1561 1130 1835 1207 poeticae
1880 1133 1942 1190 et
1969 1129 2304 1191 rhetoricae
2333 1133 2677 1208 praccepta,

428 1232 505 1293 de
548 1233 764 1313 quibus
806 1250 989 1310 supra
1032 1233 1309 1311 diximus,
1350 1232 1569 1310 optime
1613 1233 1771 1293 inter
1809 1230 2280 1309 se'congruunt.
2352 1233 2512 1294 Nm
2540 1251 2674 1293 cnm

430 1337 683 1401 oratoris
725 1335 804 1395 sit
846 1336 1098 1397 affectus
1143 1353 1327 1413 quam
1371 1334 1626 1397 maxime
1671 1339 1873 1412 potest
1914 1352 2175 1413 movere,
2218 1340 2434 1414 poetae
2463 1353 2677 1399 caven-

430 1438 573 1501 dum
616 1438 748 1517 erit,
788 1456 868 1499 ne
911 1436 1153 1499 modum
1195 1424 1499 1501 excedant·
1519 1454 1672 1498 neve
1703 1438 1882 1499 animi
1913 1438 2394 1516 aequabilitatem
2426 1452 2677 1517 prorsus

432 1546 835 1617 corrumpant.
919 1543 1133 1618 Itaque
1178 1541 1230 1601 si
1272 1541 1467 1601 virum
1512 1542 1734 1602 iustum
1778 1558 1853 1602 ae
1882 1541 2136 1617 probum
2172 1542 2306 1603 sine
2331 1540 2458 1601 ulla
2485 1541 2676 1619 ipsius

431 1643 611 1719 culpa
636 1642 970 1705 calamitate
1003 1660 1357 1731 oppressum
1386 1645 1686 1721 proponit,
1727 1644 2111 1707 acerbissimo
2141 1642 2435 1713 afficimur
2467 1643 2674 1706 dolore

428 1746 529 1806 vel
572 1745 754 1806 nimia
796 1745 1222 1809 misericordia.
1307 1747 1526 1823 Neque
1570 1764 1720 1811 vero
1760 1745 1865 1831 diu
1895 1747 2263 1811 miseramur.
2338 1746 2485 1809 Cum
2515 1747 2673 1809 enim

426 1850 693 1928 ipsorum
736 1848 1146 1911 condicionem
1188 1849 1579 1927 respicimus,
1628 1850 1924 1913 maximus
1975 1850 2152 1915 nobis
2201 1848 2409 1913 incidit
2449 1852 2674 1915 metus:

427 1969 565 2013 nam
609 1952 658 2013 si
701 1951 808 2013 tali
854 1952 985 2013 viro
1024 1952 1173 2017 tah'a
1218 1932 1532 2030 accidunt,
1591 1968 1750 2030 quae
1808 1951 1980 2015 nobis
2037 1949 2446 2029 exspectanda
2488 1953 2673 2014 sunt?

428 2054 777 2132 Tantopere
820 2058 1021 2115 autem
1062 2058 1397 2117 metuentes
1442 2042 1734 2134 (σφόδρα
1769 2041 2207 2132 φοβούμενοι)
2252 2054 2522 2117 miserari
2551 2070 2674 2117 nou

428 2156 771 2236 possumus,
833 2174 969 2219 cum
1028 2160 1157 2217 tota
1213 2175 1381 2219 mens
1442 2160 1740 2234 occupate
1802 2157 1882 2217 sit
1938 2160 2142 2235 neque
2188 2156 2442 2221 aliorum
2494 2175 2675 2219 curae

426 2263 605 2321 vacet
666 2249 801 2328 (διὰ
855 2249 936 2320 τὸ
998 2247 1170 2319 εἶναι
1227 2251 1339 2319 ἐπὶ
1395 2254 1496 2339 τῷ
1554 2251 1785 2339 οἰκείῳ
1833 2244 2116 2331 addens
2182 2260 2317 2323 Hac
2372 2278 2447 2320 ex
2501 2267 2676 2338 porte

425 2363 610 2442 igitur
651 2346 737 2425 τὸ
775 2348 1023 2443 μιαρόν
1066 2361 1224 2424 idem
1270 2379 1407 2425 esse
1437 2380 1659 2425 censeo
1687 2367 1873 2441 atque
1901 2351 1983 2421 τὸ
2014 2350 2260 2434 δεινόν,
2304 2380 2425 2441 quo
2453 2363 2674 2441 expelli

426 2464 569 2526 dicit
627 2465 1088 2527 misericordiam
1144 2466 1499 2527 Aristoteles
1550 2449 2060 2545 (ἐκκρουστικὸν
2112 2461 2238 2524 τοῦ
2292 2456 2526 2540 ἐλέου).
2609 2464 2674 2528 Si

429 2601 551 2608 -.———
590 2601 771 2607 -—-.⁴...-
796 2601 835 2606 --

428 2694 594 2749 quam
638 2680 843 2736 acerbe
887 2679 1122 2736 ferenda
1168 2680 1285 2738 sint
1329 2680 1472 2736 mala
1523 2680 1652 2736 aliis
1667 2719 1681 2748 ,
1729 2679 1931 2738 deinde
1983 2679 2211 2738 eredere
2255 2679 2529 2738 immerito
2565 2696 2674 2739 -eos

426 2765 585 2822 malis
620 2762 785 2822 affici.
856 2766 1004 2822 Illud
1038 2771 1225 2822 sutem
1257 2772 1410 2822 reete
1444 2765 1569 2822 fleri
1604 2765 1804 2836 nequit
1848 2765 1958 2821 nisi
1998 2765 2110 2836 ipsi
2154 2771 2255 2821 aut
2286 2765 2446 2836 passi
2480 2781 2675 2822 sumus

426 2851 559 2906 talia
591 2859 692 2906 aut
725 2851 841 2921 pati
875 2866 1047 2921 posse
1081 2867 1188 2906 nos
1220 2851 1609 2921 imaginmur3
1647 2851 1749 2906 boc
1782 2855 2020 2908 mentem
2054 2850 2364 2922 oequitatis
2401 2857 2673 2910 amantem

427 2937 517 2992 vel
553 2936 845 2994 humanam
890 2942 950 2992 et
984 2936 1277 3006 benignam
1326 2936 1533 3006 poscit:
1583 2951 1818 3007 quarum
1865 2950 2070 3002 rerum,
2119 2936 2228 2992 etsi
2270 2942 2360 2992 est
2401 2942 2467 2992 ut
2499 2936 2675 2993 altera

428 3021 652 3077 alteram
700 3028 956 3090 superet,
1000 3029 1201 3094 neutra
1245 3022 1447 3077 deesse
1492 3021 1687 3078 debet.
1731 3051 1799 3061 ——
1847 3021 2041 3090 Neque
2086 3021 2272 3078 minus
2317 3019 2521 3078 falsum
2567 3029 2675 3090 est,

429 3107 581 3176 quod
639 3107 884 3177 Doering
941 3108 1015 3164 de
1071 3113 1222 3164 metu
1274 3107 1486 3176 tragico
1539 3104 1770 3177 profert.
1857 3107 1985 3162 Duo
2035 3106 2183 3164 enim
2233 3114 2413 3164 metue
2464 3121 2678 3176 genere

427 3191 721 3248 constituit
769 3193 892 3256 „die
928 3192 1277 3262 'elgentliche
1332 3193 1456 3272 und·
1500 3192 1596 3248 dle
1647 3190 2059 3262 uneigentliehe
2109 3192 2247 3248 oder
2298 3190 2670 3261 potentielle‚“

428 3294 663 3348 quorum
706 3277 946 3335 alterum
979 3278 1159 3346 vitae,
1204 3279 1440 3333 alterum
1489 3277 1809 3347 unguedine
1845 3277 2058 3333 tribuit.
2128 3277 2437 3334 Contendit
2468 3283 2673 3346 autem,

427 3364 462 3417 l.
498 3363 535 3418 l.
571 3366 697 3420 314:
744 3379 939 3425 ..wenn
974 3363 1157 3420 einem
1192 3364 1293 3419 mit
1327 3363 1453 3418 dem
1490 3361 1864 3433 eigentlicben
1901 3361 2282 3418 Furchtaffcct
2323 3360 2678 3431 Behafteten,

427 3447 509 3503 sei
544 3463 608 3503 es
642 3449 713 3503 im
750 3448 993 3506 'l'heater
1010 3491 1023 3518 ,
1060 3449 1142 3505 sei
1179 3465 1242 3505 es
1276 3450 1351 3504 im
1388 3446 1716 3503 wirklichen
1752 3448 1947 3504 Leben
1979 3447 2084 3504 das
2119 3445 2382 3517 Unglflck
2417 3446 2674 3506 Anderel-

426 3548 530 3589 vor
563 3535 772 3605 Augen
808 3539 977 3602 triste,
1024 3551 1090 3591 so
1138 3534 1331 3590 witi-de
1377 3550 1439 3590 er
1483 3533 1616 3590 kein
1652 3533 1867 3589 Mitleid
1915 3533 2236 3603 empfinden
2285 3528 2378 3588 διὰ
2420 3528 2488 3588 τὸ
2526 3524 2673 3588 εἶναι

429 3613 525 3675 ἐπὶ
560 3623 643 3692 τῷ
680 3614 881 3695 οἰκείῳ
916 3616 1128 3688 πάθει,
1175 3621 1266 3676 die
1312 3619 1524 3679 Furcht
1570 3618 1808 3676 erstickt
1851 3618 1953 3674 das
1996 3618 2263 3674 mittem.-
2331 3615 2673 3676 Aristoteles

427 3711 625 3759 contra
658 3720 771 3760 non
807 3701 874 3760 τὸ
913 3700 1191 3778 φοβερόν,
1227 3707 1329 3762 sed
1366 3701 1432 3761 τὸ
1471 3700 1662 3761 δεινόν
1698 3704 1810 3759 tale
1844 3701 2102 3769 efficere,
2138 3717 2323 3774 neque
2356 3709 2673 3761 metuentes
2735 3709 2758 3718 ⁴

424 3785 585 3858 (τοὺς
619 3785 1057 3862 φοβουμένους),
1092 3792 1194 3846 sed
1230 3789 1463 3846 maxime
1487 3796 1800 3845 metuentes
1823 3784 1984 3857 (τοὺς
2018 3784 2248 3860 σφόδρα
2275 3783 2674 3859 φοβουμένους

426 3875 547 3931 sive
595 3870 1130 3945 ἐκπεπληγμένους)
1179 3877 1313 3932 talia
1357 3876 1475 3945 pati
1524 3874 1716 3931 docet:
1764 3889 1908 3944 quae
1954 3873 2303 3931 confundere
2349 3890 2460 3929 non
2506 3875 2675 3931 licere

423 3962 600 4017 verba
634 3961 967 4020 Aristotelis
1002 3962 1073 4017 de
1110 3962 1339 4018 senibus
1375 3976 1547 4031 supra
1586 3961 1757 4016 allata
1789 3960 2199 4031 demonstrant3
2242 3976 2367 4015 nam
2413 3953 2675 4015 metuunt

426 4062 486 4103 re
522 4063 658 4104 vera
692 4061 857 4103 senes
894 4047 992 4116 (cf.
1029 4046 1168 4103 rhet.
1202 4047 1267 4101 B.
1307 4046 1375 4102 V.
1417 4051 1604 4115 1382a,
1647 4050 1729 4100 21.
1773 4040 1927 4101 ἔστω
1974 4043 2036 4103 δὲ
2082 4040 2270 4118 φόβος
2311 4040 2460 4114 λύπη
2506 4062 2595 4110 τις
2637 4039 2673 4116 ἢ

425 4127 646 4204 ταραχὴ
697 4126 765 4190 ἐκ
801 4130 1122 4204 φαντασίας
1152 4126 1470 4201 μέλλοντος
1517 4134 1775 4201 κακοῦ),
1823 4136 1994 4202 atque
2036 4130 2112 4187 ob
2162 4130 2224 4186 id
2274 4130 2458 4200 ipsum
2509 4130 2675 4186 facile

424 4218 775 4275 miserantur.
