3166 4871
589 281 671 343 34

768 447 1141 534 Τηλέμαχος
1185 446 1255 509 δὲ
1297 436 1519 531 πατὴρ
1563 444 1679 509 καὶ
1724 443 2060 528 Νεστορέη
2103 435 2452 528 Ἐπικάστη

671 586 683 597 .
755 546 992 636 μήτηρ,
1036 543 1077 635 ἧ
1119 572 1235 633 μιν
1281 546 1496 613 ἔτικτε
1541 550 1811 632 βροτῶν
1851 543 2034 611 πολὺ
2078 542 2437 628 πάνσοφον
2481 538 2711 629 ἄνδρα.

1664 807 1758 868 19.

763 939 1022 1029 Φράζεο
1070 932 1128 1006 δ’
1180 935 1427 1026 Ἄρειόν
1469 964 1540 1005 τε
1586 935 1811 1025 πάγον
1855 935 2120 1024 βωμούς
2162 962 2234 1003 τε
2278 934 2573 1014 θυώδεις

765 1036 1154 1128 Εὐμενίδων
1198 1036 1314 1108 ὅθι
1357 1041 1485 1129 χρὴ
1530 1044 2103 1127 Λακεδαιμονίους
2147 1033 2204 1106 σ’
2250 1039 2576 1107 ἱκετεῦσαι

761 1148 949 1233 δουρὶ
997 1146 1451 1230 πιεζομένους.
1520 1137 1681 1222 τούς
1723 1138 1811 1232 μὴ
1858 1137 1937 1210 σύ
1981 1158 2195 1209 κτεῖνε
2244 1140 2492 1230 σιδήρῳ

758 1242 911 1337 μηδ’
956 1248 1177 1327 ἱκέτας
1221 1239 1506 1313 ἀδικεῖν·
1554 1246 1767 1314 ἱκέται
1812 1246 1980 1334 ἱεροί
2024 1271 2092 1311 τε
2141 1248 2262 1311 καϊ
2299 1235 2511 1331 ἁγνοί.

1657 1491 1756 1555 20.

763 1617 995 1693 Άσκοῦ
1038 1617 1163 1690 τὸν
1206 1614 1591 1710 προῦχοντα
1637 1619 1835 1700 πόδα,
1879 1594 2043 1707 μέγα
2089 1623 2370 1708 φέρτατε
2415 1626 2620 1699 λαῶν,

758 1720 846 1814 μὴ
890 1724 1088 1811 λύσῃς
1130 1728 1294 1811 πρὶν
1339 1726 1553 1811 δῆμον
1597 1716 1934 1811 Ἀθηνέων
1978 1724 2426 1807 εἰσαφκέσθαι.

588 2019 911 2098 βασιλέως
971 2018 1373 2102 πυθομένου
1426 2013 1651 2082 πόθεν
1678 2010 1962 2103 Ὅμηρος
2017 2018 2128 2081 καὶ
2180 2017 2367 2094 τίνος
2425 2010 2832 2099 ἅπεφοίβασε

591 2111 674 2184 δι’
718 2116 1080 2205 ἑξαμέτρου
1126 2115 1322 2186 τόνδε
1368 2116 1492 2184 τὸν
1535 2116 1830 2204 τρόπον·
1879 2115 2250 2205 Ἀγνωστον
2291 2124 2438 2185 κτλ.

760 2247 915 2306 adde
959 2247 1124 2306 anth.
1169 2246 1292 2306 Pal.
1338 2248 1485 2307 XIV·
1530 2243 1669 2333 102.

760 2367 821 2425 ἰῐι
868 2386 925 2425 v.
962 2366 1027 2425 1:
1072 2356 1271 2444 ἐρέεις
1316 2361 1543 2447 γενεῆς
1589 2383 1645 2425 κ.
1686 2359 2015 2444 πατρίδος
2053 2358 2200 2446 αἴης
2230 2386 2283 2426 a.
2317 2367 2438 2426 Pal.
2471 2359 2492 2448 ΙΙ
2570 2362 2639 2426 2:
2686 2355 2836 2438 ἕδος

589 2453 650 2528 δ”
680 2454 907 2548 Ἰθάκη
947 2486 1048 2539 τις
1065 2456 1348 2548 Ὁμήρου
1380 2488 1434 2528 a.
1464 2470 1527 2528 P.
1562 2461 1583 2545 ΙΙ
1662 2467 1732 2527 3:
1779 2459 2181 2548 Πολυκάστη
2211 2489 2264 2529 a.
2295 2472 2358 2530 P.
2392 2464 2414 2548 ΙΙ
2491 2468 2560 2528 4:
2608 2457 2836 2530 ἄλλων

590 2591 704 2651 pro
753 2559 965 2649 ἄνδρα
1011 2591 1062 2630 a.
1093 2572 1158 2630 P.
1192 2565 1213 2648 ΙΙ
1291 2571 1363 2630 cf.
1411 2572 1600 2630 Wolff
1639 2572 1712 2631 de
1758 2571 1976 2634 noviss·
2022 2591 2181 2631 orac,
2224 2580 2340 2633 aet.
2384 2593 2441 2651 p.
2473 2572 2529 2633 5.

769 2705 871 2782 19)
917 2710 1091 2768 Paua.
1128 2709 1236 2768 vn
1270 2705 1369 2784 25,
1405 2706 1470 2766 1:
1516 2691 1890 2787 Ἀθηναίοις
1934 2698 2060 2786 γὰρ
2106 2699 2211 2766 ἐπὶ
2260 2696 2522 2790 ἡλικίας
2549 2699 2835 2787 μάλιστα

588 2808 704 2891 τῆς
749 2794 1171 2886 Ἀφείδαντος
1217 2793 1496 2885 ἄφίκετο
1538 2795 1725 2888 παρὰ
1765 2805 1889 2868 τοῦ
1933 2802 2007 2868 ἐν
2049 2801 2342 2888 Δωδώνῃ
2384 2798 2536 2884 Διὸς
2578 2798 2666 2870 τὰ
2710 2803 2834 2893 ἔπη

588 2902 777 2972 τάδε·
847 2903 1107 2991 Φράζεο
1152 2911 1297 2972 κτλ.
1400 2923 1407 2930 ·

664 3035 669 3044 ·
760 3012 830 3075 2:
874 3001 993 3074 ὅθι
1040 3015 1434 3076 Valckenmr.
1480 3033 1589 3092 pro
1635 3000 1813 3091 3⁴⁸⁴·ss

768 3116 828 3177 1:
872 3100 1098 3195 βωμὸς
1142 3105 1414 3196 θυώδης
1457 3117 1663 3193 hymn.
1707 3119 1818 3195 Ap.
1867 3118 1995 3178 Del.
2040 3113 2137 3178 87.
2183 3119 2237 3176 h.
2284 3120 2470 3196 Aput.
2518 3116 2616 3179 59.

756 3249 861 3325 20)
894 3255 1049 3315 Plut.
1081 3255 1257 3314 Thes.
1289 3255 1413 3320 111:
1456 3247 1651 3331 Αἰγεῖ
1679 3246 1749 3312 δὲ
1779 3248 2046 3313 παίδων
2078 3248 2373 3333 δεομένῳ
2402 3241 2524 3335 τὴν
2558 3250 2831 3314 Πυθίαν

586 3339 852 3413 ἀνελεῖν
926 3350 1189 3435 λέγουσι
1263 3341 1387 3414 τὸν
1448 3346 1917 3435 θρυλούμενον
1975 3347 2273 3436 χρησμόν
2335 3404 2348 3416 .
2399 3404 2411 3416 .
2461 3404 2474 3416 .
2527 3405 2537 3415 .
2605 3341 2832 3418 Ἀσκοῦ

588 3455 730 3515 κτλ.
780 3457 934 3517 adde
984 3459 1166 3519 schol.
1212 3460 1354 3518 Eur.
1401 3459 1556 3519 Med.
1603 3457 1745 3519 679.
1833 3460 2229 3535 Apollod.111
2267 3459 2359 3534 15,
2404 3459 2461 3521 6.
2507 3459 2582 3520 of.
2625 3461 2832 3522 Tzetz.

588 3559 664 3618 ad
709 3559 857 3636 Lye.
889 3555 1030 3618 494.
1075 3559 1258 3620 schol.
1303 3561 1446 3621 Eur.
1492 3563 1677 3640 Hipp.
1713 3560 1805 3621 11.
1851 3562 2014 3621 anth.
2060 3563 2185 3622 Pal.
2220 3564 2360 3623 XIV
2395 3561 2533 3623 150.

759 3715 812 3756 v.
849 3696 914 3756 1:
958 3688 1327 3776 ποδαιόνα,
1372 3692 1647 3773 φίλτατε
1693 3695 1877 3758 λαῶν
1922 3701 2085 3760 auth.
2130 3702 2267 3760 Par.
2299 3695 2321 3777 ΙΙ
2397 3697 2466 3759 2:
2507 3685 2597 3782 μὴ
2641 3698 2831 3760 λῦσαι

586 3793 750 3877 πρὶν
791 3794 1045 3877 γοῦνον
1105 3783 1478 3880 Ἀθηναίων
1541 3785 1902 3876 ἀφικέσθαι
1957 3822 2009 3864 a.
2053 3805 2116 3863 P.
2161 3796 2182 3880 ΙΙ
2270 3798 2435 3882 πρὶν
2493 3796 2559 3874 ἐς
2618 3790 2833 3883 ἄκρον

605 3888 963 3980 ᾌθηναίων
1011 3887 1287 3983 ἀφίκηαι
1332 3903 1518 3963 schol.
1563 3905 1708 3963 Eur.
1753 3904 2030 3982 Apollod.
2062 3899 2084 3982 ΙΙ

758 4059 815 4100 v.
853 4039 915 4099 1:
960 4034 1125 4118 μέγα
1170 4025 1444 4119 φέρτατ’
1490 4025 1764 4119 Ἀχαιῶν
1807 4043 1874 4101 Il.
1902 4043 2039 4101 XVI
2071 4039 2170 4101 21.
2226 4042 2336 4102 od.
2367 4043 2449 4100 XI
2480 4033 2621 4100 2178.
2663 4036 2830 4120 μέγα

586 4135 872 4221 φέρτατε
933 4140 1123 4202 λαῶν
1176 4145 1319 4203 Hes.
1356 4161 1440 4203 sc.
1480 4140 1624 4202 330.
1669 4137 1691 4219 ΙΙ
1782 4142 1851 4202 2:
1904 4139 2069 4222 πρὶν
2115 4131 2311 4204 Ἴλιον
2369 4137 2832 4218 εἰσαφικέσθαι

588 4245 654 4303 11.
686 4246 852 4304 XXII
898 4239 1039 4320 17.fl
1114 4239 1368 4324 Λυκίης
1410 4237 1485 4303 ἐν
1528 4235 1715 4325 δήμῳ
1761 4247 1825 4306 ΙΙ.
1854 4248 1992 4305 XVI
2022 4245 2144 4303 514
2191 4239 2405 4322 sacal!
