3166 4871
2500 296 2625 361 303

384 478 614 534 tantum
677 475 856 535 liceat
916 475 1055 535 mihi
1117 477 1227 535 hoc
1287 476 1418 536 loco
1479 474 1746 535 breviter
1809 476 2130 551 attingere,
2183 493 2338 552 quae
2393 495 2428 533 a
2480 474 2625 534 viris

383 577 575 638 doctis
619 577 882 638 nondum
929 579 1073 638 satis
1118 584 1399 639 accurate
1446 580 1763 638 observata
1806 577 2110 637 videntur.

553 681 643 740 Ac
703 681 955 757 primum
1018 682 1256 758 quidem
1313 700 1508 760 pauca
1554 680 1630 741 de
1678 681 1935 740 formula
1980 681 2065 739 ad
2105 697 2401 757 summam,
2446 699 2623 758 quam

380 783 442 843 in
488 784 638 843 libro
670 785 1033 845 Petroniano
1078 785 1316 861 saepius
1361 784 1634 855 inveniri,
1680 801 1858 860 quam
1891 783 2049 861 apud
2085 789 2325 849 ceteros,
2345 791 2625 843 auctores

381 887 497 945 iam
558 885 780 945 dudum
841 887 1209 947 intellectum
1275 894 1364 947 est
1422 886 1522 959 (cf.
1567 884 1798 945 Studer.
1841 905 1899 963 p.
1940 889 2039 947 87.
2084 886 2392 945 BuecbeL:
2437 887 2624 962 symb.

382 986 589 1064 philol.
635 989 824 1048 Bonn.
871 1009 928 1066 p.
960 987 1085 1061 61).
1174 989 1320 1049 haec
1375 988 1636 1048 formula
1690 989 1750 1047 in
1795 988 2165 1048 sermonibus
2211 987 2620 1049 libertinorum

381 1089 613 1169 decies,
668 1091 729 1150 in
791 1093 1007 1151 ceteris
1072 1092 1207 1151 libri
1265 1090 1538 1168 partibus
1582 1090 1899 1168 quinquies
1943 1090 2192 1167 legitur,
2237 1089 2345 1149 sed
2387 1108 2624 1168 semper

380 1193 449 1251 iis
495 1197 727 1253 tantum
778 1194 954 1265 locis,
1010 1193 1227 1270 quibus
1271 1193 1603 1270 Encolpius
1649 1197 1753 1252 aut
1797 1211 1908 1251 sua
1949 1192 2137 1269 ipsius
2183 1193 2274 1259 (ut
2318 1211 2366 1252 c.
2412 1192 2474 1264 2)
2519 1197 2623 1253 aut

380 1296 534 1355 alius
580 1296 887 1358 cuiusdam
934 1297 1117 1357 verba
1159 1296 1363 1373 refert,
1407 1314 1528 1357 non
1574 1297 1632 1354 in
1681 1313 1843 1355 mera
1874 1296 2149 1372 Encolpii
2194 1297 2549 1356 narratione.
2572 1294 2621 1369 ο)

381 1399 529 1458 haec
592 1418 833 1477 quoque
891 1399 1078 1459 verba
1135 1420 1166 1459 e
1226 1418 1473 1460 numero
1520 1417 1726 1459 eorum
1784 1404 1954 1475 sunt,
2015 1416 2167 1474 quae
2213 1418 2331 1458 non
2380 1398 2620 1460 adhibe-

380 1502 601 1561 bantur
644 1501 754 1563 nisi
798 1503 859 1562 in
891 1521 1163 1563 sermone
1193 1502 1494 1579 familiari,
1539 1502 1700 1580 quod
1733 1502 1907 1561 etiam
1941 1501 2011 1561 iis
2042 1501 2188 1561 locis
2219 1502 2623 1578 confirmatur,

381 1604 595 1681 quibus
657 1603 819 1681 apud
890 1606 1042 1665 alios
1107 1606 1431 1682 scriptores
1504 1606 1908 1664 inveniuntur.
2009 1605 2352 1680 saepissime
2424 1611 2618 1665 autem

381 1707 574 1766 locum
638 1708 847 1778 habet,
908 1707 1006 1767 ubi
1068 1708 1370 1768 nonnullis
1426 1707 1606 1767 rebus
1665 1707 2026 1766 enumeratis
2078 1707 2272 1765 oratio
2318 1711 2619 1783 transgre-

380 1808 542 1869 ditur
586 1809 660 1868 ad
709 1811 1139 1886 gravissimam,
1185 1812 1265 1870 ita
1310 1815 1376 1870 ut
1419 1811 1525 1869 sit:
1574 1815 1639 1869 ut
1684 1827 1804 1869 uno
1848 1810 2032 1868 verbo
2078 1809 2290 1868 dicam.
2336 1809 2411 1868 cf.
2457 1830 2506 1869 c.
2539 1816 2618 1872 37

379 1910 514 1988 (41,
551 1909 637 1988 1),
681 1917 763 1973 45
810 1912 944 1989 (52,
975 1911 1064 1985 4),
1112 1918 1192 1975 58
1238 1913 1371 1986 (69,
1406 1916 1491 1983 2),
1541 1918 1615 1973 71
1668 1912 1800 1984 (84,
1834 1909 1918 1989 9),
1964 1917 2084 1973 134
2130 1910 2453 1991 (189,11),
2500 1918 2621 1975 140

379 2014 549 2091 (202,
585 2012 703 2087 15).
792 2016 1010 2075 clarius
1055 2017 1228 2075 etiam
1274 2017 1368 2075 vis
1413 2014 1784 2091 intendendi,
1828 2034 1982 2092 quae
2027 2015 2330 2092 primitiva
2375 2017 2529 2076 inest
2558 2018 2618 2075 in

378 2117 465 2175 ad
502 2133 816 2189 summam,
861 2118 1262 2195 intellegitur,
1323 2118 1418 2179 ubi
1467 2138 1585 2178 non
1634 2119 1974 2195 complures
2019 2136 2115 2178 res
2160 2126 2336 2178 antea
2381 2137 2615 2180 enume-

377 2226 541 2278 ratae
586 2223 741 2279 sunt.
832 2220 908 2280 cf.
953 2239 1000 2280 c.
1034 2224 1114 2282 38
1162 2219 1295 2292 (41,
1327 2218 1417 2291 4),
1464 2225 1541 2281 57
1592 2219 1724 2291 (66,
1762 2218 1893 2297 14),
1941 2223 2060 2281 105
2107 2218 2283 2291 (127,
2325 2216 2406 2291 5).
2493 2221 2622 2280 aliis

382 2326 577 2380 autem
623 2321 769 2381 locis
820 2323 950 2383 sine
1009 2324 1169 2382 omni
1229 2322 1521 2399 peculiari
1579 2322 1640 2381 vi
1695 2322 1933 2382 videtur
1988 2329 2276 2398 usurpata
2330 2340 2458 2382 esse
2501 2323 2618 2383 for-

380 2424 555 2484 mula.
629 2427 938 2486 'sententia
992 2425 1145 2487 enim
1207 2425 1472 2503 generali
1536 2425 1869 2503 praemissa
1923 2444 2033 2502 per
2085 2425 2170 2484 ad
2210 2442 2495 2485 summam
2537 2427 2619 2486 ita

377 2528 595 2586 transit
639 2529 828 2588 oratio
875 2528 953 2588 ad
1001 2547 1122 2589 rem
1171 2529 1561 2607 singularem,
1622 2537 1689 2588 ut
1745 2530 2019 2604 exemplo
2073 2527 2378 2588 afferendo
2431 2530 2617 2589 inser-

376 2630 504 2690 vire
550 2630 843 2691 videatur.
932 2633 1009 2692 cf.
1056 2651 1104 2691 c.
1137 2636 1174 2692 2
1223 2631 1304 2707 (5,
1333 2636 1401 2692 4:
1447 2633 1790 2704 eloquentia
1831 2632 1997 2690 stetit
2040 2638 2095 2690 el
2140 2628 2445 2690 obmutuit.
2535 2633 2622 2691 ad

374 2749 687 2805 summam,
746 2737 881 2807 quis
929 2741 1147 2809 postea
1209 2734 1617 2810 Thucydidi-9,
1679 2735 1815 2808 quis
1875 2733 2208 2808 Hyperidis
2266 2735 2350 2792 ad
2386 2734 2616 2807 famam

367 2838 720 2908 processit?
809 2839 889 2895 ita
936 2839 1088 2896 enim
1136 2844 1296 2896 recte
1342 2838 1713 2913 transposuit
1759 2837 2045 2896 Haasius:
2093 2838 2253 2896 misc.
2293 2836 2498 2913 philol.
2530 2838 2617 2896 111

375 2955 430 3012 p.
468 2940 542 2998 16
588 2956 639 2995 a.
695 2941 882 3012 1861,
948 2939 1047 3015 qui
1110 2940 1283 2997 etiam
1352 2939 1515 2998 locos
1578 2940 1890 3015 utriusque
1952 2938 2212 2999 Senecae
2269 2947 2328 2998 et
2382 2939 2614 2998 Horatii

374 3038 563 3106 affert,
608 3039 826 3114 quibus
871 3040 958 3098 ad
995 3056 1276 3098 summam
1324 3040 1592 3117 legitur),
1641 3045 1717 3101 37
1767 3039 1899 3112 (40,
1936 3038 2024 3117 1),
2070 3045 2145 3100 31
2196 3041 2331 3118 (32,
2368 3039 2488 3119 19),
2532 3046 2610 3102 57

373 3136 654 3217 (67,15)‚
703 3145 780 3202 75
827 3140 952 3217 (89,
985 3145 1107 3217 23),
1154 3146 1230 3203 77
1279 3143 1403 3218 (91,
1436 3140 1556 3215 17).

549 3242 615 3300 In
666 3260 1029 3320 unaquaque
1076 3245 1201 3305 fere
1250 3245 1384 3303 libri
1417 3245 1762 3305 Petroniani
1808 3248 2031 3322 pagina
2069 3246 2335 3305 occurrit
2367 3247 2610 3305 verbum

373 3347 679 3418 coepisse,
756 3346 1110 3424 plerumque
1188 3366 1318 3406 cum
1397 3347 1691 3408 infinitivo
1757 3349 1909 3408 alius
1978 3350 2143 3408 verbi
2213 3348 2613 3409 coniunctum.

372 3446 574 3522 (coepi
633 3468 753 3509 non
807 3450 1009 3510 addito
1070 3451 1362 3511 infinitivo
1423 3450 1659 3511 duobus
1713 3459 1943 3512 tantum
2006 3452 2154 3512 locis
2200 3453 2432 3528 inveni,
2477 3469 2610 3511 cum

373 3550 613 3610 omnino
646 3555 725 3612 95
772 3552 1045 3629 exempla
1092 3553 1266 3612 huius
1313 3553 1476 3614 verbi
1511 3556 1861 3630 notaverim,
1906 3575 1954 3614 c.
1995 3558 2100 3616 58:
2148 3557 2249 3612 via:
2294 3571 2383 3613 me
2428 3561 2613 3630 cenem,

372 3668 485 3710 nec
528 3669 654 3709 sum
698 3659 926 3712 natura
983 3654 1460 3715 caldicerebrius
1478 3705 1494 3728 ,
1537 3659 1651 3716 sed
1692 3673 1823 3716 oum
1868 3659 2074 3729 coepi,
2132 3661 2379 3715 matrem
2425 3673 2610 3715 meam

373 3754 672 3827 dupondii
713 3770 834 3813 non
872 3756 1045 3829 facio
1092 3762 1151 3816 et
1196 3776 1245 3816 c.
1279 3762 1390 3819 94:
1437 3775 1644 3830 erras,
1705 3760 1761 3817 si
1797 3764 1988 3832 putas
2033 3759 2384 3833 cominqere
2417 3774 2612 3834 posse,

369 3862 437 3914 ut
480 3862 622 3915 ante
663 3873 756 3916 me
798 3859 1100 3918 moriaris,
1144 3863 1324 3935 prior
1379 3859 1596 3935 coepi.)
1684 3863 1810 3921 sine
1874 3861 1994 3921 ullo
2040 3860 2378 3921 discrimine
2434 3860 2608 3921 modo

369 3959 700 4020 infinitivus
760 3961 938 4020 activi
999 3962 1172 4022 modo
1233 3965 1454 4039 passivi
1511 3983 1643 4024 curn
1695 3965 1871 4039 coepi
1916 3964 2326 4042 coniungitur,
2371 3981 2441 4022 ac
2486 3964 2607 4041 ple-

540 4193 585 4258 9)
619 4190 681 4244 Iu
718 4208 764 4245 c.
790 4195 846 4244 31
889 4195 999 4259 (32,
1032 4196 1114 4258 19)
1149 4193 1227 4248 ad
1261 4209 1533 4250 summam
1568 4203 1721 4250 certe
1759 4193 1947 4249 verbis
1983 4194 2129 4249 servi
2165 4193 2425 4249 addenda
2459 4201 2608 4263 sunt,

370 4283 434 4330 ut
469 4275 574 4329 iam
615 4276 992 4333 Buechelcrus
1029 4278 1356 4334 dubitanter
1391 4280 1619 4335 monuit.
