3166 4871
575 306 699 369 416

746 480 809 554 8)
855 482 1041 541 Paulo
1090 483 1341 543 Aemilio
1398 484 1693 562 primipilo
1758 486 1847 545 bis
1899 486 2207 563 praefecto
2263 487 2528 563 equitum
2573 487 2818 547 tribuno

576 585 764 646 ehort.
809 584 930 644 1111
976 588 1234 662 praetor.
1309 587 1377 654 (Ι.
1418 589 1486 647 R.
1525 588 1599 647 N.
1648 585 1857 661 3619.)

746 688 902 747 tituli
937 692 986 749 ⁶7
1034 693 1094 748 et
1137 691 1176 750 8
1223 689 1485 751 incertae
1533 691 1968 764 sunt-aetatis.)

747 782 830 848 B.
907 787 971 862 9)
1033 791 1368 867 primipilus
1428 793 1643 852 iterum
1711 794 1821 870 leg.
1883 794 2020 853 XVI
2068 795 2174 855 Ga.
2230 812 2394 872 proc.
2456 795 2547 854 Ti.
2605 794 2817 855 Claudi

578 892 847 954 Caesaris
894 893 1006 952 Au.
1080 892 1228 971 (rep.
1276 895 1503 954 Miseni.
1578 897 1623 956 Ι.
1656 897 1721 955 R.
1753 897 1829 955 N.
1877 895 2086 969 2866).

752 996 853 1063 10)
902 994 965 1056 C.
1026 996 1285 1056 Baebius
1344 998 1408 1056 P.
1468 998 1533 1058 F.
1579 1043 1637 1057 ..
1701 1000 1993 1076 primopil.
2057 1001 2267 1059 iterum
2332 1004 2687 1076 procurator
2729 1000 2820 1060 Ti.

580 1097 790 1159 Claudi
824 1098 1098 1159 Caesaris
1129 1099 1467 1160 Germanici
1500 1102 1559 1161 in
1589 1102 1812 1163 Norico
1845 1100 1997 1179 (rep.
2020 1120 2207 1178 prope
2242 1102 2452 1162 Iulium
2487 1101 2820 1163 Carnicum.

579 1202 764 1261 Henz.
811 1198 1020 1273 6938).

654 1301 661 1308 ·
759 1301 862 1377 11)
908 1305 978 1365 Τ.
1011 1306 1265 1365 Pontius
1294 1306 1549 1367 Sabinus
1597 1285 1931 1384 primipilus
1962 1307 2078 1383 leg.
2125 1308 2213 1366 111
2245 1307 2399 1383 Aug.
2444 1310 2822 1385 praepositus

581 1412 696 1469 etc.
759 1407 932 1467 donis
978 1407 1235 1469 donatus
1281 1429 1316 1468 a
1361 1409 1515 1469 Divo
1560 1410 1826 1487 Trajano
1965 1429 2020 1487 p.
2067 1428 2124 1486 p.
2171 1410 2227 1468 11
2272 1429 2432 1487 proc.
2481 1412 2823 1486 provinciae

580 1510 850 1571 Narbon.
895 1510 978 1569 IV
1009 1511 1101 1570 vir
1122 1511 1168 1588 j.
1201 1508 1255 1567 d.
1289 1497 1400 1570 etc.
1488 1509 1836 1584 (Ferentini.
1883 1512 2128 1571 Henzen
2162 1515 2345 1572 5456.
2393 1513 2585 1572 Wilm.
2617 1509 2823 1585 1620.)

755 1609 859 1684 12)
904 1612 971 1671 Ρ.
1018 1611 1150 1670 vibi
1199 1612 1447 1672 Mariani
1493 1631 1656 1690 proc.
1702 1618 1763 1672 ct
1807 1614 2068 1689 praesidi
2114 1633 2279 1690 prov.
2327 1613 2637 1674 Sardiniae
2681 1634 2738 1691 p.
2767 1633 2822 1692 p.

580 1715 670 1774 bis
735 1714 866 1773 trib.
914 1757 971 1770 ..
1017 1712 1202 1790 praef.
1266 1716 1380 1791 leg.
1425 1759 1483 1773 ..
1532 1735 1588 1792 p.
1632 1735 1688 1793 p.
1738 1715 1849 1792 leg.
1894 1716 1980 1775 111
2027 1714 2176 1775 Gall.
2223 1709 2262 1774 7
2305 1716 2376 1775 fr.
2422 1714 2646 1789 (exstat
2688 1716 2826 1776 adh.

580 1817 710 1876 loco
758 1816 1006 1891 antiquo
1038 1814 1113 1874 ad
1145 1816 1315 1876 Viam
1348 1815 1609 1878 Cassiam
1651 1819 1861 1894 quinto
1892 1817 2018 1878 fere
2048 1817 2265 1894 lapide.
2300 1817 2492 1878 descr.
2523 1819 2827 1879 Huebner.

580 1918 643 1980 C.
671 1920 716 1978 1.
746 1917 815 1977 L.
864 1919 943 1977 VI
993 1917 1200 1989 1636).

718 2018 858 2093 ·13)
904 2022 970 2079 L.
1036 2020 1301 2099 Cirpinio
1369 2021 1441 2080 T.
1501 2021 1540 2082 f.
1598 2023 1724 2082 Vel.
1785 2025 1897 2099 pri.
1942 2024 2042 2102 pil.
2095 2025 2223 2084 iter.
2266 2023 2453 2101 praef.
2499 2024 2611 2100 leg.
2657 2023 2826 2082 XXII

577 2121 959 2197 (Maceratae.
1030 2122 1215 2184 Orelli
1265 2122 1472 2196 3423.)

756 2222 860 2298 14)
905 2224 1000 2284 Ti.
1048 2225 1299 2286 Claudio
1346 2226 1688 2287 Secundino
1734 2271 1792 2287 ..
1838 2247 1894 2304 p.
1938 2248 1996 2305 p.
2041 2229 2155 2303 leg.
2201 2229 2318 2288 1111
2363 2228 2403 2287 f.
2448 2228 2487 2287 f.
2531 2226 2662 2287 trib.
2694 2227 2826 2286 coh.

576 2328 746 2405 prim.
792 2329 910 2403 vig.
957 2327 1085 2387 urb.
1131 2346 1219 2404 pr.
1266 2346 1320 2403 p.
1369 2347 1427 2405 p.
1470 2329 1687 2388 iterum
1734 2328 1919 2406 praef.
1968 2331 2081 2404 leg.
2129 2330 2185 2389 11
2228 2329 2394 2407 Traj.
2437 2328 2478 2389 f.
2521 2346 2685 2407 proc.
2715 2328 2825 2387 XX

577 2431 703 2491 her.
766 2450 926 2507 proc.
988 2432 1257 2508 provinc.
1317 2430 1711 2509 Lugdunens.
1779 2437 1838 2493 et
1903 2434 2316 2509 Aquitanicae.
2401 2451 2436 2491 a
2493 2431 2825 2491 rationibus

575 2534 731 2611 Aug.
779 2534 1136 2612 (Aquilejae.
1182 2537 1452 2595 Momms.
1498 2540 1656 2595 cont.
1733 2535 1796 2595 C.
1826 2536 1871 2595 Ι.
1906 2536 1968 2595 L.
2016 2537 2084 2596 V.
2130 2539 2272 2598 867.
2345 2536 2542 2595 Wilm.
2590 2531 2794 2605 1627).

747 2790 885 2861 Iam,
955 2788 1100 2866 quid
1159 2788 1339 2849 faerit
1384 2790 1782 2869 primipilatus
1827 2793 2094 2867 iteratus,
2152 2809 2396 2868 quoque
2449 2792 2693 2851 consilio
2736 2789 2825 2850 in-

575 2892 819 2952 stitutus
884 2893 981 2971 sit,
1058 2892 1248 2951 titulis
1317 2911 1362 2952 s.
1429 2911 1475 2951 s.
1544 2892 1884 2970 diligentius
1958 2892 2393 2971 pertractandis
2459 2910 2826 2970 cognoscere

576 3013 880 3056 conemur.

749 3097 841 3157 Ac
901 3097 1155 3175 primum
1208 3096 1464 3173 (quidem
1501 3102 1713 3157 utrum
1768 3117 1858 3173 „p.
1903 3118 1959 3175 p.
2005 3098 2095 3157 bis
2140 3095 2288 3171 (11)“
2345 3098 2485 3173 (titt.
2534 3096 2721 3171 1—8)
2767 3102 2830 3158 et

582 3218 677 3275 „p.
722 3219 780 3276 p.
825 3197 1077 3259 iterum⁰
1133 3196 1396 3271 (9—14)
1445 3200 1561 3259 duo
1610 3199 1835 3259 fuerint
1879 3200 2141 3277 ejusdem
2184 3202 2272 3260 rei
2304 3200 2544 3261 nomina
2573 3220 2648 3260 an
2681 3218 2826 3260 vere

578 3301 734 3361 duae
800 3302 985 3362 resita
1046 3300 1415 3378 significatae
1478 3303 1598 3361 sint
1664 3302 1723 3361 in
1794 3301 2282 3378 disceptationem
2349 3303 2551 3363 vocari
2611 3306 2860 3379 potest.-

577 3404 919 3483 Primipilus
984 3404 1201 3463 iterum
1271 3404 1406 3481 quis
1469 3404 1690 3479 fuerit,
1763 3405 2044 3481 inspectis
2123 3404 2308 3464 titulis
2379 3405 2636 3465 dubitari
2702 3423 2825 3464 non

576 3510 796 3584 potest.
885 3506 1160 3582 Apparet
1205 3507 1359 3565 enim
1408 3525 1513 3567 eos
1558 3507 1709 3567 tales
1754 3507 1934 3566 fuisse
1980 3507 2265 3583 homines,
2310 3508 2414 3584 qui
2456 3526 2530 3567 cx
2561 3507 2826 3585 equestri

576 3608 651 3669 ad
698 3609 978 3686 primipili
1038 3608 1133 3667 vel
1196 3609 1582 3687 primipilaris
1642 3609 1987 3687 dignitatem
2036 3609 2512 3686 descenderant3
2588 3611 2828 3687 „primi-

575 3711 732 3788 pilos
778 3709 907 3771 bis“
957 3728 1104 3771 vero
1149 3729 1323 3771 nemo
1370 3712 1616 3788 negabit
1659 3718 1718 3772 et
1765 3730 1867 3771 eos
1913 3711 2205 3771 nominari
2236 3712 2493 3783 licuisse,
2538 3712 2642 3790 qui
2673 3712 2828 3772 duos

573 3812 974 3891 primipilatus
1044 3814 1363 3891 continuos
1418 3815 1746 3889 gessissent
1800 3818 1860 3874 et
1915 3833 2018 3874 eos
2065 3815 2164 3892 qui
2228 3814 2636 3891 compluribus
2697 3815 2828 3875 aliis

577 3916 800 3975 militiis
847 3915 1179 3993 interjectis
1222 3914 1298 3973 ad
1345 3916 1775 3994 primipilatum
1823 3914 2265 3989 rediissent41),
2320 3917 2403 3975 ita
2449 3916 2709 3995 quidem,
2760 3920 2828 3976 ut

943 4049 981 4056 ›a-

744 4112 812 4177 ⁴¹)
856 4109 1117 4166 Similiter
1163 4126 1229 4165 ac
1273 4112 1561 4179 consules,
1612 4112 1978 4181 imperatores
2015 4118 2118 4166 etc.
2167 4112 2238 4165 11.
2287 4110 2370 4165 111
2407 4127 2518 4165 non
2559 4111 2737 4165 solum
2787 4111 2825 4164 ii

572 4194 951 4263 nominantur,
997 4195 1091 4264 qui
1138 4196 1307 4263 duos,
1362 4203 1472 4250 tres
1510 4195 1810 4250 continuos
1848 4197 2169 4251 consulatus
2206 4200 2313 4250 etc.
2352 4201 2677 4264 gesserunt,
2724 4196 2827 4249 sed

573 4279 670 4346 qui
705 4279 927 4333 omnino
966 4279 1069 4349 bis,
1105 4285 1193 4333 ter
1228 4280 1491 4334 consules
1528 4281 1772 4334 fuerunt.
