3166 4871
421 501 500 562 30

421 1012 502 1074 35

419 1731 501 1789 40

2574 227 2654 290 83

589 385 935 481 θησαυρὸν
982 393 1050 460 δὲ
1098 389 1291 477 κόροι
1335 394 1449 459 καὶ
1492 394 1829 478 παρθένοι
1877 391 2045 464 ἔνθα
2092 391 2442 480 φερόντων

588 496 750 584 ἱστῷ
795 502 1165 581 θειοπαγεῖ,
1211 498 1325 564 καὶ
1367 487 1721 582 ὑφάσματα
1766 498 2062 576 ποικίλα,
2109 502 2310 582 σεμνῇ

589 594 678 677 ὡς
723 601 1147 690 Πλουτωνίδι
1193 595 1466 684 κόσμον,
1513 591 1699 678 ὅπως
1745 600 1956 684 σχέσις
1999 593 2105 683 ᾖσι
2150 613 2407 666 κακοῖο.

588 701 1031 787 προφρονέως
1076 692 1135 767 δ’
1180 693 1282 767 ὃτι
1327 694 1697 768 κάλλιστον
1742 702 1854 766 καὶ
1900 694 2141 768 εύκτὸν
2186 694 2289 767 ἐπ’
2336 697 2491 768 αἶαν

590 799 683 883 ὡς
727 809 1083 890 θνητοῖσιν
1129 804 1389 870 ἰδέσθαι
1435 804 1782 883 ἐπέπλετο,
1829 806 1941 869 καὶ
1985 796 2064 869 τὸ
2111 805 2435 890 φέρεσθαι

590 905 754 992 ἱστῷ
784 900 1167 991 σύμμικτον
1212 908 1440 992 δῶρον
1484 907 1813 992 βασιληίδι
1858 902 2104 992 κούρῃ·

590 999 798 1094 αὐτὰρ
841 1001 941 1075 ὅτ’
985 1002 1067 1074 ἂν
1111 1002 1403 1095 Δήμητρι
1448 1010 1560 1074 καὶ
1608 1004 1774 1094 ἁγνῇ
1818 1011 2267 1093 Περσεφονείῃ

591 1163 2292 1178 οοοοοοοοοοοοοοοοο

588 1418 884 1485 Αἰδωνεῖ
927 1414 1283 1484 Πλούτωνι
1328 1409 1487 1498 βοὸς
1530 1415 1969 1503 κυανότριχος
2014 1412 2192 1502 αἷμα,

588 1525 920 1606 λαμπροῖς
963 1519 1180 1646 εἵμασι
1223 1517 1598 1607 κοσμητοὺς
1641 1518 1806 1606 μετὰ
1849 1520 2168 1640 ποιμένος
2214 1512 2397 1597 όστις

592 1619 832 1709 λήματι
876 1612 932 1711 ᾧ
974 1625 1256 1701 πίσυνος
1301 1619 1459 1704 βοὸς
1505 1647 1788 1708 αρτεμος
1832 1614 2035 1701 αύτός
2081 1614 2181 1688 ὅδ’
2228 1620 2411 1688 ἔσται

590 1719 782 1792 όσσοι
825 1719 885 1791 τ’
931 1720 1125 1791 ἄλλοι
1171 1729 1341 1810 ομοῦ
1384 1727 1659 1791 πίσυνοι
1704 1718 1877 1790 κατὰ
1918 1718 2187 1809 πατρίδ’
2233 1723 2407 1790 ἔασι·

459 1855 468 1863 ’
585 1825 673 1916 μὴ
715 1852 839 1913 γαρ
888 1821 1333 1910 άπιστόφιλος
1377 1829 1719 1893 θυσίαισιν
1767 1819 1929 1914 ἀνὴρ
1974 1827 2419 1911 παρεπεῃσθω

422 2242 500 2301 45

423 2756 503 2815 50

425 3267 506 3327 55

426 3779 507 3841 60

590 1928 718 2013 εξω
765 1922 823 1995 δ’
869 1921 1014 1996 ἔνθ’
1061 1923 1426 2015 άνομιστὸν
1470 1929 1798 1995 ἐπέπλετο
1846 1930 2025 2011 ᾳωτὶ
2066 1921 2211 1994 τάδ’
2257 1927 2474 2014 ἔρδειν

592 2026 675 2099 ού
719 2035 957 2118 πιστῷ,
1002 2034 1114 2097 καὶ
1159 2027 1443 2098 ἄδαιτον
1489 2029 1660 2117 ἔχειν
1706 2034 1976 2112 θυσίαν,
2018 2028 2194 2096 κατὰ
2236 2023 2296 2097 δ’
2339 2021 2569 2116 αύλήν.

590 2126 773 2212 ὅστις
819 2128 905 2199 ἂν
948 2128 1288 2221 ἡμετέρων
1328 2136 1642 2220 χρησμῶν
1688 2134 1857 2219 ἴδρις
1901 2132 1965 2210 ἐς
2008 2126 2153 2199 τόδ’
2197 2130 2421 2218 ἵκηται

589 2235 832 2322 σεμνὸν
881 2241 1136 2319 Φοῖβον
1182 2230 1437 2301 ἄνακτα
1479 2236 1868 2321 μετελθέτω
1913 2235 1986 2300 ἐν
2035 2236 2353 2315 θυσίαισι,

587 2340 1030 2427 προφρονέως
1073 2344 1322 2424 βωμοῖς
1367 2338 1477 2404 ἐπὶ
1520 2340 1731 2404 πίονα
1774 2339 1975 2423 μηρία
2021 2335 2289 2416 καύσας,

591 2443 804 2529 αἰγῶν
846 2447 1253 2509 παλλευκῶν
1296 2438 1568 2530 νεάτην·
1617 2433 1783 2527 ἀτάρ
1831 2440 2056 2507 οἴδατε
2101 2435 2367 2519 πάντες,

591 2548 929 2612 λισσέσθω
979 2549 1239 2626 Φοῖβον
1279 2542 1578 2631 παιήονα
1623 2548 1837 2631 κρᾶτα
1881 2540 2246 2623 πυκάσσας,

590 2647 851 2736 ἱκτῆρες
893 2650 1260 2726 πίπτοντες
1303 2638 1489 2727 ὅπως
1534 2643 1720 2725 λύσις
1763 2640 1869 2731 ᾖσι
1911 2660 2173 2726 κακοῖο,

591 2745 913 2839 νοστήσας
958 2743 1017 2817 δ’
1061 2743 1197 2816 άπὸ
1243 2755 1369 2817 τοῦ
1412 2750 1766 2836 βασιληίδα
1811 2745 2104 2815 πότνιαν
2133 2740 2365 2835 ‘Hom-⁶

595 2847 803 2941 ἀργὴν
845 2857 1015 2934 βοῦν
1060 2850 1256 2918 θύων
1300 2854 1643 2938 πατρίοισι
1687 2848 1951 2937 νόμοισι
1995 2876 2123 2916 κατ
2187 2845 2404 2931 αἶσαν,

592 2951 823 3041 υμνεῖν
865 2955 1009 3020 αἴκε
1053 2956 1226 3040 γένει
1269 2955 1798 3041 προφερέστεραι
1844 2945 1959 3019 ωσ’
2004 2952 2104 3017 ἐνὶ
2147 2958 2352 3029 λαοῖς.

593 3059 706 3123 καὶ
750 3053 975 3144 νήσων
1021 3056 1247 3122 ναέται
1291 3048 1414 3147 τὴν
1462 3047 1857 3121 άντιπαλων
1903 3046 2070 3120 ὅταν
2114 3049 2270 3119 αἶαν

595 3152 678 3226 ού
720 3156 900 3245 δόλῳ
944 3151 1120 3225 ἀλλὰ
1161 3160 1274 3247 βία
1319 3157 1624 3242 Κυμαίδα
1669 3153 2051 3242 πρόφρονες
2097 3180 2251 3220 αυτε

594 3258 993 3340 νάσσωνται,
1042 3263 1279 3349 σεμνῆς
1321 3260 1710 3347 βασιληίδος
1755 3256 1892 3345 οἵδε
1939 3258 2277 3324 τιθέντων

595 3365 669 3431 ἐν
713 3366 1056 3451 πατρίοισι
1100 3358 1333 3448 νόμοις
1360 3354 1564 3449 (Ἠρας
1606 3357 1855 3444 ξόανόν
1900 3384 1971 3425 τε
2018 3360 2132 3425 καὶ
2176 3354 2388 3425 οἷκον.

595 3466 716 3551 ἷξε-ι
763 3459 841 3547 δ’,
886 3460 971 3533 ἂν
1014 3462 1335 3552 μύθοισιν
1377 3464 1559 3550 ἐμοῖς
1603 3457 1763 3531 τάδε
1807 3459 2032 3529 πάντα
2075 3463 2340 3549 πίθηαι,

596 3568 668 3636 ἐν
709 3573 945 3656 πολλῷ
985 3565 1215 3655 χρόνῳ
1263 3555 1347 3633 αὖ
1393 3558 1536 3633 τότ’
1582 3558 1687 3649 ἐφ’
1729 3557 2009 3651 ὕστερον
2049 3559 2124 3643 ὅς
2152 3589 2271 3631 κεν
2300 3555 2406 3631 ἐπ’
2434 3556 2664 3642 αὐτοῖς

593 3668 870 3759 νήφαλά
909 3695 1026 3737 κεν
1070 3669 1261 3759 ῥέξας
1305 3663 1454 3737 ὅσαι
1497 3659 1736 3759 ἡμέραι
1781 3668 1873 3746 εἰς
1917 3662 2230 3734 ἐνιαυτόν

597 3771 1009 3863 σεμνοτάτην
1054 3775 1450 3855 βασίλισσαν
1493 3771 1751 3859 ἐπέλθῃ
1794 3767 1924 3837 σῦν
1968 3771 2331 3837 θυσίαισιν.

637 3918 830 3925 -——...--—-

425 3989 699 4053 OobetuS.
732 3983 754 4067 ΙΙ
831 3983 945 4047 38.
990 3980 1344 4066 κοσμητοῦ
1375 3984 1706 4047 Nauckius.
1740 3977 1761 4061 ΙΙ
1853 3980 1964 4042 39:
2013 3972 2251 4064 λήματι
2296 3964 2353 4060 ᾧ
2400 3980 2664 4041 Cobetus

428 4093 585 4162 [nov.
631 4093 762 4153 leet.
805 4112 863 4170 p.
895 4087 1042 4161 274]
1097 4088 1433 4165 Nauokius‚
1492 4082 1792 4168 νηματίῳ
1848 4086 2183 4165 Emporias·
2215 4078 2237 4163 ΙΙ
2312 4080 2426 4144 49:
2472 4071 2664 4162 ίκτὴρ

426 4187 873 4266 ἐσπίπτοντος
931 4193 1244 4255 Nauckius
1303 4192 1601 4252 Kellelmus
1633 4184 1655 4269 ΙΙ
1748 4187 1854 4250 53:
1912 4184 2051 4249 τῶν
2113 4172 2537 4247 ἀντιπάλων
2564 4168 2664 4243 στ’
