3166 4871
539 306 661 366 354

708 477 975 534 Plinius
1038 482 1231 538 autem
1291 479 1349 539 in
1395 478 1574 538 tertio
1636 479 1924 537 naturalis
1980 478 2260 538 historiae
2316 477 2467 537 libro
2511 496 2791 550 magnum

541 587 601 642 et
645 582 1063 657 gravissimum
1110 582 1476 641 coloniarum
1525 581 1777 640 indicem
1827 581 2004 640 habet
2048 582 2347 639 nominum
2391 579 2799 656 quadraginta

542 689 695 744 octo.
783 682 899 744 Sed
948 684 1296 760 priusquam
1346 684 1458 744 hoc
1502 683 1701 742 indice
1747 683 1833 742 uti
1888 700 2234 760 possumus,
2296 682 2370 741 de
2427 683 2603 742 Plinii
2663 681 2794 741 fon·

544 788 708 847 tibus
754 787 814 847 in
862 786 1257 846 describenda
1302 786 1474 847 Italia
1518 784 1943 863 disputandum
1989 789 2095 845 cst.

1565 1015 1605 1102 ξ,
1653 1020 1708 1082 3.
1729 1020 1772 1094 ι)

664 1157 767 1223 De
815 1144 1146 1223 fontibus
1194 1155 1451 1236 quibus
1498 1155 1781 1220 Plinius
1828 1155 1905 1219 iu
1950 1154 2172 1219 Italia
2214 1153 2683 1220 describenda

1501 1258 1604 1323 sit
1643 1275 1838 1322 usus.

712 1417 940 1477 Italiam
1005 1416 1238 1477 Plinius
1298 1417 1587 1477 naturalis
1639 1417 1922 1476 historiae
1967 1416 2085 1494 111,
2140 1416 2176 1486 ξ
2209 1419 2493 1489 38—76,
2535 1415 2573 1485 ξ
2619 1419 2796 1474 95-

552 1526 676 1582 133
746 1518 808 1592 [ξ
859 1523 1107 1581 77-95
1172 1519 1496 1597 descriptio
1554 1519 1886 1580 insularum
1950 1520 2128 1578 maris
2187 1519 2364 1578 Tusci
2430 1515 2792 1588 continetur]

546 1624 634 1682 sic
666 1621 971 1690 describit,
1021 1625 1086 1680 ut
1114 1622 1373 1699 Augusti
1407 1621 1810 1698 discriptionis
1851 1622 1910 1681 in
1952 1621 2227 1680 undecim
2259 1621 2536 1695 regiones
2566 1621 2797 1679 ratione

547 1724 750 1784 habita
795 1717 831 1784 a
879 1725 1121 1785 flumine
1167 1723 1326 1784 Varo
1372 1724 1637 1800 regionis
1682 1741 1876 1783 nonae
1920 1724 2186 1799 incipiat,
2241 1719 2538 1800 ordinem',
2582 1723 2680 1798 qui
2728 1722 2797 1781 li·

545 1831 747 1887 torum
798 1831 993 1887 tractu
1041 1825 1317 1903 efficitur,
1360 1830 1651 1902 sequatur
1695 1844 1885 1903 usque
1930 1825 2004 1885 ad
2046 1827 2264 1885 flumen
2296 1826 2506 1885 Arsam
2542 1825 2800 1901 regionis

547 1928 826 1988 decimae.
935 1930 1002 1988 In
1065 1928 1225 1988 omni
1271 1927 1516 2004 regione
1582 1927 2067 2005 frequentissima
2127 1928 2316 1988 litoris
2374 1927 2596 2005 oppida
2653 1946 2795 1987 enu-

547 2035 753 2109 merat,
785 2049 1022 2090 cursum
1054 2031 1362 2089 fluminum
1395 2029 1695 2107 describit,
1738 2031 2002 2091 colonias
2035 2030 2314 2096 nominat,
2361 2030 2581 2107 oppida
2613 2030 2798 2089 vicos-

548 2153 666 2211 que
698 2134 1002 2194 literarum
1050 2132 1261 2192 ordine
1307 2132 1597 2211 disponit,
1638 2131 1911 2210 adiungit
1955 2151 2075 2207 eos,
2122 2134 2224 2210 qui
2268 2133 2383 2192 iam
2428 2133 2797 2192 interierant.

727 2237 928 2312 Atque
974 2236 1246 2312 primum,
1305 2235 1355 2294 si
1416 2234 1668 2294 indicem
1722 2241 2033 2295 auctorum
2079 2235 2411 2294 Plinianum
2459 2235 2591 2294 libri
2637 2234 2798 2293 tertii
2845 2265 2852 2272 ·

549 2339 930 2415 inspicimus,
993 2339 1060 2395 ut
1104 2341 1413 2412 auctores,
1475 2336 1579 2413 qui
1635 2337 2006 2414 *potissimum
2075 2338 2129 2395 in
2189 2337 2360 2396 Italia
2406 2334 2802 2396 describenda

547 2441 797 2501 adhibiti
846 2444 1003 2518 sunt,
1051 2458 1509 2517 cognoscamus,
1569 2441 1907 2500 invenimus
1963 2459 2169 2500 omnes
2218 2446 2529 2517 auctores,
2590 2440 2691 2516 qui
2740 2441 2802 2499 et

547 2545 605 2601 in
668 2542 865 2602 indice
928 2548 989 2602 et
1049 2544 1108 2601 in
1176 2543 1319 2618 ipsis
1381 2542 1688 2618 scriptoris
1746 2542 1945 2601 verbis
2002 2548 2562 2618 commemorantur,
2623 2542 2797 2601 etiam

549 2645 607 2704 in
658 2644 768 2703 hac
816 2643 948 2704 libri
995 2647 1169 2721 parte
1203 2644 1511 2704 nominari.
1563 2643 1680 2703 Sed
1716 2643 1869 2704 hanc
1900 2644 2226 2719 quaerendi
2258 2646 2411 2703 viam
2445 2645 2803 2721 relinquere,

546 2746 719 2807 aliam
783 2745 1016 2823 ingredi
1075 2745 1304 2805 Plinius
1362 2746 1491 2823 ipse
1557 2745 1735 2806 docet
1795 2747 2002 2807 Italiae
2057 2746 2438 2824 descriptioni
2499 2747 2585 2806 sic
2630 2764 2801 2823 prae-

549 2849 709 2909 fatus
757 2848 818 2920 (ἓ
853 2846 989 2920 46);
1046 2849 1257 2919 „Nunc
1294 2848 1581 2908 ambitum
1630 2850 1756 2908 eius
1802 2847 2174 2923 (sc.1taliae)
2221 2849 2516 2926 urbesque
2562 2867 2802 2908 enume-

550 2953 833 3030 rabimus,
880 2970 998 3029 qua
1044 2952 1103 3011 in
1137 2970 1202 3011 re
1235 2951 1496 3028 praefari
1528 2953 1928 3015 necessarium
1963 2956 2055 3012 est
2086 2970 2196 3012 nos
2228 2952 2428 3011 divum
2465 2953 2798 3027 Augustum

548 3058 875 3125 secuturos,
932 3055 1503 3131 discriptionemque
1564 3056 1639 3114 ab
1698 3074 1769 3114 eo
1825 3054 2037 3127 factam
2098 3054 2307 3115 Italiae
2366 3053 2548 3113 totius
2592 3054 2648 3112 in
2709 3072 2802 3114 re·

546 3158 754 3232 giones
798 3157 899 3227 XI,
947 3156 1054 3216 sed
1105 3156 1315 3216 ordine
1363 3175 1432 3216 eo
1480 3159 1582 3235 qui
1630 3156 1869 3217 litorum
1914 3161 2110 3217 tractu
2156 3155 2258 3217 fiet
2296 3156 2526 3215 urbium
2561 3155 2799 3232 quidem

548 3259 885 3318 vicinitates
937 3259 1206 3318 oratione
1258 3260 1461 3335 utique
1507 3277 1922 3337 praepropera
1951 3259 2179 3319 servari
2212 3278 2328 3318 non
2360 3276 2559 3336 posse,
2602 3259 2805 3334 itaque

550 3361 832 3420 interiore
867 3361 1002 3419 exin
1036 3365 1210 3438 parte
1242 3360 1632 3435 digestionem
1675 3362 1734 3420 in
1768 3362 1974 3422 literas
2006 3360 2266 3422 eiusdem
2319 3378 2426 3420 nos
2471 3364 2807 3433 secuturos,

552 3463 917 3523 coloniarum
966 3463 1266 3522 mentione
1331 3463 1569 3540 signata
1629 3482 1782 3541 quas
1845 3464 1943 3524 ille
2001 3465 2059 3522 in
2108 3482 2178 3523 eo
2228 3462 2493 3541 prodidit
2537 3480 2807 3522 numero.

728 3679 768 3739 ¹)
826 3674 896 3730 cf.
935 3676 1162 3729 Brunn:
1200 3676 1270 3730 de
1305 3683 1514 3731 auctor.
1550 3676 1720 3732 indic.
1747 3677 1893 3737 plin.
1948 3677 2107 3732 Bonn
2151 3682 2296 3731 1s46.

929 3761 1276 3829 Marquardt:
1314 3760 1678 3817 Staatsverw.
1715 3763 1787 3830 ΙΙ,
1824 3779 1879 3830 p.
1906 3767 2004 3815 200
2038 3761 2161 3828 (ubi
2188 3759 2256 3815 cf.
2281 3762 2526 3831 priorum
2552 3761 2805 3830 scripta).

928 3844 1220 3900 Detlefsen
1258 3848 1293 3901 i.
1320 3847 1528 3902 Comm.
1554 3849 1802 3902 Momms.
1832 3865 1883 3916 p.
1910 3849 2127 3901 23—34.
2176 3846 2805 3912 Quellenschrittsteller

1165 3931 1267 3986 des
1303 3932 1441 3987 Plin.
1481 3934 1538 3986 in
1575 3934 1629 3987 d.
1668 3932 1875 3999 Geogr.
1912 3933 2076 4002 Span.

925 4015 1181 4071 Partsch:
1222 4017 1525 4086 Darstellg.
1550 4019 1806 4087 Europae
1834 4018 1872 4070 i.
1897 4017 1950 4072 d.
1975 4032 2167 4086 geogr.
2190 4016 2366 4070 Werk
2395 4017 2495 4070 des
2521 4012 2804 4085 Agrippa.

924 4101 1199 4171 Philippi:
1239 4102 1311 4156 de
1350 4102 1461 4157 tab.
1498 4104 1758 4172 Peuting.
1796 4102 1948 4157 Diss.
1985 4103 2140 4156 Bonn
2187 4106 2332 4155 1876.
2597 4104 2770 4168 [1876.

922 4184 1248 4241 Schweder:
1285 4187 1546 4255 Beitriige
1569 4204 1617 4242 z.
1631 4187 1819 4241 Kritik
1844 4188 1896 4241 d.
1911 4185 2177 4255 Chorogr.
2201 4186 2416 4254 d.Aug.
2449 4192 2592 4241 1876.
2626 4185 2808 4241 1u.11.

923 4271 1120 4325 Riesez
1158 4271 1361 4341 Geogr.
1400 4273 1492 4327 lat.
1529 4272 1775 4327 minores
1813 4272 2029 4341 Proleg.
2066 4288 2121 4339 p.
2159 4270 2538 4326 VII—XVII.
