3166 4871
1032 319 1112 371 De
1148 319 1352 373 nomin.
1386 319 1446 372 in
1480 338 1646 383 -αιος,
1701 324 1734 383 s
1771 325 1851 373 80.
2242 314 2250 331 '
2435 323 2559 383 245

308 494 753 572 diligenterque
797 500 1001 555 essent
1033 495 1450 573 componenda
1489 526 1558 539 ›-
1594 504 1658 557 ut
1689 496 1843 557 hanc
1874 516 2117 574 quoque
2147 500 2555 573 quaestionem

308 598 370 656 in
421 597 708 657 otiosiora
750 602 1025 674 tempora
1070 598 1313 657 differre
1358 599 1688 658 statuerim.
1762 600 1942 659 Nunc
1986 600 2283 659 voeabula
2327 603 2556 660 tantum

306 718 466 775 quae
511 699 598 758 sie
644 700 925 760 desinunt
968 720 1041 759 ex
1098 700 1382 759 Passowii
1437 701 1630 760 lexico
1692 707 1979 777 excerpta
2037 702 2423 777 enumerab0‚
2482 721 2558 761 ne

307 820 490 877 quem
546 802 726 861 alium
771 806 1047 878 oporteat
1093 803 1248 862 hunc
1293 802 1552 861 laborem
1602 805 1713 862 etsi
1759 822 1878 862 non
1924 803 2224 862 difficilem
2271 808 2332 862 at
2376 804 2558 863 mole·

305 909 468 963 stum
513 901 838 981 suscipere.
928 905 1123 981 Alyus
1181 912 1341 964 certe
1403 905 1591 964 multa
1635 906 1839 965 omisit
1895 906 2264 982 (quanquam
2311 907 2557 966 multum

304 1007 486 1066 abest
529 1013 596 1066 ut
638 1026 730 1066 me
777 1007 920 1065 nihil
968 1007 1232 1067 omisisse
1277 1004 1592 1079 affirmem)
1638 1026 1834 1084 neque
1874 1009 2034 1085 apud
2066 1027 2240 1084 quem
2276 1009 2558 1085 quodque

305 1109 668 1168 vocabulum
715 1110 1066 1186 scriptorem
1114 1109 1350 1186 legatur
1393 1109 1727 1186 adscripsit.
1817 1113 2094 1171 Ueterum
2142 1110 2348 1170 videas
2403 1128 2559 1187 quae

307 1211 468 1269 idem
517 1210 593 1270 de
637 1212 750 1271 hoc
795 1212 1010 1271 suffixo
1059 1231 1114 1288 p.
1165 1208 1236 1267 lo
1267 1231 1354 1288 sq.
1399 1213 1543 1272 satis
1589 1212 1853 1273 breviter
1898 1212 2241 1289 disputavit.
2329 1212 2560 1286 Quibus

310 1320 377 1373 ut
425 1314 709 1374 brevibus
754 1314 1168 1392 respondeam,
1213 1315 1433 1392 injuria
1479 1315 1702 1392 rejicit,
1746 1316 2113 1391 argumentis
2159 1334 2278 1375 non
2324 1315 2561 1390 additis,

303 1416 555 1475 Biihleri
603 1415 754 1487 (Das
798 1422 925 1487 Sec.
957 1419 1091 1476 suff.
1144 1416 1323 1475 ΤΗΣ
1361 1435 1419 1493 p.
1452 1413 1559 1489 39)
1615 1424 1675 1476 et
1719 1418 1897 1477 l'ottii
1943 1416 2088 1490 (ΕΡ.
2132 1419 2187 1475 ll
2236 1414 2383 1489 499)
2427 1432 2559 1476 sen-

305 1520 585 1593 tentiam,
657 1536 789 1577 ιαιο
851 1526 1058 1578 natum
1120 1539 1249 1578 esse
1307 1538 1378 1579 ex
1441 1536 1504 1577 ιο
1560 1520 1775 1601 suffixo
1853 1519 1947 1579 vel
2022 1520 2098 1579 ad
2152 1537 2214 1578 ιο
2283 1520 2558 1579 suffixum

303 1621 745 1697 adjectivorum
795 1624 890 1681 vel
939 1623 1013 1681 ad
1056 1640 1124 1679 ιιι
1154 1622 1570 1682 femininorum
1618 1622 1892 1681 suffixum
1941 1623 2038 1695 (ea
2070 1622 2145 1681 de
2176 1641 2240 1681 re
2272 1622 2344 1682 cf.
2375 1638 2561 1698 supra

301 1743 363 1799 p.
404 1718 521 1779 185
547 1723 661 1800 sq.)
705 1724 975 1802 adject03
1021 1743 1198 1801 quam
1231 1728 1425 1784 autem
1459 1726 1585 1800 ipse
1619 1725 1848 1800 profert
1878 1726 2248 1801 sententiam,
2293 1744 2365 1783 ea
2394 1729 2562 1783 recta

305 1845 440 1886 esse
489 1846 607 1887 non
656 1827 909 1887 videtur.
997 1828 1099 1886 Ait
1128 1827 1282 1912 enim
1315 1829 1430 1887 sic:
1477 1828 1807 1903 „Equidem
1842 1844 2071 1896 ι-αιο-ς
2102 1826 2557 1887 describendum

306 1938 480 1989 ratus
526 1947 700 1999 ato-g
746 1950 819 1989 ex
869 1930 1016 1990 falsa
1060 1931 1164 1989 illa
1207 1931 1490 2005 analogia
1535 1931 1610 1988 de
1654 1949 1773 2005 qua
1803 1948 1986 2007 supra
2032 1920 2095 2010 [ξ
2136 1928 2207 1984 12
2254 1928 2329 1987 ad
2376 1928 2563 2004 expli·

307 2032 508 2091 canda
553 2052 682 2091 voc.
717 2033 774 2092 in
808 2050 952 2102 αιος
981 2052 1016 2091 a
1048 2033 1385 2092 nominibus
1432 2033 1582 2091 decl.
1629 2032 1930 2092 secundae
1963 2022 2245 2109 repetita]
2293 2032 2562 2107 exposui,

311 2140 557 2210 repeto:
618 2140 711 2194 est
756 2152 900 2204 αιος
945 2135 1279 2194 terminatio
1325 2135 1440 2193 ista
1491 2135 1886 2211 usitatissima,
1929 2151 2085 2210 quae
2130 2153 2166 2192 a
2209 2133 2567 2191 thematibus

306 2238 365 2294 in
432 2255 473 2293 α
532 2235 608 2294 ad
670 2238 940 2313 quamvis
998 2239 1240 2314 stirpem
1300 2237 1570 2313 adrepsit
1632 2236 1890 2295 hederae
1955 2236 2296 2311 ceterisque
2362 2233 2563 2293 herbis

308 2340 590 2416 parasitis
634 2340 951 2398 simillima.
997 2356 1017 2396 ι
1051 2359 1192 2399 vero
1240 2339 1492 2399 litteram
1539 2338 1617 2397 ad
1664 2338 1925 2397 themata
1960 2336 2158 2396 refero
2191 2335 2563 2412 eandemque

310 2463 440 2502 esse
484 2444 720 2520 opinor,
763 2462 937 2519 quam
984 2444 1040 2502 in
1088 2437 1384 2514 c--d‘to—c,
1431 2435 1716 2513 adio-«3,
1764 2437 2033 2508 ι-ὀευ-ς,
2078 2434 2295 2518 ι-ὸή-ς,
2343 2456 2564 2510 ι-κο-ς,

311 2562 537 2621 ι-μο-ς,
583 2563 783 2624 ι-τη·ς
815 2546 1046 2605 suffixis
1079 2566 1188 2604 nec
1225 2565 1342 2604 non
1377 2547 1434 2604 in
1469 2544 1619 2619 ι-ζω
1652 2546 1879 2604 verbali
1910 2545 2117 2620 aliqua
2148 2544 2564 2602 terminatione

312 2649 695 2708 usitatissima
725 2693 738 2706 .
770 2651 784 2707 .’
815 2695 828 2708 .
859 2693 873 2707 .
905 2694 919 2708 .
964 2651 1119 2708 solet
1164 2651 1222 2708 in
1270 2651 1474 2724 lingua
1519 2651 1752 2707 Graeca
1794 2653 1934 2706 ante
1981 2647 2240 2724 quodvis
2278 2645 2562 2704 suffixum

311 2750 518 2809 ultima
577 2752 855 2810 thematis
917 2753 1140 2811 vocalis
1198 2752 1257 2810 in
1313 2769 1334 2808 ι
1381 2751 1690 2810 extenuari
1749 2745 2063 2809 littc‘ra1n“.
2164 2749 2566 2807 Vehementer

311 2859 508 2912 a'utem
558 2858 748 2930 errat,
806 2871 913 2912 αιο
969 2856 1444 2913 terminationem
1491 2854 1567 2911 ad
1616 2853 1891 2930 quamvis
1936 2854 2185 2928 stirpem
2230 2851 2564 2925 adrcpsisse

312 2957 658 3016 adfirmans.
749 2958 890 3015 Eius
936 2957 1172 3032 quidem
1222 2957 1295 3014 de
1342 2976 1461 3032 quo
1511 2976 1671 3015 nunc
1716 2957 1946 3032 agimus
1990 2954 2190 3013 suffixi
2236 2970 2369 3009 ιιιιο
2416 2952 2564 3009 haec

314 3065 532 3119 natura
577 3065 698 3137 est3
742 3060 848 3118 sed
894 3060 1186 3118 vocabula
1231 3061 1290 3119 in
1322 3076 1431 3117 αιο
1480 3059 1815 3118 desinentia
1844 3077 1881 3116 a
1913 3056 2197 3131 stirpibus
2228 3057 2284 3113 in
2333 3073 2374 3110 α
2420 3059 2480 3112 et
2523 3070 2561 3110 ο

313 3161 687 3222 descendunt
751 3162 1096 3222 innumera:
1159 3162 1236 3220 ad
1309 3162 1527 3237 stirpes
1604 3161 1664 3219 in
1738 3164 2167 3218 consonantem
2229 3156 2328 3214 vel
2390 3156 2562 3214 aliam

311 3267 582 3325 vocalem
631 3264 972 3324 desinentes
1019 3282 1265 3339 perraro
1313 3283 1382 3321 ac
1427 3264 1554 3322 fere
1603 3280 1906 3338 nunquam
1953 3260 2254 3337 adjectum
2287 3278 2421 3318 esse
2453 3274 2561 3316 ato

315 3368 589 3444 proxima
621 3368 1005 3444 paragrapho
1039 3367 1399 3426 docebimus.
1461 3367 1594 3424 Hoc
1632 3365 1812 3440 igitur
1843 3383 2025 3440 quum
2060 3381 2378 3439 perperam
2412 3363 2564 3438 posi-

314 3477 434 3529 tum
481 3470 577 3544 sit,
624 3470 1063 3529 conclusionem
1111 3473 1336 3527 rectam
1384 3487 1515 3527 esse
1564 3486 1683 3526 non
1730 3485 1908 3542 posse
1953 3471 2239 3543 apparet.-

483 3575 610 3632 Iam
658 3573 897 3650 singula
942 3572 1232 3631 vocabula
1277 3589 1637 3630 enumerem.

484 3668 801 3744 αἰετιαῖος
838 3676 969 3733 iser.
1035 3661 1380 3750 ιὲκαρικῖυς
1409 3676 1574 3732 nem.
1618 3674 1792 3731 Arist.
1808 3671 2091 3730 DHal.al.
2136 3658 2566 3747 ἀλουργιαῖος

317 3780 446 3838 iser.
482 3764 835 3855 ἱεμαξιαϊυς
879 3780 947 3836 Χ.
984 3778 1156 3836 Diod.
1246 3762 1596 3854 άμαριαῑυς
1639 3776 1870 3852 Thphr.
1958 3759 2304 3850 ἄμυχιαῑος
2340 3773 2427 3830 Pl.
2458 3772 2565 3830 Ax.

318 3865 660 3957 ἅνεμιαῑος
709 3881 791 3938 Pl.
923 3865 1295 3953 ἇστεριαῐος
1350 3879 1568 3938 Cleom.
1698 3877 2063 3954 βλωμιαῑος
2119 3876 2363 3934 Philcm.
2417 3893 2565 3933 com.

316 3983 701 4060 ρροντιαῑος
753 3984 1004 4061 llipper.
1050 3985 1213 4058 Gal.;
1274 3981 1350 4039 cf.
1395 4000 1579 4057 supra
1640 3999 1695 4054 p.
1751 3979 1881 4038 172..ss
2011 3977 2333 4055 βωμιαῑος
2386 3978 2566 4052 δορὴ.

317 4091 761 4164 προγαμιαῖος
792 4104 907 4145 scr.
940 4085 1069 4162 byz.
1157 4090 1567 4162 γιγαυτιαῑος
1594 4083 1809 4159 Aesop.
1834 4083 1950 4141 fab.
2037 4087 2352 4158 yon-calos·
2380 4079 2567 4137 Dual.

317 4173 811 4268 ἅκρογωνιαῑος
857 4186 985 4247 NT.
1028 4206 1141 4246 scr.
1187 4187 1330 4246 eccl.
1419 4181 1850 4256 δακτυλιαῖος
1883 4186 2126 4262 llippcr.
2213 4171 2384 4260 ἡμιό.
2406 4183 2567 4240 Sext.

321 4292 485 4368 Emp.
574 4284 1077 4359 διδακτυλιαῐος
1102 4290 1230 4350 Gal.
1255 4290 1310 4350 S.
1335 4290 1500 4366 Emp.
1590 4284 1754 4366 τριδ.
1783 4293 1837 4349 ὀ.
1846 4290 2030 4363 Emp.
2058 4285 2220 4344 Orib.
2315 4276 2567 4358 tarpaei.
