3166 4871
584 210 665 278 36
1589 208 1847 267 zacher

582 408 712 451 sors
756 389 1193 450 terminationis
1238 405 1374 460 ειος
1418 392 1538 467 est,
1594 407 1750 466 quae
1803 390 2045 451 omnino
2097 390 2174 451 ad
2222 391 2452 451 nullum
2497 390 2624 453 fere
2669 393 2831 469 aliud

582 491 1009 553 vocabulorum
1087 493 1552 570 compositorum
1626 510 1820 570 genus
1883 493 2221 554 adhibetur.
2329 494 2526 555 Huius
2591 496 2832 571 generis

582 599 723 655 sunt
765 613 821 654 v.
851 613 903 654 c.
946 582 1413 673 προςάλπειος,
1455 580 1925 673 ὑπεράλπειος,
1969 582 2367 667 ὕπάλπειος,
2410 585 2831 677 προάστειος,

579 691 1078 776 προσαυλείους
1106 685 1306 772 τύχας
1348 697 1490 756 Eur.
1521 696 1700 756 Rhes.
1732 699 1874 774 273,
1917 687 2392 777 προβακχήιος,
2437 686 2830 775 διαβόρειος,

580 788 1048 876 καταβόρειος,
1110 786 1574 876 προςβόρειος,
1638 790 1937 869 ἐπέτειος
1997 800 2075 858 al.
2126 830 2210 840 —
2267 801 2374 860 His
2433 801 2616 876 igitur
2675 819 2830 878 quae

581 901 958 961 distinximus
1033 900 1466 961 vocabulorum
1542 901 1864 977 generibus
1938 900 2223 962 detractis
2287 901 2569 979 (quorum
2637 905 2832 964 omnia

582 1004 885 1081 exempla,
928 1020 1085 1078 quae
1129 1003 1444 1063 innumera
1487 1008 1654 1081 sunt,
1697 1020 2054 1081 percensere
2097 1005 2173 1064 ab
2220 1005 2334 1064 hoc
2379 1006 2510 1065 loco
2555 1009 2648 1065 est
2689 1006 2827 1065 alie-

582 1105 769 1184 num),
812 1123 1118 1182 perpauca
1148 1109 1378 1165 restant
1406 1122 1552 1165 vera
1582 1107 1914 1183 composita
1940 1106 1999 1166 in
2035 1123 2170 1175 ειος
2212 1105 2564 1167 desinentia.
2637 1106 2830 1180 (Com-

580 1208 781 1285 posita
824 1205 886 1265 in
932 1223 1135 1284 -γειος
1181 1225 1301 1266 non
1347 1206 1527 1266 huius
1572 1224 1706 1267 esse
1735 1208 1976 1284 generis
2004 1214 2277 1285 apparet,
2319 1227 2503 1287 quum
2544 1227 2664 1269 non
2697 1225 2830 1278 ειος

581 1311 657 1371 sit
687 1308 930 1371 affixum
962 1309 1069 1368 sed
1101 1326 1222 1381 ιος,
1267 1327 1293 1368 ε
1327 1309 1546 1370 radicis
1575 1310 1652 1369 sit
1680 1307 2031 1386 proprium).
2104 1311 2240 1370 Duo
2271 1311 2557 1371 Nicandri
2587 1300 2829 1369 πανά-

580 1429 805 1482 κειος
862 1411 1045 1473 Ther.
1093 1415 1214 1474 508
1272 1411 1458 1489 (quod
1516 1430 1630 1490 pro
1690 1402 1996 1490 πανακής
2061 1411 2137 1472 ad
2197 1413 2637 1475 similitudinem
2693 1413 2826 1474 sub-

579 1516 822 1578 stantivi
865 1502 1243 1573 πανάκειον
1298 1513 1619 1575 confictum
1663 1511 1957 1594 videtur),
2000 1518 2062 1574 et
2102 1504 2605 1585 πανάκτειος
2649 1516 2828 1576 Ther.

582 1622 703 1680 626
766 1616 983 1676 dubiae
1043 1617 1444 1692 auctoritatis,
1513 1635 1699 1693 quum
1760 1617 1984 1694 optimo
2029 1617 2237 1689 codice
2299 1613 2371 1677 Π
2411 1617 2695 1678 traditum
2753 1618 2829 1678 sit

579 1708 1053 1779 πανάκτειλον.
1144 1720 1477 1795 Utrumque
1521 1718 1881 1779 vocabulum
1923 1719 2135 1797 incipit
2177 1737 2214 1779 a
2255 1736 2425 1778 πανε
2500 1722 2826 1798 composita

581 1826 780 1883 autem
829 1821 943 1880 hoc
985 1821 1187 1897 priore
1230 1820 1493 1882 membro
1538 1822 1768 1882 utentia
1802 1822 1929 1899 jam
1974 1822 2138 1898 apud
2178 1822 2502 1882 Homerum
2545 1822 2826 1891 adamare

579 1923 864 1985 suffixum
896 1937 959 1981 ιο
983 1922 1190 1983 videas
1220 1941 1295 1984 ex
1318 1925 1705 1985 annotatione
1729 1942 1885 2002 quae
1908 1923 2070 1983 infra
2090 1924 2369 2002 paginam
2394 1928 2503 1985 est.
2566 1925 2823 1986 Nonnus

578 2027 758 2087 habet
813 2008 1351 2104 εὖρυγένειος
1412 2024 1486 2084 de
1546 2042 1718 2103 sene,
1779 2026 1941 2102 quod
2002 2045 2186 2102 quum
2233 2045 2270 2085 a
2310 2016 2505 2104 γενεά
2546 2027 2824 2086 videatur

579 2146 709 2188 esse
767 2126 1133 2203 derivatum,
1193 2128 1332 2187 hinc
1389 2127 1743 2205 diphthongi
1790 2144 1822 2185 ε
1865 2128 2111 2205 recepit.
2198 2130 2446 2189 Praeter
2500 2128 2649 2188 haec
2703 2147 2820 2188 non

577 2230 778 2290 inveni
826 2229 936 2288 nisi
995 2222 1590 2307 πατρογένειος
1644 2248 1755 2308 pro
1808 2219 2222 2309 πατρογενής
2265 2230 2429 2308 apud
2475 2231 2629 2291 Plut.
2673 2231 2822 2291 Mor.

577 2350 635 2409 p.
660 2333 782 2391 730
812 2332 888 2407 E,
947 2330 1111 2406 quod
1165 2348 1311 2390 sane
1356 2329 1676 2407 permirum
1723 2336 1785 2392 et
1826 2331 1989 2392 haud
2034 2332 2163 2392 scio
2204 2350 2281 2391 an
2328 2332 2595 2392 codicum
2642 2334 2823 2410 culpa

575 2432 901 2494 Plutarcho
946 2433 1288 2511 obtrusum,
1344 2452 1526 2510 quum
1573 2438 1778 2495 cetera
1822 2434 2020 2495 omnia
2063 2435 2393 2513 composita
2436 2435 2496 2495 in
2541 2453 2822 2514 -γενειος

578 2555 616 2595 a
665 2528 928 2613 γένειον
960 2540 1242 2614 mentum,
1284 2536 1490 2614 barba,
1534 2536 1808 2597 derivata
1848 2531 1997 2596 siut:
2043 2521 2355 2614 ἀγένειος,
2399 2521 2822 2617 ἄρτιγένειος,

576 2624 923 2714 εὐγένειος,
970 2635 1140 2695 λειο-
1187 2630 1378 2696 alvo-
1425 2622 1626 2716 ἀκρο-
1667 2636 1887 2712 βαθυ-
1934 2623 2124 2717 εὐρυ-
2168 2626 2321 2718 ἡμι-
2367 2657 2575 2700 κακο-
2617 2636 2819 2721 uad-1]-

572 2754 817 2818 μακρο-
862 2756 1085 2817 μικρο-
1132 2726 1283 2813 ὀξυ-
1310 2756 1476 2820 προ·
1505 2755 1776 2819 πρωτο-
1807 2731 2354 2822 ρινεγκαταπηξι-
2383 2729 2551 2801 ὑπο·
2576 2742 2822 2821 χαλκο-

575 2835 844 2920 γένειος.
920 2842 1197 2919 Denique
1226 2860 1298 2901 ex
1331 2842 1680 2902 Herodiano
1709 2843 2058 2904 Eustathius
2087 2845 2264 2905 affert
2298 2829 2823 2925 ἆβελτέρειος,

575 2943 737 3020 quod
783 2944 1115 3004 derivatum
1160 2945 1389 3022 putarit
1430 2963 1504 3004 ex
1548 2929 1921 3021 ἀβέλτερος.
2010 2946 2199 3007 Lenta
2245 2946 2405 3007 Hdn.
2448 2949 2495 3025 1,
2543 2949 2683 3026 137,
2727 2954 2821 3007 11.

472 3041 475 3044 ’
573 3046 650 3122 11,
691 3049 835 3120 438,
879 3049 978 3109 25.

746 3149 927 3210 Vides
973 3168 1150 3225 quam
1198 3149 1346 3210 nihil
1389 3148 1518 3210 fere
1551 3111 1835 3228 praesidii
1877 3169 1951 3212 ex
1982 3151 2076 3211 his
2104 3155 2436 3230 temporum
2484 3152 2818 3213 infimorum

472 3300 477 3303 .
575 3252 921 3311 commentis
967 3252 1161 3328 iisque
1206 3252 1562 3329 pierumque
1609 3251 1825 3313 dubiae
1880 3253 2252 3316 auctoritatis
2306 3256 2430 3331 peti
2482 3256 2674 3332 possit
2713 3255 2818 3314 ad-

573 3513 783 3567 στριος,
819 3493 1173 3565 πολυδίψιος,
1212 3493 1626 3569 σκοτομήνιος,·
1677 3500 1859 3569 priore
1894 3500 2143 3556 membro
2177 3501 2394 3557 verbali
2429 3499 2817 3574 ταλαπείριος,

571 3587 630 3635 et
665 3587 728 3636 nt
761 3581 987 3636 videtur
1029 3581 1310 3637 Minervae
1357 3582 1648 3654 epitheton
1696 3577 1955 3655 ἀγελείη,
2003 3586 2038 3641 i.
2065 3601 2114 3641 e.
2152 3602 2295 3655 quac
2329 3583 2433 3643 τὸν
2467 3582 2612 3643 λαὸν
2646 3587 2818 3643 ducit.

569 3663 627 3720 A
664 3670 780 3721 πᾶν
812 3668 1113 3737 incipiunt:
1166 3663 1542 3740 πανημέριος,
1579 3666 1918 3741 πανδήμιος,
1966 3667 2297 3741 παννύχιος,
2343 3678 2739 3742 πανομφαῒοςς
2785 3688 2835 3726 a.

569 3752 983 3821 praepositione
1007 3753 1169 3808 haee:
1209 3747 1539 3822 ἄποθύμιος
1575 3750 1822 3821 εἰνάλιος
1846 3751 2090 3821 είνόδιος
2113 3750 2468 3828 ἐναρίθμιος,
2507 3752 2817 3827 ἐνεύναιος,

572 3829 863 3904 ἐνθύμιος,
901 3831 1174 3908 ἐννύχιος,
1212 3831 1489 3904 ἐνύπνιος,
1527 3833 1763 3905 ἐνώπια,
1803 3834 2113 3911 ἐπιδήμιος,
2152 3836 2486 3913 ἐπιδίφριος,
2525 3836 2817 3913 ἐπινεφρί-

569 3923 710 3985 διος,
760 3915 1129 3993 ἐπισφύρων,
1169 3916 1516 3992 ἐπιχθόνιος,
1556 3917 1945 3993 ἐπομφάλιος,
1996 3919 2360 3998 ἐπουράνιος,
2406 3922 2818 3996 καταχθόνιος,

568 4009 907 4071 κατουδαῖος
927 4007 1181 4076 (hymn),
1216 4004 1577 4077 μεταδήμιος,
1609 4005 2011 4080 μεταδόρπιος,
2035 4008 2403 4078 μεταμάζιος,
2428 4010 2820 4081 μεταρίθμιος

568 4089 688 4156 (11.),
734 4086 1097 4162 προθύραιος
1125 4093 1245 4159 (11.),
1294 4088 1719 4162 προτιδόρπιος,
1755 4087 2111 4161 ὕπασπίδιος,
2147 4089 2521 4166 ὑπερθύριον,
2559 4090 2817 4165 ἰτπηοῒος.

567 4166 943 4241 ὓποπλάκιος,
980 4169 1420 4247 ὑποταρτάριος,
1458 4170 1825 4248 ὕπουράνιος,
1861 4173 2204 4251 ὑποχείριος,
2239 4175 2596 4251 ὑπωρόφιος.
