3166 4871
2535 318 2611 376 15

377 492 599 566 narrati,
629 504 737 549 eae
772 493 915 549 saut
936 492 1006 548 'ut
1026 489 1332 566 aptissima
1355 488 1632 549 videatur
1655 489 2090 561 Wachsmuthii
2113 490 2408 549 sententia
2449 487 2615 561 [hell.

376 591 475 650 alt.
500 591 559 650 11
590 610 649 668 p.
671 586 873 661 801J:
916 591 1155 667 „wobin
1184 619 1271 631 -—
1302 610 1375 651 zu
1416 592 1531 651 den
1570 591 1942 667 gesalscbten
1983 591 2496 667 orakelsprflcbcu
2527 574 2613 631 -’-

375 694 526 755 aucb
588 693 698 753 der
757 712 875 753 von
938 694 1056 753 den
1103 693 1411 772 Cnidiern,
1468 694 1792 769 gleichsam
1853 712 1985 753 zum
2041 699 2232 754 troste
2293 694 2442 753 uber
2486 694 2614 754 ihre

378 795 681 856 schlechte
740 795 1165 873 verteidigung
1210 796 1509 856 dienende
1553 797 1774 874 spruch
1822 797 2088 872 gehfiren
2139 789 2433 857 mochte“.
2522 796 2620 857 Ab

376 897 523 975 ipsis
569 896 799 958 Cnidiis
858 898 1163 975 accepisse
1221 917 1286 958 se
1332 899 1642 958 oraculum
1688 900 1816 974 ipse
1859 898 2207 959 Herodotus
2250 898 2424 977 dicit,
2482 917 2616 958 cum

379 998 560 1059 addat
615 986 707 1070 ὡς
765 983 960 1058 αὐτοὶ
1006 992 1271 1059 Κνίδιοι
1315 994 1642 1078 λέγουσιν.
1734 1001 2059 1062 Graculum
2120 1003 2303 1079 igitur
2348 1005 2451 1060 aut
2496 1020 2614 1060 om·

379 1103 521 1162 nino
577 1121 614 1160 a
657 1102 878 1177 Pythia
922 1100 1145 1162 editum
1192 1122 1313 1162 non
1359 1121 1509 1180 esse,
1555 1109 1690 1181 aut,
1737 1105 1783 1163 si
1831 1103 2055 1164 editum
2103 1107 2211 1180 est,
2255 1121 2439 1180 prosa
2484 1122 2613 1164 ora-

380 1205 542 1266 tione
588 1204 826 1267 videtur
867 1205 1258 1285 processisse.
1278 1204 1320 1275 ¹)

553 1308 763 1387 Itaque
832 1327 967 1371 cnm
1036 1326 1217 1368 unum
1275 1314 1474 1369 exstet
1532 1329 1607 1373 ex
1666 1311 1993 1372 vetustiore
2050 1314 2246 1372 aetate
2306 1310 2615 1371 oraculum

385 1415 572 1470 metro
620 1410 870 1471 iambico
916 1413 1340 1491 conscriptum,
1385 1412 1460 1473 de
1504 1430 1624 1489 quo
1670 1430 1768 1472 res
1800 1413 1981 1473 dubia
2009 1430 2143 1473 esse
2171 1418 2388 1491 potest,
2419 1419 2619 1473 cetera

385 1514 582 1573 omnia
641 1513 960 1573 sudeticia
1018 1512 1162 1591 sint,
1238 1514 1381 1573 mihi
1441 1514 1681 1591 quidem
1743 1515 2103 1592 Apollonius
2159 1520 2318 1576 recte
2378 1515 2621 1582 videtui·

386 1606 707 1692 iudicasse,
766 1634 899 1675 eum
960 1616 1339 1677 oraculorum
1396 1622 1651 1677 metrum
1694 1617 1945 1695 Delphis
1989 1617 2394 1678 hexametrum
2440 1617 2619 1678 fuisse

385 1717 633 1777 diceret.
732 1717 985 1778 Accedit
1044 1718 1202 1795 quod
1250 1733 1362 1797 per
1407 1737 1472 1779 se
1532 1720 1660 1780 veri
1719 1720 1967 1784 similius
2012 1725 2118 1809 est¹
2156 1721 2356 1781 omnia
2412 1720 2619 1781 eodem

386 1825 575 1880 metro
635 1821 963 1899 composita
1018 1820 1199 1882 fuisse
1259 1823 1530 1882 oracula:
1589 1827 1650 1882 et
1709 1822 1823 1883 hoc
1881 1841 2122 1901 quoque
2183 1823 2617 1901 respiciendum

332 1918 339 1925 ’
385 1927 477 1981 est
506 1922 894 2000 ,dactylicum
956 1922 1130 1983 modo
1190 1927 1439 1984 metrum
1483 1925 1901 2003 artissimeque
1947 1945 2078 1985 cum
2126 1945 2196 1987 eo
2243 1928 2620 1986 coniunctam

387 2026 614 2100 epicam
679 2025 998 2085 dialectum
1058 2025 1132 2085 ab
1175 2028 1604 2103 antiquissimis
1646 2028 2015 2105 temporibus
2059 2028 2329 2089 omnibus
2374 2029 2624 2089 Graecis

387 2130 529 2185 nota
574 2127 773 2187 fuisse.

1424 2568 1588 2666 ΙΙΙ.

557 2782 618 2845 Si
691 2782 824 2860 quis
882 2781 1180 2861 Apollinis
1236 2801 1397 2861 quae
1456 2784 1779 2844 traduntur
1838 2784 2084 2844 oracula
2143 2785 2484 2844 accuratius
2541 2784 2624 2844 in-

393 2885 683 2963 spexerit,
742 2904 934 2963 paene
994 2887 1194 2946 omnia
1246 2905 1363 2947 non
1412 2887 1587 2947 modo
1632 2886 1795 2965 apud
1841 2886 2239 2964 Herodotum,
2298 2887 2403 2946 sed
2449 2887 2625 2946 etiam

394 2986 557 3062 apud
618 2988 977 3048 Pausaniam
1038 2992 1098 3048 et
1157 2989 1482 3050 Eusebium
1526 2994 1879 3066 ceterosque
1939 2989 2156 3066 quibus
2214 3007 2289 3049 ea
2345 2989 2628 3049 debemus

392 3090 717 3168 scriptores
761 3088 1014 3151 dialecto
1057 3097 1161 3152 aut
1204 3093 1374 3171 epica
1416 3097 1522 3154 aut
1562 3094 1745 3154 attica
1788 3091 2118 3172 co'mposita
2146 3110 2275 3152 esse
2307 3096 2628 3168 cognoscet

568 3359 610 3425 ¹)
644 3357 729 3411 De
775 3358 1004 3414 oraculo
1057 3359 1208 3429 quod
1255 3358 1458 3414 dicitur
1504 3364 1693 3429 φιλεῖν
1741 3363 1858 3413 τῶν
1912 3351 2205 3428 φιλτάτων
2257 3351 2332 3411 τὰ
2383 3353 2630 3426 φίλτατα

391 3457 568 3512 pauca
603 3442 707 3498 boc
740 3444 867 3499 loco
901 3444 1118 3498 addam.
1188 3443 1256 3497 In
1292 3460 1449 3513 prov.
1475 3460 1607 3513 app.
1631 3444 1683 3498 V
1710 3451 1740 3500 3
1776 3444 1912 3499 haec
1953 3441 2336 3499 inveniuntur:
2389 3438 2634 3510 Μηλίοις

393 3519 617 3583 ἀνεῖλεν
660 3521 691 3582 ὁ
742 3524 887 3594 θεὸς
930 3532 1117 3599 φιλεῖν
1159 3532 1278 3582 τῶν
1325 3524 1617 3598 φιλτάτων
1665 3525 1735 3582 τὰ
1780 3527 2044 3598 φίλτατα.
2079 3523 2281 3600 μέχρις
2328 3518 2432 3583 οὖν
2482 3521 2631 3583 ἐτῶν
2687 3571 2695 3578 .

392 3609 535 3669 δέκα
569 3605 637 3678 ἓξ
672 3609 1028 3686 περιέφερον
1053 3610 1304 3684 γυμνοὺς
1337 3610 1469 3678 τοὺς
1491 3617 1697 3678 παῖδας
1731 3611 1830 3668 καὶ
1853 3612 2204 3684 κατεφίλουν
2230 3609 2294 3670 ἐν
2319 3610 2629 3687 συμποσίᾳ.

390 3698 569 3755 Nimis
604 3699 879 3755 obscurus
927 3705 1015 3755 est
1046 3705 1202 3755 totus
1252 3699 1339 3754 hie
1372 3699 1660 3754 Meliorum
1704 3714 1849 3767 mos,
1896 3699 2055 3754 cuius
2099 3705 2244 3754 teste
2279 3698 2454 3754 Suida
2488 3699 2552 3767 [s.
2578 3713 2630 3752 v.

382 3788 511 3839 ’τῶν
546 3779 877 3855 φιλτάτων.
908 3785 939 3855 .]
975 3786 1143 3841 etiam
1177 3785 1512 3840 Aristoteles
1547 3785 1885 3840 mentionem
1921 3783 2072 3850 fecit,
2107 3798 2274 3854 quam
2308 3789 2372 3840 ut
2407 3783 2631 3838 demon-

390 3878 569 3928 strare
612 3871 895 3943 possimus
948 3877 1049 3926 aut
1092 3870 1397 3939 genuinum
1447 3885 1571 3925 esse
1616 3868 1720 3925 hoc
1777 3869 2063 3927 oraculum
2106 3873 2204 3923 aut
2247 3867 2631 3923 subditicium.

393 3957 667 4027 Equidem
703 3971 910 4012 censeo
942 3954 1166 4024 Melies,
1214 3956 1261 4010 si
1306 3970 1365 4010 re
1412 3970 1548 4010 vera
1581 3969 1787 4009 morem
1830 3953 1985 4008 illum
2028 3953 2313 4021 colebant,
2357 3952 2626 4022 originem

393 4042 513 4098 eius
548 4043 619 4097 ad
655 4042 792 4097 deos
827 4040 1032 4096 referre
1067 4040 1359 4110 cupientes
1395 4040 1677 4094 oraculum
1713 4044 1960 4094 nostrum
2012 4038 2243 4094 finxisse
2278 4038 2430 4107 quod
2464 4036 2629 4091 etiam

394 4126 450 4179 in
470 4126 755 4194 proverbii
776 4126 1239 4183 cousuetudinem
1264 4126 1488 4180 venisse
1512 4140 1581 4179 ex
1607 4123 2026 4193 proverbiorum
2049 4123 2357 4193 appendice
2380 4127 2630 4191 apparet.

398 4211 656 4267 Ceterum
700 4213 866 4268 valde
911 4212 1139 4268 dubium
1188 4215 1276 4265 est
1310 4225 1440 4263 num
1479 4209 1651 4265 verba
1687 4213 1804 4262 τῶν
1839 4205 2132 4278 φιλτάτων
2166 4203 2238 4263 τὰ
2279 4205 2526 4276 φίλτατα
2561 4220 2630 4258 ex

400 4310 563 4351 versu
599 4298 831 4353 iambico
866 4296 1175 4367 repetenda
1210 4294 1339 4364 sint,
1379 4310 1489 4364 qua
1522 4293 1579 4347 in
1617 4293 1894 4349 sententia
1931 4293 2190 4348 Wolffius
2225 4297 2497 4348 versatur.
