3166 4871
554 183 677 246 330

1500 361 1638 437 §a
1726 365 1833 419 At.

726 479 901 553 Quod
963 481 1213 557 primum
1281 484 1490 541 attinet
1563 483 1639 541 ad
1700 484 1946 542 formam
2029 485 2358 562 particulae
2397 502 2400 505 ¹
2440 489 2535 562 at,
2619 485 2802 544 semel

555 582 862 641 iuvenitur
920 586 1050 654 ast,
1124 600 1174 641 c.
1217 587 1296 644 99
1358 581 1526 661 (119,
1566 589 1679 646 20:
1740 586 1979 644 incultis
2034 586 2393 659 asperisque
2451 585 2802 661 reqiouihus

557 684 783 742 diucius
839 685 1004 743 nives
1065 685 1352 755 haerent,
1413 692 1514 744 ast
1568 685 1673 745 ubi
1727 692 1944 745 aratro
2006 687 2354 760 domefacta
2399 688 2581 747 tellus
2624 688 2800 761 nitet,

558 786 697 844 dum
743 787 1020 859 loqueris,
1066 787 1210 845 levis
1244 789 1475 862 pruina
1504 786 1843 858 dilabitur).
1914 808 2110 867 neque
2155 789 2540 849 dubitandum
2590 794 2682 849 est
2726 789 2800 848 de

556 890 856 965 scriptura
915 888 1284 966 (quanquam
1334 891 1677 966 Draegerus
1722 892 1757 961 ᾗ
1788 895 1910 952 334
1958 893 2035 950 iu.
2143 892 2297 952 hanc
2342 892 2589 952 formam
2638 891 2800 968 apud

556 991 861 1067 prosaicos
917 992 1239 1068 scriptores
1292 993 1640 1053 recentioris
1686 995 1816 1052 aevi
1863 995 2120 1054 inveniri
2169 993 2402 1071 negat),
2470 995 2611 1071 quia
2656 995 2803 1054 haec

559 1094 747 1153 forma
807 1094 1116 1171 aptissima
1175 1101 1266 1154 est
1308 1094 1569 1155 tumidae
1615 1097 1870 1156 orationi
1919 1096 2075 1156 illius
2129 1097 2242 1157 loci
2304 1095 2406 1170 (cf.
2452 1096 2803 1156 Buecheleri

559 1196 693 1255 adu.
741 1195 816 1255 ad
852 1197 906 1254 h.
940 1192 1018 1268 1.).
1106 1203 1267 1257 recte
1316 1198 1387 1256 H.
1431 1196 1658 1258 Jordan
1707 1196 1886 1271 (Krit.
1931 1199 2108 1258 Beitr.
2153 1219 2200 1258 z.
2247 1199 2459 1260 Gesch.
2506 1199 2561 1258 d.
2605 1200 2804 1259 latein.

558 1298 690 1376 Spr.
734 1318 793 1375 p.
840 1302 964 1360 290
1008 1297 1201 1377 seqq.)
1263 1299 1336 1359 de
1397 1318 1506 1359 usu
1561 1301 1890 1377 particulae
1935 1308 2033 1360 ost
2077 1301 2389 1379 disputans
2435 1301 2802 1363 demonstrat

560 1401 699 1461 inde
759 1402 833 1461 ab
889 1421 1038 1461 aevo
1083 1402 1398 1480 Augusteo
1444 1422 1570 1463 eam
1621 1422 1737 1464 non
1787 1405 2038 1464 inveniri
2088 1406 2197 1464 nisi
2243 1406 2301 1464 in
2349 1405 2619 1465 sollemni
2665 1422 2802 1482 poe·

558 1511 752 1563 tarum
801 1522 1075 1564 sermone
1122 1509 1183 1564 et
1227 1505 1389 1582 apud
1436 1524 1538 1565 eos
1585 1507 1927 1584 scriptores,
1972 1508 2071 1584 qui
2119 1508 2280 1567 huuc
2320 1526 2649 1568 sermonem
2679 1508 2803 1567 imi-

557 1611 776 1665 tentur.
886 1608 968 1666 ita
1042 1610 1243 1666 noster
1314 1626 1558 1684 quoque
1635 1608 1800 1667 locus
1873 1608 2293 1669 recordatione
2364 1609 2616 1668 alicuius
2686 1610 2800 1669 loci

560 1709 775 1786 poetici
838 1708 1077 1768 videtur
1137 1717 1304 1769 ortus
1363 1728 1529 1788 esse,
1604 1713 1954 1788 praesertim
2024 1729 2153 1770 cum
2223 1711 2483 1772 formula
2547 1717 2643 1771 ast
2702 1709 2806 1770 ubi

559 1811 798 1887 saepius
844 1811 1060 1870 talibus
1105 1811 1253 1871 locis
1299 1810 1639 1896 usurpetur.
1683 1811 1782 1883 (cf.
1826 1812 2054 1873 Jordan
2099 1833 2155 1891 p.
2189 1817 2329 1874 297.
2403 1814 2607 1875 Senec.
2651 1819 2804 1891 trag.

559 1912 651 1972 ed.
697 1912 820 1973 Leo
854 1914 880 1972 Ι
926 1917 1050 1975 214
1087 1917 1273 1991 seqq.)

729 2015 990 2075 Primum
1059 2017 1356 2092 particula
1421 2024 1484 2075 at
1550 2018 1799 2077 inservit
1872 2021 2039 2094 gravi
2116 2019 2476 2096 oppositioni
2550 2018 2804 2077 duarum

558 2135 757 2178 rerum
807 2122 910 2177 aut
954 2121 1396 2180 sententiarum.
1484 2120 1559 2179 cf.
1606 2139 1654 2180 c.
1703 2124 1781 2181 93
1830 2119 1998 2198 (112,
2031 2118 2127 2198 2),
2171 2124 2252 2181 99
2299 2120 2466 2196 (119,
2497 2118 2636 2196 20),
2686 2125 2805 2181 135

558 2220 723 2293 (193.
757 2216 839 2292 4).
926 2221 1223 2281 interdum
1287 2223 1376 2282 vis
1434 2223 1873 2282 coniunctionis
1935 2223 2169 2283 adiecta
2228 2223 2523 2300 particula
2584 2230 2808 2281 contra

558 2323 730 2382 etiam
777 2329 1049 2399 augetur.
1139 2324 1210 2382 cf.
1245 2342 1295 2383 c.
1332 2329 1450 2385 124
1496 2324 1664 2401 (168,
1701 2330 1793 2384 17.
1855 2325 1924 2384 cf.
1959 2324 2155 2385 Haud.
2183 2327 2211 2384 1
2243 2328 2386 2402 424,
2418 2329 2473 2386 7.
2519 2326 2808 2401 Draeger.

558 2422 770 2503 (5334,
803 2425 881 2498 2).
972 2427 1154 2485 multo
1216 2428 1405 2487 levior
1460 2434 1551 2487 est
1597 2428 1911 2505 oppositiO,
1956 2429 2003 2487 si
2052 2428 2206 2488 duae
2253 2447 2549 2506 personae
2594 2434 2808 2488 contra

556 2529 753 2606 potius
800 2536 1123 2606 ponuntur,
1169 2548 1343 2605 quam
1393 2535 1782 2607 opponuntur
1827 2530 2387 2603 (ef.Hand.1420‚
2420 2537 2472 2591 1.
2519 2532 2804 2608 Draeger.

559 2628 594 2705 ἓ
628 2636 768 2702 334,
803 2637 856 2692 3.
903 2632 1207 2691 Kuehner.
1239 2633 1294 2692 11
1327 2632 1363 2702 ἓ
1398 2638 1535 2709 163,
1567 2630 1648 2705 2).
1680 2635 1737 2692 in
1771 2633 1872 2692 tali
1904 2635 2137 2694 ratione
2166 2635 2513 2710 saepissime
2547 2636 2798 2694 occurrit

559 2734 817 2794 formula
860 2739 924 2792 at
970 2735 1071 2793 ille
1113 2736 1208 2793 vel
1255 2741 1320 2792 at
1365 2736 1488 2793 illa.
1566 2736 1640 2794 cf.
1689 2755 1736 2795 c.
1784 2741 1860 2796 51
1911 2734 2035 2808 (58,
2076 2735 2174 2814 5),
2235 2741 2312 2798 62
2359 2734 2483 2809 (73,
2533 2735 2664 2815 14),
2722 2741 2798 2797 90

561 2835 731 2914 (109,
763 2833 842 2908 2),
894 2842 1009 2897 111
1046 2841 1208 2914 (138,
1246 2835 1365 2911 14),
1403 2842 1520 2899 135
1555 2837 1722 2914 (192,
1754 2836 1835 2911 6),
1871 2843 1992 2900 140
2022 2837 2190 2916 (203,
2222 2835 2436 2910 20).‘·’⁷)
2482 2870 2565 2880 —-
2611 2838 2800 2899 rarius

557 2947 621 2998 αι
665 2941 1018 3017 particulam
1065 2947 1403 3017 sequuntur
1448 2943 1782 3016 pronouina
1827 2942 2200 3018 personalia,
2243 2946 2310 3000 ut
2354 2949 2418 3001 at
2462 2958 2579 3016 eqo
2627 2961 2673 3001 c.
2722 2945 2801 3002 83

562 3040 686 3113 (99,
724 3044 781 3112 1)
827 3047 887 3101 et
933 3045 1011 3102 92
1060 3043 1226 3117 (111,
1263 3040 1396 3118 18);
1470 3051 1533 3100 at
1576 3059 1688 3101 nos
1733 3063 1778 3102 c.
1827 3047 1909 3103 88
1955 3041 2119 3116 (104,
2152 3041 2233 3115 4).
2321 3052 2426 3104 aut
2469 3049 2804 3120 sequuntur

558 3146 928 3204 substantiva
987 3145 1379 3222 appellativa,
1446 3151 1511 3204 ut
1570 3165 1618 3204 c.
1673 3150 1790 3205 112
1850 3144 2015 3218 (141,
2051 3144 2129 3218 6).
2216 3153 2307 3206 ter
2365 3147 2681 3206 Petronius
2742 3148 2802 3205 in

558 3247 664 3306 tali
729 3246 1080 3306 condicione
1147 3253 1399 3324 usurpat
1466 3248 1778 3307 formulam
1846 3254 1910 3306 at
1962 3265 2110 3326 non,
2183 3268 2359 3326 quam
2423 3251 2805 3309 Burmannus

560 3347 641 3427 (p.
676 3347 822 3422 602)
881 3349 1149 3426 appellat
1192 3351 1499 3409 sollemnis
1544 3352 1900 3424 eleqante'ae
1937 3351 2286 3423 formulam.
2374 3352 2480 3411 sed
2524 3352 2636 3411 etsi
2681 3369 2802 3410 non

560 3454 641 3511 ita
699 3452 1007 3512 sollemnis
1068 3458 1187 3524 est,
1256 3459 1450 3512 tamen
1515 3473 1633 3513 nou
1681 3453 1809 3512 sine
1857 3453 1913 3512 vi
1960 3454 2218 3530 quadam
2266 3454 2420 3513 hanc
2464 3454 2803 3532 negationis

559 3554 876 3614 formulam
923 3562 1268 3631 usurpatam
1317 3572 1448 3614 esse
1496 3555 1870 3614 manifestum
1924 3560 2029 3615 est.
2110 3556 2178 3615 cf.
2227 3575 2275 3614 c.
2306 3557 2385 3616 49
2420 3554 2544 3629 (57,
2573 3558 2660 3634 1),
2719 3559 2804 3616 98

559 3657 725 3732 (118,
757 3654 840 3734 8),
889 3660 1008 3717 113
1055 3656 1221 3731 (142,
1250 3654 1326 3729 7).

729 3840 796 3904 ²⁷)
831 3837 895 3890 In
935 3855 980 3891 c.
1020 3841 1082 3889 72
1116 3840 1227 3901 (86,
1264 3841 1319 3898 6)
1354 3836 1617 3904 legimus:
1673 3843 1725 3890 et
1761 3837 1926 3891 Giton
1962 3837 2182 3906 quidem
2216 3839 2328 3892 iam
2365 3838 2574 3891 dudum
2609 3853 2674 3891 se
2708 3839 2802 3892 r'a-

561 3923 708 3977 tione
745 3923 1069 3977 acutissima
1106 3921 1424 3977 redemerat
1458 3939 1493 3974 a
1520 3937 1673 3976 cane.
1747 3921 2021 3993 quidquid
2055 3922 2199 3976 enim
2236 3940 2271 3976 α
2307 3921 2466 3978 nobis
2502 3931 2806 3991 acceperat

561 4006 631 4060 de
667 4023 823 4071 cena,
859 4006 1091 4061 latranti
1124 4015 1441 4075 sparserat.
1512 4014 1576 4060 at
1609 4006 1698 4061 iae
1747 4014 2022 4062 avocatus
2069 4006 2190 4061 cibo
2231 4009 2496 4077 furorem
2532 4022 2802 4075 suppres-

560 4097 731 4145 serat.
802 4089 906 4144 hoc
943 4092 1064 4143 loco
1100 4095 1159 4145 at
1194 4091 1444 4159 ineptum
1482 4106 1608 4145 esse
1643 4091 1750 4144 iam
1778 4091 2043 4144 Heinsius
2080 4090 2225 4144 vidit
2267 4098 2324 4145 et
2360 4092 2502 4145 bene
2529 4092 2796 4145 correxit:

559 4177 636 4230 ita
672 4176 707 4230 i.
746 4193 791 4230 e.
832 4174 1097 4243 dadurch,
1134 4175 1285 4244 quod
1320 4177 1487 4229 miror
1531 4175 1747 4230 Wehlio
1783 4185 1838 4230 et
1864 4175 2207 4230 Buechelcro
2243 4175 2426 4229 minus
2462 4175 2761 4244 placuisse.
