3166 4871
2564 295 2646 362 89

1458 463 1598 529 168.

580 576 834 644 Εἴπατε
878 580 976 663 τῷ
1017 582 1303 667 βασιλῆι,
1343 583 1547 666 χαμαὶ
1590 582 1752 646 πέσε
1798 582 2114 660 ὀαίόαλος
2158 573 2349 649 αὗλά.

575 672 800 745 οὐκέτι
853 685 1102 761 Φοῖβος
1146 678 1273 767 ἔχει
1319 679 1643 762 καλύβαν,
1686 675 1773 749 οὐ
1816 681 2103 768 μάντιδα
2148 681 2433 771 δάφνην,

572 773 656 847 οὐ
697 779 923 867 παγὰν
968 784 1359 852 λαλέουσαν.
1406 775 1734 865 άπέσβετο
1780 787 1895 851 καὶ
1941 781 2153 852 λάλον
2196 779 2403 872 ὕδωρ.

1459 1027 1599 1092 169.

577 1128 744 1205 Ἀλλ’
787 1131 902 1207 ὅτε
948 1133 1029 1228 δὴ
1077 1138 1329 1228 νύμφαι
1376 1139 1564 1228 ἱερὴν
1608 1140 1784 1210 κατὰ
1825 1136 1991 1211 ἄστυ
2032 1147 2302 1232 χορείην
2376 1157 2383 1166 ’

573 1239 978 1329 τερπόμεναι
1024 1241 1384 1332 στήσονται
1430 1244 1790 1329 ἐυστεφέας
1831 1238 1980 1313 κατ’
2027 1238 2279 1333 άγυιάς,

575 1345 686 1410 καὶ
732 1359 947 1432 τεῖχος
995 1353 1342 1434 λουτροῖσι
1386 1345 1822 1416 πολύστονον
1867 1347 2117 1416 ἔσσεται
2162 1344 2413 1437 ἄλκαρ·

578 1443 658 1534 δὴ
702 1444 856 1515 τότε
899 1451 1104 1534 μυρία
1149 1455 1327 1533 φῦλα
1369 1453 1854 1538 πολυσπερέων
1900 1445 2296 1539 ἀνθρώπων

451 1552 489 1610 5
581 1543 773 1634 ἄγρια
814 1553 1269 1637 μαργαίνοντα
1313 1545 1530 1640 κακὴν
1573 1553 1916 1639 έπιειμένα
1963 1546 2177 1642 ἀλκὴν

568 1644 823 1737 Ἴστρου
867 1655 1255 1739 Κιμμερίοιο
1301 1651 1522 1740 πόρον
1569 1652 1893 1735 διαβάντα
1939 1653 2065 1722 σύν
2109 1656 2304 1742 αἰχμῇ

578 1755 693 1819 καὶ
735 1752 1099 1842 Σκυθικὴν
1145 1748 1360 1823 ὀλέσει
1402 1753 1633 1844 χώρην
1676 1760 1789 1823 καὶ
1832 1760 2101 1824 Μυσίδα
2146 1773 2376 1844 γαῖαν·

583 1859 902 1975 Θρηικίης
948 1850 1007 1924 6'
1050 1855 1374 1941 ἐπιβάντα
1416 1857 1542 1926 σὺν
1587 1859 1811 1926 ἐλπίσι
1854 1861 2329 1947 μαινομένῃσιν

578 1950 792 2026 αὐτοῦ
835 1985 953 2027 κεν
999 1958 1257 2042 βιότοιο
1301 1964 1499 2041 τέλος
1540 1963 1653 2027 καὶ
1697 1959 1966 2047 πότμον
2013 1962 2306 2029 ἐπίσποι.

412 2111 618 2122 ᾗ
659 2118 674 2122 r

589 2216 733 2292 168)
779 2222 951 2284 Geor
996 2244 1053 2303 p.
1084 2220 1206 2282 304
1237 2225 1290 2285 A
1338 2220 1485 2294 [532
1529 2224 1770 2295 Bekm:
1813 2208 2170 2297 Ἰουλιανὸς
2212 2219 2456 2305 πέμπει
2500 2211 2654 2306 ὀρι-

408 2310 642 2395 βάσιον
681 2309 826 2385 τὸν
850 2316 1087 2405 ἰατρὸν
1130 2321 1242 2385 καὶ
1286 2321 1696 2406 κοιαίστωρα
1739 2319 1813 2386 έν
1845 2323 2123 2402 Δελφοῖς
2169 2314 2499 2407 ἀνεγεῖραι
2529 2320 2654 2389 τὸν

411 2413 582 2483 ναὸν
624 2422 750 2486 τοῦ
802 2412 1232 2503 Λπόλλωνος.
1281 2413 1595 2490 άνελθων
1633 2417 1761 2490 οὖν
1793 2420 2112 2510 λαμβάνει
2140 2421 2441 2557 χρησμὸν
2470 2421 2657 2512 παρὰ

409 2522 536 2586 τοῦ
581 2524 925 2609 δαίμονος·
971 2527 1231 2593 Εἴπατε
1276 2532 1420 2593 κτλ.

589 2663 734 2742 169)
778 2669 1004 2730 socrat.
1049 2671 1231 2782 afhol.
1276 2671 1358 2730 IV
1405 2666 1475 2730 8:
1522 2656 1560 2729 6
1603 2655 1914 2743 βασιλεὺς
1962 2656 2319 2743 [Ουάλενς]
2387 2667 2654 2751 Χαλκη-

415 2757 620 2841 δόνος
675 2767 792 2851 τῆς
845 2756 994 2831 κατ’
1054 2757 1333 2883 άντικρυ
1378 2768 1756 2848 Βυζαντίου
1799 2761 2065 2843 πόλεως
2121 2758 2205 2832 τὰ
2245 2767 2424 2853 τείχη
2471 2762 2657 2833 λύειν

410 2866 956 2947 προσέταττεν..
1006 2919 1020 2933 .
1070 2919 1084 2933 .
1131 2919 1144 2932 .
1203 2858 1472 2954 εὕρηται
1530 2869 1601 2933 δὶ-
1661 2867 1736 2933 ἐν
1794 2865 1893 2932 ἑνὶ
1954 2870 2099 2933 τῶν
2159 2868 2381 2933 λίθων
2443 2866 2655 2952 ἐπιγε-

412 2967 787 3050 γραμμένος
842 2966 1168 3054 χρησμός,
1230 2962 1306 3044 ὃς
1367 2968 1741 3054 ἐκέκρυπτο
1804 2969 1928 3052 μὲν
1989 2966 2064 3033 ἐκ
2115 2971 2439 3046 παλαιοί,
2499 2966 2655 3034 τότε

414 3067 485 3131 δὲ
562 3074 867 3153 φανερῶς
971 3069 1234 3156 ἐγένετο
1323 3071 1552 3155 δηλῶν
1652 3063 1745 3147 ὡς
1832 3063 2027 3156 ἡνίκα
2110 3071 2387 3154 δαψιλὲς
2467 3062 2655 3156 ὕδωρ

411 3161 702 3255 ὑπάρξαι
764 3175 844 3255 τῇ
900 3168 1091 3237 πόλει
1143 3168 1297 3238 τότε
1341 3163 1422 3236 τὸ
1467 3171 1588 3256 μὲν
1631 3184 1855 3256 τεῖχος
1895 3175 2165 3257 λουτρῷ
2225 3162 2654 3256 ὑπουργήσει.

412 3261 730 3345 Άλλῖὅτε
775 3280 917 3342 κτλ.

585 3400 784 3462 Adde·
818 3402 1070 3464 Cedren.
1122 3422 1182 3480 p.
1214 3398 1336 3459 310
1367 3403 1434 3462 Β.
1481 3401 1532 3471 [Ι
1572 3420 1634 3478 p.
1664 3397 1786 3458 543
1832 3399 2117 3470 Bekker.]
2171 3399 2250 3459 ad
2310 3399 2654 3477 Apollinem

417 3499 916 3564 Chalcedonicum
963 3505 1149 3564 refert
1208 3521 1420 3564 versus
1467 3503 1753 3563 Mulierus
1795 3520 2001 3580 geogr.
2045 3520 2134 3579 gr.
2180 3503 2316 3561 min.
2363 3503 2420 3562 11
2462 3521 2522 3579 p.
2555 3498 2655 3561 95.

421 3601 500 3662 ef.
543 3603 702 3682 Gyn.
748 3607 823 3667 de
867 3612 1102 3684 topogr.
1146 3606 1347 3669 Cenat.
1375 3601 1550 3665 1119.

587 3744 644 3784 v.
682 3724 746 3787 1:
793 3715 1118 3807 ὄροσερὴν
1161 3726 1325 3786 Soer.
1355 3718 1379 3803 ΙΙ
1473 3723 1544 3782 3:
1591 3721 1909 3801 λουτροῖο
1954 3724 2118 3785 Soet.
2150 3716 2173 3800 ΙΙ
2264 3722 2335 3780 5:
2378 3716 2657 3801 μαρμαί-

413 3843 625 3907 ροντα
668 3824 886 3907 Somss
961 3825 1030 3887 ὃς
1075 3816 1462 3907 καλλιρόοιο
1507 3827 1675 3888 Soer.
1707 3822 1730 3904 Ι
1808 3823 1878 3886 7:
1916 3815 2146 3905 χώρην
2187 3819 2302 3884 καὶ
2345 3819 2657 3905 Μυσηίδα

414 3930 582 3992 Soet.
613 3924 654 4015 fl

586 4050 654 4112 4·
697 4043 1154 4129 πολυσπερέες
1201 4037 1563 4129 ἄνθρωποι
1609 4048 1720 4111 od.
1763 4048 1848 4108 XI
1893 4044 2138 4107 365.11
2181 4042 2322 4107 804.
2354 4038 2379 4123 ΙΙ
2448 4040 2658 4124 μυρία

412 4149 596 4228 φῦλα
637 4154 704 4215 ll.
746 4155 916 4215 XVII
961 4150 1102 4213 220.
1135 4146 1157 4231 ΙΙ
1233 4145 1605 4229 ἐπιειμένος
1648 4133 1815 4230 άλὴν
1866 4149 1932 4209 ΙΙ.
1980 4150 2089 4209 VII
2140 4144 2275 4208 164.
2308 4142 2331 4226 fl
2409 4143 2485 4205 9.
2529 4136 2655 4207 θά-

417 4272 631 4315 νατον
674 4252 787 4359 καὶ
827 4242 1099 4335 πότμον
1145 4247 1454 4314 ἐπισπεῖν
1497 4252 1666 4313 form.
1712 4252 1884 4312 Hom.

2180 4361 2249 4413 ὃ.
