3166 4871
2489 308 2611 371 395

373 471 436 546 2)
483 480 549 534 ut
592 476 988 553 primipilares
1033 474 1246 537 fierent
1290 476 1614 538 fidelissimi
1662 480 1915 540 ministri
1962 482 2385 558 imperatorum
2432 487 2493 543 et
2536 483 2610 543 ad

369 577 627 654 quodvis
671 578 904 640 facinus
948 581 1235 658 optimum
1281 585 1342 640 et
1387 581 1708 658 pessimum
1754 584 2132 660 paratissimi.

540 682 628 740 De
691 682 891 758 priore
952 700 1015 742 re
1075 684 1350 759 queritur
1418 685 1703 760 Vegetius
1757 685 1835 762 Il,
1881 690 1951 746 3:
2026 686 2364 763 „legionum
2429 686 2613 748 robur

367 780 723 862 infractum,
781 803 913 844 cum
970 785 1232 861 praemia
1276 784 1518 845 militiae
1574 790 1901 864 occuparet
1944 787 2242 860 ambitio“,
2291 793 2351 849 et
2393 790 2613 866 quibus

369 885 595 945 artibus
654 905 1084 965 nonnunquam
1152 887 1225 947 ad
1291 890 1447 948 lianc
1513 888 1768 966 palmam
1838 895 2210 970 perventum,
2269 890 2346 951 sit
2390 893 2610 970 optime

370 987 743 1049 demonstrat
789 990 1123 1067 exemplum
1172 990 1329 1050 Arrii
1376 992 1515 1051 Vari
1560 989 1730 1065 (Tac.
1765 992 1897 1052 bist.
1931 993 2033 1053 111.
2065 990 2128 1065 6)
2175 994 2276 1070 qui
2329 995 2611 1065 „secretis

368 1089 529 1167 apud
576 1091 874 1151 Neronem
923 1092 1297 1152 sermonibus
1344 1093 1702 1154 Corbulonis
1746 1123 1830 1134 —
1886 1094 2173 1172 ejusdem,
2219 1095 2390 1172 cujus
2433 1095 2609 1156 bene-

369 1193 629 1253 volentia
674 1196 731 1252 in
767 1195 1047 1254 Armenia
1095 1201 1405 1271 promotus
1447 1199 1576 1255 erat
1620 1226 1704 1237 —
1750 1196 2001 1257 virtutes
2034 1197 2379 1258 criminatus
2409 1197 2613 1257 infami

367 1298 562 1371 gratia
619 1298 872 1374 primum
936 1299 1119 1374 pilum
1183 1297 1436 1376 adeptus
1481 1297 1623 1358 est.“
1734 1299 2003 1359 Alterum
2064 1300 2209 1360 illud
2257 1300 2431 1360 etiam
2481 1301 2612 1360 aliis

364 1397 512 1457 locis
573 1399 808 1459 obvium
879 1399 1050 1460 nobis
1114 1399 1243 1471 fiet,
1315 1399 1411 1459 ubi
1474 1401 1549 1460 de
1597 1399 1813 1461 officiis
1860 1402 2318 1480 primipilarium
2366 1408 2609 1479 agetur3

370 1499 466 1559 hic
511 1500 661 1560 duos
706 1502 871 1561 locos
918 1500 1184 1562 Suetonii
1234 1502 1500 1573 afferam,
1567 1502 1783 1579 quibus
1829 1503 2127 1580 quomodo
2181 1505 2445 1565 obsecuti
2493 1503 2614 1565 sint

368 1603 759 1680 primipilares
806 1604 1284 1682 imperatoribus,
1329 1609 1536 1683 aperte
1581 1605 2019 1682 comprobatur.

540 1722 659 1784 Cal.
720 1726 832 1785 38:
895 1728 1249 1784 testamenta
1310 1725 1797 1803 primipilarium,
1877 1728 1979 1804 qui
2048 1727 2121 1786 ab
2181 1725 2349 1787 initio
2407 1726 2609 1786 Tiberi

366 1826 738 1903 principatus
769 1844 967 1904 neque
996 1828 1159 1886 illum
1194 1845 1391 1904 neque
1424 1845 1486 1888 se
1521 1827 1799 1888 heredem
1832 1829 2242 1906 reliquissent,
2288 1833 2353 1889 ut
2373 1829 2612 1905 ingrata

369 1927 628 1988 rescidit.

539 2047 703 2107 Nero
750 2051 821 2108 9:
896 2048 1139 2107 AntIum
1204 2048 1499 2108 coloniam
1555 2047 1808 2108 deduxit
1868 2048 2187 2126 adscriptis
2234 2050 2534 2110 veteranis
2577 2068 2610 2110 e

370 2150 671 2225 praetoria
714 2148 1056 2227 additisque
1101 2168 1210 2229 per
1254 2150 1529 2211 domicilii
1578 2152 2032 2212 translationem
2079 2151 2385 2212 ditissimis
2415 2153 2611 2230 primi-

369 2250 663 2326 pilarium.

543 2370 806 2448 Uterque
867 2370 1190 2448 imperator
1241 2370 1397 2432 bona
1455 2372 1910 2451 primipilarium
1971 2371 2097 2432 fere
2157 2390 2268 2432 sua
2313 2371 2612 2444 vindicat3

373 2472 559 2549 Gajus
625 2492 688 2532 se
749 2474 939 2550 ipsum
1010 2474 1291 2535 heredem
1338 2475 1569 2535 institui
1639 2475 1767 2534 vult
1810 2493 1847 2533 a
1891 2476 2375 2554 primipilaribus,
2441 2478 2611 2553 quasi

372 2576 837 2652 primipilaribus
899 2596 1114 2655 magna
1174 2577 1275 2636 illa
1337 2577 1593 2654 pecunia
1648 2582 1878 2638 tautum
1925 2579 1984 2637 iu
2033 2596 2205 2638 usum
2252 2583 2311 2637 et
2355 2578 2611 2638 fructum

372 2676 512 2737 data
555 2679 645 2737 sit.
734 2680 898 2739 Nero
944 2680 1159 2757 opibus
1204 2680 1657 2755 primipilarium
1706 2679 1782 2739 ad
1816 2680 2300 2757 amplificandum
2334 2679 2615 2758 splendo-

374 2798 497 2839 rem
543 2780 773 2855 patriae
818 2799 961 2841 suae
1008 2780 1267 2841 Antiatis
1314 2800 1457 2841 usus
1504 2786 1611 2841 est.

425 3166 616 3253 Quae
664 3164 1114 3232 necessitudo
1160 3165 1660 3232 intercesserit
1704 3166 1893 3232 inter
1938 3165 2429 3248 primipilares
2476 3168 2553 3233 et

1088 3268 1414 3334 ordinem
1459 3269 1895 3349 equestrem.

551 3443 611 3519 1)
659 3465 713 3522 p.
780 3464 835 3521 p.
913 3446 1024 3523 leg.
1086 3446 1113 3504 I
1188 3446 1317 3506 Ital.
1372 3464 1445 3505 ex
1506 3464 1598 3521 eq.
1656 3447 1946 3506 Romano.
2049 3444 2251 3522 (Corp.
2311 3445 2418 3505 111.
2477 3448 2617 3506 750.

378 3548 700 3609 Bukuresti
744 3546 894 3623 rep.)

549 3648 612 3723 2)
658 3652 722 3710 Ρ.
755 3652 818 3709 Ρ.
849 3650 1229 3710 Amastriano
1275 3669 1351 3711 ex
1396 3669 1489 3728 eq.
1533 3652 1603 3710 R.
1648 3649 1715 3724 (1.
1758 3652 1825 3711 R.
1857 3651 1927 3710 N.
1965 3654 2145 3712 1072.
2239 3650 2462 3727 Trojae
2493 3668 2618 3727 rep.

377 3773 563 3831 prope
614 3753 925 3815 Luceriam
973 3749 1272 3830 Apuliae.)

551 3854 614 3927 3)
661 3857 907 3915 Ilenzen
957 3857 1149 3916 7088:
1203 3873 1297 3932 eq.
1345 3857 1409 3915 R.
1455 3874 1512 3933 p.
1557 3874 1615 3933 p.
1671 3852 1849 3932 (lapis
1895 3854 2206 3931 Algcriae,
2268 3853 2427 3914 misit
2484 3872 2615 3915 eum

380 3960 666 4041 Henzeno
713 3956 1101 4031 Gerhardus.)

550 4060 613 4134 4)
660 4060 960 4139 primipilo
1007 4090 1089 4099 —-
1133 4078 1167 4118 a
1211 4060 1477 4137 Trajano
1526 4061 1582 4120 in
1619 4060 1887 4121 ordinem
1922 4060 2187 4136 equitum
2221 4061 2618 4120 Romanorum

378 4164 626 4224 adscito.
712 4162 922 4238 (Orelli
971 4165 1166 4238 304&
1212 4181 1399 4238 prope
1446 4162 1826 4223 Fabriauum.
1880 4144 2092 4222 Marini
2125 4161 2246 4224 Atti
2280 4166 2315 4222 2
2363 4182 2417 4240 p.
2455 4161 2619 4234 530.)

552 4270 613 4336 5)
660 4267 914 4328 Martial.
961 4267 1057 4324 Vl.
1104 4269 1217 4326 58:
1263 4271 1323 4324 ct
1369 4264 1596 4325 referes
1639 4267 1742 4342 pili
1790 4266 2055 4342 praemia
2101 4264 2297 4324 clarus
2343 4282 2549 4342 eques.

2150 4380 2210 4428 27
