3166 4871
492 186 572 247 74

1547 355 1686 419 133.

659 467 975 555 Λεῦκτρά
1018 471 1095 536 τέ
1133 495 1249 556 μοι
1295 467 1614 538 σκιόεντά
1650 472 1828 555 μέλει
1872 473 1986 537 καὶ
2030 465 2323 559 ᾍλὴσιον
2368 458 2592 549 οὖδας,

659 574 773 637 καί
814 596 931 656 μοι
972 570 1071 639 τω
1114 569 1468 641 Σκεδάσου
1510 575 1796 657 μέλετον
1843 575 2216 641 δυσπενθέε
2260 571 2490 660 κούρα.

661 673 832 741 ἔνθα
875 672 1048 762 μάχη
1091 672 1525 761 πολύδακρυς
1568 675 1942 760 ἐπέρχεται·
1990 667 2150 743 οὐδέ
2189 701 2292 755 τις
2331 668 2548 763 αὐτὴν

660 775 1025 863 φράσσεται
1072 772 1485 863 ἀνθρώπων,
1530 780 1694 862 πρὶν
1736 774 2020 864 κούριον
2067 771 2319 863 άγλαόν
2360 772 2531 866 ἥβην

534 888 570 945 5
661 882 944 965 Δωριέες
989 871 1263 946 σ’λέσωσ>
1296 872 1463 946 ὅταν
1507 881 1777 964 αἴσιμον
1825 868 2001 967 ἦμαρ
2046 881 2323 964 ἐπέλθῃ.

658 978 941 1048 τουτάκι
987 974 1044 1047 δ’
1089 979 1224 1048 ἔστι
1269 974 1606 1068 Κερησσὸς
1652 972 2001 1068 ἁλώσιμος,
2045 978 2290 1049 ἄλλοτε
2337 975 2397 1049 δ’
2435 977 2602 1068 οὐχί.

1547 1173 1684 1235 134.

659 1291 835 1375 Πρὶν
880 1289 1027 1374 δορὶ
1076 1290 1470 1374 συμβαλέειν
1514 1289 1802 1373 ἐχθροῖς,
1850 1286 2182 1375 στήσασθε
2231 1287 2584 1376 τρόπαιον,

661 1384 911 1458 άσπίδα
955 1389 1410 1477 κοσμήσαντες
1453 1388 1633 1478 ἐμὴν,
1680 1384 1805 1476 τὴν
1850 1391 2075 1458 εἵσατο
2123 1395 2264 1479 νηῷ

660 1497 919 1580 θοῦρος
964 1491 1422 1580 Ἀριστομένης
1466 1491 1858 1580 Μεσσήνιος.
1917 1486 2132 1579 αὐτὰρ
2179 1487 2310 1579 ἐγώ
2353 1518 2459 1561 τοι

660 1588 932 1681 ἀνδρῶν
977 1597 1362 1681 δυσμενέων
1408 1598 1638 1677 φθίσω
1684 1593 1979 1681 στρατὸν
2022 1589 2425 1663 ἀσπιστάων.

1546 1785 1685 1850 135.

639 1905 790 1979 ,Καὶ
834 1900 990 1969 τότε
1037 1896 1121 1988 δὴ
1165 1896 1487 1990 Σπάρτης
1527 1903 1651 1987 μὲν
1695 1894 1809 1968 ἀπ’
1854 1893 2114 1990 ἀγλαὸν
2160 1897 2374 1981 ἄνθος
2419 1895 2692 1984 ὀλεῖται,

659 2002 976 2093 Μεσσήνη
1025 1998 1082 2071 δ’
1130 1999 1314 2083 αὖτις
1358 2001 1695 2093 οἰκήσεται
1743 2001 1964 2092 ἤματα
2009 2003 2249 2072 πάντα.

1544 2197 1680 2260 136.

663 2304 1030 2398 ᾍργυρέαις
1074 2310 1375 2398 λόγχαισι
1417 2309 1635 2398 μάχου
1680 2315 1790 2378 καὶ
1836 2309 2064 2379 πάντα
2107 2309 2474 2399 κρατήσεις.

668 2504 811 2581 133)
859 2509 1070 2567 Exstat
1101 2508 1261 2585 apud
1296 2510 1470 2567 Paua.
1502 2509 1587 2567 lx
1623 2506 1718 2585 14,
1750 2505 1805 2567 3.
1850 2527 1904 2567 v.
1945 2508 2002 2566 1:
2053 2496 2297 2578 σκιόεις
2327 2528 2444 2568 vox
2477 2508 2646 2567 Hom.
2680 2501 2702 2584 ΙΙ

490 2609 554 2668 3:
612 2598 853 2690 ὑσμίνη
913 2600 1343 2688 πολύδακρυς
1398 2612 1467 2670 11.
1498 2611 1669 2669 XVII
1702 2609 1843 2669 544.
1889 2604 1912 2688 ΙΙ
2005 2610 2074 2670 5:
2138 2603 2405 2689 αἴσιμον
2455 2595 2735 2689 ἦμαριεῐ

489 2705 805 2772 ἐπελθεῖν
850 2713 1018 2772 form.
1062 2713 1234 2773 Hom.
1267 2707 1288 2791 11

667 2812 812 2886 134)
867 2816 1043 2875 Paus.
1075 2816 1155 2875 IV
1188 2811 1298 2892 32,
1338 2814 1405 2874 5:
1459 2808 1666 2891 φασὶν
1722 2806 1786 2874 οἱ
1852 2811 2129 2895 Θηβαῖοι
2186 2803 2557 2895 μελλούσης
2612 2809 2733 2894 τῆς

484 2903 693 2997 μάχης
741 2908 1011 2977 ἔσεσθαί
1066 2901 1297 2993 σφισιν
1352 2910 1424 2976 ἐν
1470 2907 1836 2995 Λεύκτροις
1892 2911 1958 2990 ἐς
2015 2907 2185 2976 ἄλλα
2228 2935 2297 2976 τε
2346 2897 2760 2977 ἀποστεῖλαί

482 3011 1015 3101 χρηστήρια’καὶ
1069 3013 1515 3102 ἐρησομένους
1567 3012 1694 3079 τὸν
1752 3015 1826 3080 ἐν
1880 3015 2207 3101 Λεβαδείᾳ
2251 3009 2420 3079 θεόν
2466 3065 2729 3079 .....

499 3114 896 3202 Τροφώνιον
939 3117 1015 3182 δέ
1058 3135 1262 3198 φασιν
1307 3112 1521 3182 εἷπετν
1567 3113 1933 3202 ἑξαμέτρῳ·
1982 3117 2156 3201 Πρὶν
2200 3121 2343 3181 κτλ.

664 3223 807 3298 135)
852 3228 1029 3286 Paus.
1062 3228 1141 3285 lV
1172 3222 1273 3304 27,
1304 3223 1374 3284 4:
1428 3216 1713 3305 μάλιστα
1775 3219 1842 3284 δὲ
1898 3211 2023 3283 τὸν
2079 3210 2616 3302 Ἐπαμεινώνδαν
2667 3215 2733 3294 ἐς

487 3318 611 3386 τὸν
642 3312 952 3406 οἰκισμὸν
997 3319 1062 3386 οἱ
1092 3318 1383 3398 Βάκιδος
1412 3320 1655 3409 ἐνῆγον
1679 3322 1981 3408 χρησμοί.
2029 3316 2264 3387 Βάκιδι
2299 3313 2424 3406 γὰρ
2453 3319 2730 3404 μανέντι

487 3423 562 3489 ἐκ
591 3427 897 3507 Νυμφῶν
943 3423 1009 3502 ἐς
1053 3417 1305 3500 ἄλλους
1347 3425 1422 3490 τέ
1463 3419 2010 3510 ἐστινἙλλήνων
2051 3424 2164 3489 καὶ
2210 3422 2277 3501 ἐς
2317 3414 2444 3508 τὴν
2473 3427 2731 3508 Μεσση-

488 3527 659 3591 νίων
703 3521 1013 3591 κάθοδον
1057 3527 1537 3613 προειρημένα·
1585 3528 1716 3592 Καί
1759 3523 1912 3593 τότε
1960 3529 2101 3593 κτλ.
2193 3551 2200 3556 ·

656 3653 712 3694 v.
745 3632 813 3692 2:
859 3621 1076 3714 ἤματα
1118 3621 1341 3694 πάντα
1388 3636 1558 3696 form.
1605 3637 1776 3696 Hom.
1808 3629 1830 3712 ΙΙ

671 3732 806 3809 136)
839 3737 1085 3797 Suidas:
1128 3732 1242 3796 καὶ
1282 3733 1642 3816 παροιμία’
1693 3722 1937 3816 Ἀργυρ.
1982 3735 2121 3796 κτλ.
2169 3733 2424 3796 τοῦτον
2452 3733 2575 3814 γάρ
2607 3726 2731 3794 τὸν

484 3825 783 3920 χρησμὸν
827 3822 867 3919 ἦ
918 3834 1148 3906 Πυθία
1195 3832 1420 3919 ἔχρησε
1473 3834 1813 3920 Φιλίππῳ.

656 3943 813 4002 adde
859 3943 1039 4020 Greg.
1087 3942 1266 4019 prr.
1312 3945 1387 4002 M.
1419 3944 1445 4002 I
1477 3939 1576 4003 64.
1667 3946 1888 4003 Macar.
1917 3943 1974 4002 11
2007 3939 2106 4003 29.
2207 3943 2478 4020 Apostol.
2507 3941 2598 4002 111
2630 3937 2730 4000 91.

485 4050 697 4106 Arsen.
755 4063 800 4105 s.
843 4063 901 4105 v.
959 4028 1326 4123 άργυρέαις.
1397 4046 1473 4106 cf.
1538 4048 1696 4106 Plut.
1760 4047 1928 4106 Aem.
1988 4046 2156 4105 Paul.
2205 4046 2317 4105 XII
2362 4042 2420 4105 6.
2524 4045 2730 4106 Ioann.

484 4148 598 4210 sic.
644 4168 701 4227 p.
735 4145 832 4208 57.
1087 4163 1107 4180 ·
