3166 4871
2421 297 2548 361 289

344 516 351 523 .
476 470 861 531 Memorabile
906 471 1083 532 etiam
1125 470 1294 549 illud,
1336 471 1686 547 praesertim
1728 492 1859 533 cum
1905 473 2220 551 Sophoclis
2257 474 2546 535 rationem

310 578 367 633 et
407 576 595 633 artem
641 591 989 651 comparare
1035 573 1243 651 liceat,
1286 571 1448 651 quod
1493 573 1753 653 Lessing
1798 593 1873 636 ex
1919 576 2088 636 Hurd
2133 578 2308 637 affert
2351 594 2544 636 exem·

308 675 485 752 plum.
584 676 799 735 Hamb.
852 675 1059 736 Dram.
1119 675 1182 736 Ο.
1228 678 1328 737 95.
1430 676 1755 755 Euripides
1816 678 1974 739 enim
2037 679 2340 740 Electram
2401 678 2548 738 haec

311 776 601 839 dicentem
644 776 817 838 facit.

608 897 697 939 vs.
742 883 884 942 281.
927 868 1209 957 θάνοιμι
1251 869 1500 959 μητρὸς
1545 862 1680 960 αἷμ’
1726 867 2115 959 ἑπισφάξαὸ
2159 871 2310 961 ἐγώ.

309 980 633 1060 Sophocles
680 986 912 1043 autem:
958 1000 1077 1042 vss.
1128 985 1390 1044 1319-
1409 986 1507 1042 21.
1554 966 1649 1055 ὡς
1693 974 1823 1062 ἐγώ
1865 973 2039 1064 μόνη

712 1068 842 1144 οὐκ
885 1071 972 1144 ἂν
1016 1079 1212 1144 δυοῖν
1253 1068 1588 1164 ἥμαρτον·
1634 1072 1677 1167 ἢ
1717 1075 1842 1166 γὰρ
1889 1072 1973 1146 ἂν
2014 1083 2239 1157 καλῶς

712 1171 905 1247 ἔσωσ’
949 1176 1260 1269 ἐμαυτήν,
1303 1173 1346 1269 ἢ
1392 1185 1618 1259 καλῶς
1661 1172 2055 1269 ἀπωλόμην.

310 1292 575 1368 Utraque
634 1290 819 1367 igitur
863 1287 1068 1368 puella
1127 1308 1490 1368 quamquam
1535 1291 1693 1352 idem
1740 1293 1935 1371 cupit,
1994 1297 2062 1354 ut
2113 1297 2362 1353 matrem
2421 1311 2546 1353 sce·

304 1393 513 1455 lestam
551 1390 895 1471 ulciscatur,
923 1396 1105 1470 atquc
1136 1392 1344 1453 eadem
1378 1394 1704 1454 voluntatis
1735 1394 1811 1472 vi,
1855 1398 2071 1470 tamen,
2102 1414 2222 1472 qua
2250 1394 2541 1456 sentiendi

305 1497 537 1556 ratione
582 1500 859 1573 utantur,
918 1497 1163 1557 multum
1224 1495 1442 1557 differt.
1526 1498 1684 1557 Nam
1741 1515 1873 1557 cum
1930 1497 2242 1575 Sophoclis
2287 1499 2547 1576 Electra,

301 1599 575 1675 quamvis
621 1616 697 1658 ne
742 1604 991 1660 mortem
1040 1599 1278 1677 quidem
1324 1599 1705 1677 reformidet,
1763 1600 1813 1660 si
1857 1618 2010 1678 opus
2051 1601 2156 1678 sit,
2207 1598 2268 1659 id
2312 1599 2545 1677 potissi·

303 1718 455 1760 mum
507 1705 666 1779 agat,
714 1708 780 1762 ut
821 1702 1073 1762 inimicis
1115 1701 1450 1762 interfectis
1494 1703 1628 1779 ipsa
1673 1703 1731 1762 in
1779 1703 2111 1764 libertatem
2144 1707 2205 1763 et
2235 1703 2545 1763 honestam

299 1804 456 1865 vitae
490 1803 904 1865 condicionem
929 1804 1288 1882 vindicetur,
1317 1804 1635 1881 Euripides
1657 1804 1818 1864 illam
1840 1808 2009 1866 tanto
2033 1805 2172 1865 odio
2195 1804 2544 1882 flagrantem

298 1904 500 1984 fingit,
563 1911 634 1967 ut
685 1908 801 1966 iam
865 1907 1009 1966 nihil
1054 1906 1221 1967 aliud
1266 1906 1501 1967 sentiat.
1590 1906 1903 1981 Quomodo
1949 1907 2275 1967 ulciscatur
2317 1907 2543 1968 invisos

299 2009 607 2088 homiues,
668 2009 731 2068 id
798 2027 978 2069 unum
1044 2010 1299 2087 cogitat,
1359 2025 1557 2086 neque
1626 2009 1952 2086 quidquam
2017 2009 2176 2071 ultra
2236 2009 2352 2070 hoc
2413 2009 2543 2086 spei

295 2111 691 2188 relinquitur:
736 2111 900 2188 quod
946 2112 997 2172 si
1038 2117 1313 2172 assecuta
1358 2113 1487 2189 erit,
1533 2112 1796 2171 libenter
1838 2112 2144 2171 morietur.
2187 2141 2274 2152 —
2320 2111 2544 2173 Aristo-

296 2215 451 2275 teles
499 2220 698 2275 autem
744 2219 938 2275 utram
983 2215 1338 2276 laudaturus
1381 2213 1578 2291 fuerit,
1624 2214 1901 2290 equidem
1948 2231 2067 2274 non
2113 2214 2337 2275 dubito.

467 2318 687 2393 Itaque
733 2336 867 2377 cum
912 2318 1267 2379 Aristoteles
1313 2335 1543 2377 morum
1591 2316 2051 2394 descriptionem
2100 2317 2364 2383 secundo
2408 2315 2542 2377 loco

293 2427 483 2496 ponat
529 2437 725 2497 neque
769 2419 829 2479 iu
876 2438 947 2481 ea
991 2419 1125 2499 ipsa
1185 2422 1276 2498 et,
1329 2439 1485 2498 quae
1545 2418 1624 2479 ad
1686 2438 1818 2480 eam
1876 2420 2166 2499 pertinet,
2220 2420 2543 2481 affectuum

295 2523 771 2601 exaggeratione
817 2523 1136 2601 Euripides
1180 2521 1253 2581 ab
1301 2541 1372 2582 eo
1418 2522 1661 2600 probari
1708 2540 1887 2600 posse
1931 2522 2231 2596 videatur,
2292 2527 2359 2583 ut
2403 2523 2543 2582 hinc

291 2625 558 2702 laudem,
602 2624 853 2685 maxime
884 2626 1176 2703 tragicum
1207 2630 1517 2702 poetarum
1549 2625 1717 2685 illum
1751 2642 1901 2704 esse,
1945 2624 2315 2686 deducamus
2344 2624 2543 2684 facere

291 2745 410 2787 non
460 2745 804 2805 possumus.
1622 2727 1629 2734 “

462 2831 593 2890 Iam
654 2848 797 2891 vero
858 2829 935 2890 ad
994 2848 1200 2890 eorum
1263 2830 1592 2891 sententias
1637 2829 2061 2890 examinandas
2122 2829 2295 2890 nobis
2348 2831 2542 2887 trans·

289 2932 562 2992 eundum
607 2935 716 3008 est,
760 2949 913 3010 quos
958 2937 1184 2992 tantam
1215 2930 1453 2992 laudem
1487 2931 1763 3008 Euripidi
1791 2930 1867 2991 ab
1897 2931 2222 2992 Aristotele
2260 2930 2540 2989 tributam

289 3053 425 3095 esse
470 3034 737 3111 pigebat.
824 3034 1057 3109 Quibus
1077 3031 1148 3106 18)
1194 3051 1550 3112 quamquam
1593 3032 2041 3093 concedendum
2073 3038 2163 3094 est
2191 3029 2542 3108 Euripidem

289 3155 409 3196 non
456 3155 759 3197 summum
818 3138 915 3198 vel
971 3137 1545 3215 praestantissimum
1608 3141 1923 3215 poetarum
1977 3134 2311 3212 praedicari
2323 3177 2338 3210 ,
2395 3134 2542 3193 satis

286 3241 549 3300 multum
596 3243 819 3301 restat:
877 3258 1014 3300 nam
1072 3241 1369 3317 tragicum
1425 3256 1555 3299 esse
1609 3238 1896 3315 imprimis
1953 3242 2188 3315 poetam
2246 3235 2540 3314 tragicum

286 3341 513 3403 decere
561 3341 818 3402 videtur:

461 3441 649 3518 Quod
695 3462 829 3503 cum
873 3444 1036 3505 viros
1080 3443 1453 3504 doctissimos
1513 3461 1633 3503 non
1680 3443 2000 3520 effugeret,
2059 3443 2145 3502 eis
2199 3458 2355 3519 quae
2409 3440 2539 3518 ipse

284 3543 657 3607 Aristoteles
702 3547 923 3624 excipit
967 3546 1062 3605 his
1105 3545 1332 3606 verbis:
1378 3536 1436 3604 εἰ
1480 3538 1596 3602 καὶ
1637 3528 1725 3603 τὰ
1754 3530 1922 3604 ἄλλα
1949 3530 2037 3624 μή
2071 3529 2146 3603 εὖ
2176 3535 2540 3620 οἰκονομεῖ,

285 3667 406 3713 non
456 3648 765 3725 contenti,
825 3647 928 3707 illa
971 3649 1180 3708 etiam:
1235 3639 1347 3706 ἐπὶ
1389 3640 1537 3705 τῶν
1579 3643 1850 3726 σκηνῶν
1892 3640 2004 3705 καὶ
2048 3642 2188 3705 τῶν
2232 3628 2539 3724 ἀγώνων,

285 3735 371 3808 ἂν
400 3745 955 3828 ’κατορθωθῶοι,
998 3738 1491 3828 τραγικώταται
1534 3743 1917 3825 φαίνονται,
1963 3749 2143 3810 talem
2196 3749 2257 3809 in
2298 3747 2539 3809 modum

282 3850 758 3930 interpretanda
817 3869 947 3912 esse
1012 3851 1352 3912 censebant.
1459 3851 1722 3910 Primum
1794 3856 1993 3912 autem
2066 3852 2215 3911 haec
2278 3855 2541 3929 pronun-

282 3955 539 4016 tiantem
600 3953 671 4014 G.
714 3953 1018 4014 Hermann
1078 3953 1235 4032 vidi,
1292 3954 1398 4031 qui
1458 3954 1518 4013 in
1579 3954 2003 4015 commentario
2062 3955 2206 4014 artis
2266 3953 2539 4030 poeticae

282 4056 425 4116 dicit
495 4059 865 4133 interpretes
930 4057 1309 4117 Aristotelem
1374 4049 1647 4133 Euripidi
1717 4057 1854 4133 plus
1918 4057 2115 4117 laudis
2179 4056 2538 4116 tribuentem

464 4272 534 4336 ¹⁸)
572 4267 856 4339 Schwabe,
888 4268 928 4324 J
931 4223 1244 4325 ahrbliclier
1279 4268 1426 4338 CIX,
1467 4273 1579 4324 108.
1614 4268 1933 4339 Baumgart,
1957 4266 2101 4324 ibid.
2138 4266 2283 4335 cxl,
2317 4269 2400 4321 90.
