3166 4871
564 286 643 347 74
1278 350 1283 355 α
1356 285 1377 293 ’
1580 250 1837 336 zacher

733 446 967 527 νάιος
1038 462 1192 535 trag.
1262 446 1490 535 νήιος
1573 458 1749 517 Hom.
1835 457 1984 518 Hsd.
2066 458 2180 534 Ap.
2254 458 2406 517 Rb.·
2437 447 2810 537 ἐπινήιος

559 560 743 621 Anth.
830 552 1208 619 ἐπίνειον
1264 560 1405 620 Hdt.
1466 579 1556 638 pr.
1617 564 1722 620 att.
1786 559 1873 621 cf.
1916 578 2102 636 supra
2161 579 2218 637 p.
2248 555 2347 620 24.
2391 556 2492 620 27.
2579 555 2811 619 δεκα-

559 656 755 723 ναΐα
795 662 914 724 Str.
955 655 1418 721 πενταναΐα
1462 662 1753 740 Polyacn.
1794 655 2604 722 πεντεκαιδεκαναΐα
2640 662 2809 723 Dcm.

559 785 746 843 supra
789 784 850 843 p.
880 762 982 825 27.

729 860 1109 946 προναία.
1195 868 1291 929 Sic
1334 868 1667 928 vocabatur
1713 869 1983 928 Minerva
2026 867 2197 928 cuius
2238 868 2336 928 vel
2379 868 2666 944 templum
2713 868 2811 927 vel

567 971 947 1031 simulacrum
981 969 1231 1048 Delphis
1272 974 1415 1030 ante
1459 970 1756 1047 Apollinis
1801 970 2083 1047 templum
2128 971 2383 1046 positum
2416 973 2563 1030 erat.
2649 968 2808 1043 Quid

562 1074 722 1132 inter
764 1072 922 1132 hauc
967 1078 1030 1132 ct
1070 1073 1400 1132 Minervam
1448 1061 1786 1151 πρόνοιαν
1841 1091 1994 1149 quae
2054 1077 2116 1132 et
2174 1074 2303 1149 ipsa
2346 1072 2595 1149 Delphis
2653 1071 2807 1132 cole-

558 1174 740 1236 batur
818 1175 1156 1235 intercedat
1221 1174 1594 1236 differentiae
1674 1174 1775 1235 diu
1858 1176 2229 1252 multumque
2308 1175 2658 1251 praesertim
2732 1174 2808 1234 ab

559 1277 840 1354 Aeschyli
903 1276 1335 1354 interpretibus
1390 1277 1468 1338 ad
1528 1279 1701 1338 Eum.
1760 1273 1834 1334 21
1905 1266 2202 1350 (Παλλὰς
2257 1271 2554 1355 προναία
2614 1260 2675 1335 δ’
2733 1268 2808 1335 ἐν

563 1369 789 1458 λόγοις
840 1368 1309 1458 πρεσβεύεται)
1355 1380 1724 1458 disputatum
1793 1385 1900 1440 est.
2007 1381 2152 1440 Post
2217 1383 2450 1441 ceteros
2513 1379 2807 1440 uberrime

562 1482 929 1543 Wieselerus
957 1481 1154 1543 Goett.
1184 1483 1350 1543 Stud.
1397 1503 1451 1560 p.
1483 1480 1597 1540 201
1654 1500 1782 1559 sqq.
1827 1500 1952 1542 rem
1997 1483 2295 1560 tractavit,
2340 1483 2444 1559 qui
2491 1483 2604 1542 boc
2644 1486 2807 1543 certe

559 1585 699 1644 mihi
766 1584 1007 1645 videtur
1068 1584 1483 1662 confirmasse,
1547 1604 1746 1662 neque
1805 1585 1880 1644 ad
1946 1604 2124 1645 unam
2187 1589 2246 1645 et
2318 1585 2567 1646 eandem
2636 1583 2804 1645 deam

559 1692 880 1764 utrumque
928 1706 1141 1748 nomen
1189 1706 1323 1748 esse
1370 1687 1769 1763 referendum,
1817 1706 2013 1765 neque
2057 1681 2401 1767 ,προναίαν
2444 1688 2807 1766 appellatam

560 1809 691 1852 esse
751 1790 919 1850 deam
981 1809 1020 1850 a
1062 1790 1371 1869 Delphiis,
1421 1780 1761 1870 πρόνοιαν
1813 1791 1890 1851 ab
1936 1790 2437 1868 Atheniensibus,
2496 1789 2604 1850 scd
2662 1790 2809 1868 ipsis

559 1893 811 1970 Delphis
856 1892 1008 1953 duas
1054 1893 1196 1953 deas
1240 1892 1453 1971 fuisse,
1512 1910 1765 1970 quarum
1817 1893 2012 1953 altera
2065 1911 2196 1953 eam
2242 1892 2319 1953 ob
2364 1910 2602 1952 causam
2647 1891 2810 1968 quod

565 1995 868 2072 adjuverit
910 1995 1204 2055 Latonam
1248 1995 1307 2055 iu
1353 1995 1687 2073 puerperio,
1728 1983 2024 2075 πρόνοια
2069 1995 2609 2072 essct‹appellata,
2652 2011 2807 2070 quae

559 2098 675 2158 dea
734 2098 909 2157 etiam
970 2096 1111 2157 alibi
1169 2097 1365 2158 culta-
1386 2098 1492 2174 sit,
1560 2097 1752 2158 altera
1811 2115 1956 2158 vero
2014 2092 2312 2174 προναία
2367 2095 2462 2158 vel
2507 2085 2809 2173 πρόναος

559 2198 652 2272 (ut
708 2203 960 2259 vocatur
1013 2199 1077 2258 in
1121 2199 1371 2260 Diodori
1432 2204 1700 2277 excerpt.
1748 2201 1879 2260 Vat.
1925 2219 1998 2259 ex
2043 2199 2081 2260 l.
2110 2200 2299 2277 XXII,
2343 2200 2459 2260 vol.
2489 2199 2574 2259 111
2633 2216 2691 2274 p.
2725 2194 2807 2255 52

559 2302 763 2372 Dind.)
807 2306 1092 2379 proptera
1136 2301 1300 2378 quod
1347 2302 1476 2361 eius
1521 2303 1756 2378 signum
1800 2306 1941 2363 ante
1971 2302 2267 2379 Apollinis
2315 2302 2602 2380 templum
2647 2304 2810 2362 esset

558 2405 835 2482 positum.
931 2404 1132 2480 Atque
1204 2404 1462 2466 nominis
1519 2403 1769 2466 formam
1831 2399 2130 2483 προναία
2191 2408 2491 2467 testantur
2560 2404 2806 2482 inserip-

557 2508 751 2569 tiones
794 2506 1124 2584 Delphicae
1169 2507 1246 2567 ab
1291 2508 1360 2567 Ε.
1405 2508 1609 2568 Curtio
1664 2508 1860 2570 editae
1905 2507 2158 2581 (Anecd.
2204 2508 2418 2586 Delph.
2462 2526 2522 2585 p.
2555 2505 2653 2566 77.
2684 2502 2811 2583 78),

559 2611 616 2670 in
664 2609 885 2686 quibus
928 2609 1219 2686 scriptum
1261 2614 1352 2669 est
1390 2606 2383 2682 ΤΑΙΑΘΑΝΑΙΙΤΡΟΝΑΙΑΙ,
2427 2609 2593 2687 quod
2622 2627 2808 2686 quum

559 2710 746 2789 possit
789 2713 1140 2772 transscribi
1185 2706 1484 2794 προναῖζι
1528 2714 1627 2773 vel
1670 2707 1969 2794 προναία
2018 2714 2113 2775 vel
2155 2702 2425 2795 προνᾴᾳ
2482 2711 2807 2791 (quomodo

563 2814 739 2875 etiam
786 2814 888 2875 illo
949 2815 1082 2876 loco
1127 2816 1469 2892 Aeschyleo
1532 2816 1711 2876 scribi
1762 2815 1940 2893 jubet
1992 2814 2400 2889 Hermanuus)
2459 2832 2528 2874 αι
2586 2833 2808 2876 meram

560 2915 999 2993 diphthongum
1045 2922 1107 2977 et
1149 2917 1407 2995 priorem
1452 2917 1581 2978 eius
1627 2916 1895 2978 vocalem
1941 2917 2184 2978 brevem
2229 2935 2362 2978 esse
2407 2917 2586 2978 docet
2629 2917 2806 2994 Calli·

561 3017 753 3077 machi
779 3036 993 3080 versus
1021 3038 1058 3079 a
1090 3019 1273 3079 schol.
1293 3020 1512 3080 citatus
1528 3003 1613 3098 χή
1631 3009 1919 3092 Παλλὰς,
1950 3013 2203 3095 Δελφοί
2231 3035 2340 3078 νιν
2357 3003 2470 3079 ὅθ’
2487 3007 2807 3098 ἱδρύοντο

559 3114 912 3200 προναὶην.
960 3140 1016 3181 v.
1060 3139 1244 3198 supra
1287 3140 1345 3199 p.
1376 3118 1476 3181 25.
1561 3124 1776 3199 Itaque
1828 3122 2011 3182 fuisse
2065 3126 2229 3183 certe
2281 3121 2537 3200 Delphis
2589 3121 2806 3183 Miner·

560 3240 691 3282 vam
724 3223 1055 3284 Prouacam
1103 3227 1355 3286 constat.
1442 3223 1561 3286 Sed
1605 3243 1723 3300 non
1763 3228 2016 3302 constat,
2061 3223 2414 3302 quibusnam
2446 3224 2804 3302 scriptorum

559 3325 708 3384 locis
751 3324 826 3385 de
872 3326 985 3385 hac
1030 3326 1177 3404 dea,
1232 3327 1450 3402 quibus
1509 3326 1585 3386 de
1630 3327 1905 3387 Minerva
1949 3320 2243 3408 προνοίᾳ
2289 3326 2667 3404 cogitandum
2693 3326 2807 3387 sit.

559 3426 924 3487 Wieselerus
989 3432 1187 3488 autem
1257 3429 1563 3489 Minervae
1632 3447 1936 3506 pronaeae
2007 3430 2294 3507 templum
2361 3428 2548 3490 fuisse
2606 3431 2808 3507 negat,

558 3526 663 3587 sed
730 3529 963 3604 signum
1039 3533 1264 3591 tantum
1339 3530 1525 3591 fuisse
1599 3536 1741 3593 ante
1809 3530 2108 3609 Apollinis
2175 3533 2464 3610 templum
2531 3531 2808 3609 positum.

561 3627 736 3702 Quod
785 3629 1006 3691 diserte
1052 3636 1302 3692 narrant
1347 3633 1478 3693 EM.
1523 3637 1586 3693 et
1629 3631 2056 3710 grammaticus
2098 3633 2160 3693 in
2208 3631 2398 3694 Bekk.
2440 3652 2519 3694 an
2564 3653 2623 3712 p.
2652 3628 2806 3692 293:

558 3724 866 3810 Προναΐα
912 3715 1190 3813 Ἀθηνᾶ·
1238 3717 1693 3812 ἀγάλματος
1737 3720 1968 3812 ὄνομα.
2057 3721 2209 3814 ἤτοι
2251 3725 2360 3794 ὸιὰ
2388 3725 2471 3795 τὸ
2497 3724 2637 3814 πρὸ
2679 3730 2808 3794 τοῦ

556 3829 729 3892 ναοῦ
789 3825 863 3894 ἐν
917 3831 1200 3911 Δελφοῖς
1259 3826 1523 3896 ἱστάναι
1579 3835 1725 3896 κτλ.
1767 3891 1777 3902 .
1817 3838 1895 3897 Et
1951 3841 2112 3898 recte
2169 3839 2534 3899 Wieselerus
2591 3857 2650 3915 p.
2680 3832 2804 3895 213

559 3934 728 4008 „Auf
780 3937 912 3998 eine
971 3942 1200 4017 statue,
1259 3940 1487 4017 inquit,
1543 3939 1765 4001 deuten
1813 3940 1969 4000 auch
2012 3940 2112 4001 die
2157 3945 2343 4002 worte
2387 3929 2498 3999 διὰ
2540 3928 2622 3999 τὸ
2667 3928 2804 4017 πρὸ

555 4034 684 4096 τοῦ
730 4036 900 4098 ναοῦ
944 4037 1072 4099 τοῦ
1115 4032 1191 4099 ἐν
1236 4037 1522 4116 Δελᾳοῑς
1567 4029 1838 4100 ἑστάναι
1883 4026 2099 4121 αὐτήν
2143 4042 2239 4103 bei
2284 4041 2547 4118 Photios,
2590 4040 2804 4102 Suidas
2842 4078 2866 4101 .

558 4140 682 4201 und
728 4141 1169 4220 Phavorinos‚“
1234 4161 1367 4202 nam
1433 4142 1507 4205 dc
1568 4143 1795 4220 templo
1853 4148 1992 4205 autc
2054 4142 2217 4205 aliud
2274 4139 2561 4219 templum
2606 4141 2803 4218 posito

556 4243 659 4303 vix
719 4243 776 4304 id
838 4243 955 4304 dici
1011 4245 1226 4323 potuit.
1325 4244 1442 4306 Sed
1506 4246 1897 4307 certissimum
1961 4245 2104 4306 mihi
2163 4244 2403 4322 quidem
2463 4262 2539 4305 ea
2597 4243 2673 4305 (le
2734 4262 2804 4305 rc
