3166 4871
2471 268 2596 331 379

351 435 587 497 colonia
645 436 887 498 diversa
946 436 1061 498 fuit
1118 438 1193 499 ab
1253 437 1383 499 aliis
1428 439 1684 516 Augusti
1747 438 2020 500 coloniis.
2118 440 2295 502 Certe
2341 441 2595 519 Augusti

351 539 587 600 colonia
631 540 909 601 habenda
954 544 1063 602 est.

1336 739 1608 807 Ateste.

521 881 583 943 G.
616 883 668 942 V
698 901 755 961 p.
786 887 927 945 240.
973 883 1209 945 colonia
1242 888 1626 961 nuncupatur
1656 884 1714 943 in
1748 883 1919 944 titulo
1950 884 2206 960 Augusti
2239 885 2337 944 vel
2368 885 2594 946 Tiberii

348 984 716 1061 temporibus
761 986 985 1063 scripto
1033 1006 1088 1046 n.
1134 989 1317 1048 2561.
1402 986 1665 1056 Nomen,
1712 985 1873 1063 quod
1929 984 2159 1056 babuit,
2224 990 2427 1046 notum
2474 1005 2593 1047 non

350 1091 458 1147 est.
545 1087 804 1148 Deduoti
864 1095 1037 1165 suut,
1098 1095 1164 1149 ut
1222 1087 1382 1148 tituli
1428 1088 1679 1166 docent,
1740 1089 2066 1166 praecipue
2111 1087 2364 1166 legionis
2408 1089 2491 1149 XI
2534 1095 2596 1149 et

354 1190 401 1248 V
433 1190 699 1250 urbanae
731 1189 974 1262 milites;
1020 1189 1126 1251 sed
1159 1191 1332 1251 etiam
1365 1190 1523 1251 tituli
1557 1190 1824 1268 militum,
1869 1190 1972 1268 qui
2003 1191 2061 1250 in
2095 1190 2226 1250 aliis
2257 1192 2593 1268 legionibus

348 1294 453 1351 aut
495 1292 553 1352 iu
600 1291 942 1352 cohortibus
988 1293 1303 1370 praetoriis
1348 1292 1646 1370 stipendia
1697 1291 2003 1370 fecerunt,
2063 1293 2463 1353 inveniuntur.
2508 1324 2594 1334 —

349 1392 654 1455 Coloniam
690 1400 828 1472 post
869 1395 1165 1473 proelium
1198 1395 1507 1455 Actiacum
1553 1394 1871 1455 deductam
1919 1412 2052 1455 esse
2098 1413 2171 1456 ex
2203 1413 2273 1456 eo
2305 1396 2593 1474 cernitur,

350 1496 491 1574 quia
537 1496 750 1557 milites
805 1497 1090 1568 nonnulli,
1152 1497 1253 1575 qui
1315 1516 1520 1558 omnes
1575 1496 1966 1575 probabiliter
2025 1498 2288 1557 Atestem
2349 1497 2592 1558 deducti

349 1603 538 1670 erant,
586 1598 971 1659 honorificum
1020 1618 1234 1660 nomen
1268 1601 1579 1660 Actiacum
1626 1599 1867 1660 habent.
1953 1599 2138 1659 Tituli
2188 1600 2433 1660 militum
2481 1600 2594 1660 hoe

349 1701 587 1761 nomine
646 1701 961 1777 insignium
1008 1702 1068 1761 hi
1114 1707 1255 1762 sunt
1299 1721 1356 1761 u.
1403 1706 1602 1774 2503,
1666 1705 1863 1774 2501,
1925 1704 2123 1778 2839,
2184 1705 2342 1779 890,
2403 1705 2587 1774 2389,

349 1822 604 1881 quorum
650 1809 773 1863 tres
819 1805 1064 1864 Atestae
1128 1805 1356 1864 inventi
1419 1811 1586 1876 sunt;
1649 1809 1901 1881 quartus
1955 1804 2288 1882 Aquileiae,
2347 1805 2593 1882 quintus

348 1905 610 1983 Patavii3
683 1905 790 1966 sed
847 1907 1022 1966 etiam
1069 1905 1129 1966 hi
1175 1906 1294 1965 duo
1339 1905 1557 1966 tribum
1602 1905 1906 1966 Romiliam
1956 1906 2272 1981 habentes,
2343 1906 2594 1967 Atestae

348 2007 647 2067 tribuendi
693 2012 849 2079 sunt,
895 2009 1240 2086 praesertim
1287 2027 1420 2067 oum
1466 2026 1540 2068 ex
1572 2009 1781 2068 Ateste
1826 2009 2139 2069 Patavium
2184 2009 2390 2070 titulos
2435 2009 2593 2070 abla-

347 2113 442 2169 tos
488 2128 617 2169 esse
662 2114 911 2170 oonstet.

522 2231 611 2289 De
655 2229 828 2289 titulo
875 2249 928 2289 n.
964 2232 1126 2290 2501
1177 2229 1421 2307 egregie
1455 2229 1858 2290 Mommsenus
1903 2228 2235 2306 disputavit
2277 2230 2336 2289 in
2385 2248 2593 2292 comm.

350 2350 502 2391 mon.
548 2332 775 2409 Aneyr.
819 2351 876 2410 p.
919 2335 1020 2393 40.

1210 2651 1509 2747 Regio
1580 2651 1717 2726 XI.

1046 2838 1370 2920 Augusta
1411 2836 1893 2903 Taurinorum

351 2980 414 3042 C.
446 2981 513 3040 V.
544 2985 581 3042 2
629 3000 683 3058 p.
720 2984 859 3041 779.
913 2980 1148 3040 colonia
1193 2981 1545 3040 nominatur·
1578 2998 1615 3039 a
1644 2980 1857 3039 Tacito
1889 2979 1946 3039 h.
1978 2983 2033 3041 2.
2067 2984 2147 3041 66
2193 2985 2254 3040 et
2298 2980 2357 3040 in
2401 2981 2593 3040 titulis

350 3104 406 3144 n.
447 3087 638 3169 7002,
685 3085 869 3161 7003,
916 3087 1078 3145 7007
1129 3085 1267 3143 item
1316 3084 1373 3144 in
1420 3082 1765 3143 suburbano
1812 3080 1913 3143 Or.
1946 3086 2130 3143 2179.
2219 3083 2451 3144 Deinde
2489 3103 2592 3162 ap-

352 3188 609 3264 pellatur
647 3188 706 3246 in
753 3187 939 3246 titulis
984 3186 1166 3256 „Iulia
1195 3186 1467 3262 Augusta
1497 3184 1927 3245 Taurinorum“
1973 3188 2034 3245 et
2076 3185 2255 3256 „lulia
2285 3186 2591 3265 Augusta“

350 3296 411 3350 et
460 3290 772 3366 „Augusta
815 3286 1276 3348 Taurinorum“.
1364 3288 1623 3347 Dubium
1669 3305 1804 3347 esse
1848 3306 1967 3348 nou
2015 3291 2231 3365 potest,
2276 3288 2422 3365 quin
2464 3287 2593 3347 Au·
2654 3328 2657 3331 ι

349 3398 563 3470 gustus
607 3410 737 3452 eam
784 3390 1121 3462 deduxerit,
1165 3389 1271 3450 sed
1320 3392 1638 3470 nescimus,
1681 3409 1800 3468 quo
1846 3407 2004 3449 anno
2050 3388 2109 3449 id
2155 3388 2382 3450 factum
2427 3389 2516 3450 sit.

840 3587 1163 3670 Augusta
1192 3588 1583 3654 ,Praetoria
1628 3585 2083 3654 Salassorum

351 3731 981 3813 colonia2appellatur
1033 3751 1070 3790 a
1113 3731 1310 3792 Plinio
1373 3732 1433 3792 et
1475 3732 1842 3792 Ptolemaeo.
1929 3729 2266 3808 Scriptores
2326 3731 2593 3794 Cassiod.

351 3835 426 3895 ad
481 3854 534 3894 a.
596 3837 751 3909 729,
819 3832 963 3894 Suet
1013 3833 1168 3911 Aug.
1216 3838 1316 3910 21,
1379 3834 1598 3895 Strabo
1642 3837 1702 3911 4,
1748 3838 1803 3895 6.
1853 3838 1916 3910 7,
1981 3832 2110 3893 Dio.
2157 3835 2254 3894 53.
2302 3836 2382 3894 25
2450 3851 2590 3893 eon·

351 3938 615 3998 sentiunt
661 3936 910 3996 devietis
955 3935 1207 3997 Salassis
1269 3939 1327 3996 in
1382 3937 1513 3998 loeo
1560 3942 1890 3996 castrorum
1941 3936 2447 3996 Varronianorum
2496 3954 2591 3996 oo-

351 4040 571 4100 loniam
620 4039 867 4100 militum
913 4039 1211 4100 conditam
1260 4058 1393 4117 esse
1455 4038 1694 4099 nomine
1755 4039 2031 4116 imposito
2100 4038 2251 4112 „ool.
2313 4038 2592 4115 Augusta

350 4142 720 4203 Praetoria“.

2117 4338 2182 4388 26
