<?xml version="1.0" encoding="UTF-8"?>
<!DOCTYPE html PUBLIC "-//W3C//DTD XHTML 1.0 Transitional//EN"
    "http://www.w3.org/TR/xhtml1/DTD/xhtml1-transitional.dtd">
<html xmlns="http://www.w3.org/1999/xhtml" xml:lang="en" lang="en">
 <head>
  <title>
</title>
<meta http-equiv="Content-Type" content="text/html;charset=utf-8" />
  <meta name='ocr-system' content='tesseract 3.04.00' />
  <meta name='ocr-capabilities' content='ocr_page ocr_carea ocr_par ocr_line ocrx_word'/>
</head>
<body>
  <div class='ocr_page' id='page_1' title='image "./dissertationesp00hallgoog_0523.png"; bbox 0 0 3166 4871; ppageno 0'>
   <div class='ocr_carea' id='block_1_1' title="bbox 2461 324 2580 385">
    <p class='ocr_par' dir='ltr' id='par_1_1' title="bbox 2461 324 2580 385">
     <span class='ocr_line' id='line_1_1' title="bbox 2461 324 2580 385; baseline 0.008 -1"><span class='ocrx_word' id='word_1_1' title='bbox 2461 324 2580 385; x_wconf 81' lang='lat'>165</span> 
     </span>
    </p>
   </div>
   <div class='ocr_carea' id='block_1_2' title="bbox 342 489 2606 4443">
    <p class='ocr_par' dir='ltr' id='par_1_2' title="bbox 342 489 2582 1185">
     <span class='ocr_line' id='line_1_2' title="bbox 342 489 2582 576; baseline 0.003 -27"><span class='ocrx_word' id='word_1_2' title='bbox 342 489 521 550; x_wconf 89' lang='lat' dir='ltr'>dubie</span> <span class='ocrx_word' id='word_1_3' title='bbox 573 491 925 568; x_wconf 89' lang='lat' dir='ltr'>intelligitur</span> <span class='ocrx_word' id='word_1_4' title='bbox 990 493 1047 551; x_wconf 92' lang='lat' dir='ltr'>in</span> <span class='ocrx_word' id='word_1_5' title='bbox 1101 492 1289 552; x_wconf 88' lang='lat' dir='ltr'>schol.</span> <span class='ocrx_word' id='word_1_6' title='bbox 1340 492 1416 552; x_wconf 91' lang='lat' dir='ltr'>ad</span> <span class='ocrx_word' id='word_1_7' title='bbox 1471 494 1631 553; x_wconf 87' lang='lat' dir='ltr'>hunc</span> <span class='ocrx_word' id='word_1_8' title='bbox 1680 512 1959 554; x_wconf 89' lang='lat' dir='ltr'>ranarum</span> <span class='ocrx_word' id='word_1_9' title='bbox 2016 494 2320 572; x_wconf 85' lang='lat' dir='ltr'>Aristoph.</span> <span class='ocrx_word' id='word_1_10' title='bbox 2369 497 2582 576; x_wconf 90' lang='lat' dir='ltr'>locum,</span> 
     </span>
     <span class='ocr_line' id='line_1_3' title="bbox 344 595 748 655; baseline 0.007 -5"><span class='ocrx_word' id='word_1_11' title='bbox 344 612 399 652; x_wconf 85' lang='lat' dir='ltr'>v.</span> <span class='ocrx_word' id='word_1_12' title='bbox 443 596 523 654; x_wconf 83' lang='lat'>52</span> <span class='ocrx_word' id='word_1_13' title='bbox 542 595 748 655; x_wconf 82' lang='lat'>-·55:</span> 
     </span>
     <span class='ocr_line' id='line_1_4' title="bbox 430 679 2207 777; baseline 0.002 -24"><span class='ocrx_word' id='word_1_14' title='bbox 430 692 536 753; x_wconf 90' lang='grc' dir='ltr'><strong><em>Δι.·</em></strong></span> <span class='ocrx_word' id='word_1_15' title='bbox 583 689 732 768; x_wconf 82' lang='grc' dir='ltr'><strong><em>,,καὶ</em></strong></span> <span class='ocrx_word' id='word_1_16' title='bbox 781 679 924 774; x_wconf 78' lang='grc' dir='ltr'><strong><em>δῆτ’</em></strong></span> <span class='ocrx_word' id='word_1_17' title='bbox 954 687 1064 756; x_wconf 77' lang='grc' dir='ltr'>ἐπὶ</span> <span class='ocrx_word' id='word_1_18' title='bbox 1108 693 1223 777; x_wconf 84' lang='grc' dir='ltr'>τῆς</span> <span class='ocrx_word' id='word_1_19' title='bbox 1261 686 1428 769; x_wconf 79' lang='grc' dir='ltr'>νεώς</span> <span class='ocrx_word' id='word_1_20' title='bbox 1471 682 2048 776; x_wconf 79' lang='grc' dir='ltr'><strong><em>ἀναγιγνώσκοντί</em></strong></span> <span class='ocrx_word' id='word_1_21' title='bbox 2093 716 2207 777; x_wconf 88' lang='grc' dir='ltr'>μοι</span> 
     </span>
     <span class='ocr_line' id='line_1_5' title="bbox 581 783 2493 882; baseline 0.003 -26"><span class='ocrx_word' id='word_1_22' title='bbox 581 788 746 877; x_wconf 81' lang='grc' dir='ltr'><strong><em>,,τὴν</em></strong></span> <span class='ocrx_word' id='word_1_23' title='bbox 779 783 1292 878; x_wconf 63' lang='grc' dir='ltr'><strong><em>Ἀνδρομέδαν</em></strong></span> <span class='ocrx_word' id='word_1_24' title='bbox 1334 788 1507 878; x_wconf 81' lang='grc' dir='ltr'><strong><em>πρὸς</em></strong></span> <span class='ocrx_word' id='word_1_25' title='bbox 1551 788 1862 877; x_wconf 80' lang='grc' dir='ltr'><strong><em>ἐμαυτὸν,</em></strong></span> <span class='ocrx_word' id='word_1_26' title='bbox 1909 793 2225 882; x_wconf 73' lang='grc' dir='ltr'><strong><em>ἐξαίφνης</em></strong></span> <span class='ocrx_word' id='word_1_27' title='bbox 2266 789 2493 874; x_wconf 81' lang='grc' dir='ltr'><strong><em>πόθος</em></strong></span> 
     </span>
     <span class='ocr_line' id='line_1_6' title="bbox 585 888 2136 983; baseline 0.003 -24"><span class='ocrx_word' id='word_1_28' title='bbox 585 890 753 979; x_wconf 64' lang='grc' dir='ltr'><strong><em>»τὴν</em></strong></span> <span class='ocrx_word' id='word_1_29' title='bbox 797 895 1082 977; x_wconf 75' lang='grc' dir='ltr'><em>καρδίαν</em></span> <span class='ocrx_word' id='word_1_30' title='bbox 1127 888 1433 978; x_wconf 77' lang='grc' dir='ltr'><strong><em>ἐπάταξε,</em></strong></span> <span class='ocrx_word' id='word_1_31' title='bbox 1477 897 1626 973; x_wconf 79' lang='grc' dir='ltr'>πῶς</span> <span class='ocrx_word' id='word_1_32' title='bbox 1671 895 1793 962; x_wconf 83' lang='grc' dir='ltr'><strong><em>οἴει</em></strong></span> <span class='ocrx_word' id='word_1_33' title='bbox 1840 894 2101 983; x_wconf 81' lang='grc' dir='ltr'><strong><em>σφόδρα</em></strong></span> <span class='ocrx_word' id='word_1_34' title='bbox 2112 923 2136 974; x_wconf 87' lang='grc'>,·</span> 
     </span>
     <span class='ocr_line' id='line_1_7' title="bbox 404 989 1322 1082; baseline 0.002 -21"><span class='ocrx_word' id='word_1_35' title='bbox 404 989 550 1082; x_wconf 84' lang='grc' dir='ltr'>Ἡρ;</span> <span class='ocrx_word' id='word_1_36' title='bbox 595 992 892 1076; x_wconf 78' lang='grc' dir='ltr'><strong><em>,,.πόθος,·</em></strong></span> <span class='ocrx_word' id='word_1_37' title='bbox 934 989 1149 1075; x_wconf 87' lang='grc' dir='ltr'><strong><em>πόσος</em></strong></span> <span class='ocrx_word' id='word_1_38' title='bbox 1191 1022 1322 1076; x_wconf 83' lang='grc' dir='ltr'><strong><em>τις,·</em></strong></span> 
     </span>
     <span class='ocr_line' id='line_1_8' title="bbox 430 1094 1556 1185; baseline 0.003 -22"><span class='ocrx_word' id='word_1_39' title='bbox 430 1102 537 1164; x_wconf 90' lang='grc' dir='ltr'><strong><em>Δι.·</em></strong></span> <span class='ocrx_word' id='word_1_40' title='bbox 581 1096 875 1184; x_wconf 79' lang='grc' dir='ltr'><strong><em>,,μικρὸς,</em></strong></span> <span class='ocrx_word' id='word_1_41' title='bbox 919 1094 1158 1185; x_wconf 80' lang='grc' dir='ltr'><strong><em>ἡλίκος</em></strong></span> <span class='ocrx_word' id='word_1_42' title='bbox 1201 1095 1556 1167; x_wconf 85' lang='grc' dir='ltr'><strong><em>Μόλων.“</em></strong></span> 
     </span>
    </p>

    <p class='ocr_par' dir='ltr' id='par_1_3' title="bbox 342 1208 2606 4358">
     <span class='ocr_line' id='line_1_9' title="bbox 516 1208 2587 1291; baseline 0.003 -23"><span class='ocrx_word' id='word_1_43' title='bbox 516 1208 748 1283; x_wconf 83' lang='lat' dir='ltr'>Quibus</span> <span class='ocrx_word' id='word_1_44' title='bbox 809 1211 1009 1271; x_wconf 85' lang='lat' dir='ltr'>verbis</span> <span class='ocrx_word' id='word_1_45' title='bbox 1054 1213 1329 1271; x_wconf 87' lang='lat' dir='ltr'>Bacchus</span> <span class='ocrx_word' id='word_1_46' title='bbox 1375 1213 1619 1272; x_wconf 78' lang='lat' dir='ltr'>Herculi</span> <span class='ocrx_word' id='word_1_47' title='bbox 1672 1212 1946 1288; x_wconf 83' lang='lat' dir='ltr'>indicare</span> <span class='ocrx_word' id='word_1_48' title='bbox 2004 1213 2278 1291; x_wconf 85' lang='lat' dir='ltr'><strong>ambigue</strong></span> <span class='ocrx_word' id='word_1_49' title='bbox 2338 1213 2587 1286; x_wconf 86' lang='lat' dir='ltr'>orditur,</span> 
     </span>
     <span class='ocr_line' id='line_1_10' title="bbox 347 1311 2587 1393; baseline 0.003 -23"><span class='ocrx_word' id='word_1_50' title='bbox 347 1311 509 1387; x_wconf 89' lang='lat' dir='ltr'>quod</span> <span class='ocrx_word' id='word_1_51' title='bbox 560 1312 758 1372; x_wconf 85' lang='lat' dir='ltr'>multis</span> <span class='ocrx_word' id='word_1_52' title='bbox 791 1312 1137 1389; x_wconf 80' lang='lat' dir='ltr'>ambagibus</span> <span class='ocrx_word' id='word_1_53' title='bbox 1186 1332 1328 1374; x_wconf 85' lang='lat' dir='ltr'>usus</span> <span class='ocrx_word' id='word_1_54' title='bbox 1372 1332 1555 1374; x_wconf 80' lang='lat' dir='ltr'>versu</span> <span class='ocrx_word' id='word_1_55' title='bbox 1591 1320 1669 1377; x_wconf 85' lang='lat'>67</span> <span class='ocrx_word' id='word_1_56' title='bbox 1718 1315 1955 1375; x_wconf 86' lang='lat' dir='ltr'>demum</span> <span class='ocrx_word' id='word_1_57' title='bbox 1986 1315 2315 1393; x_wconf 85' lang='lat' dir='ltr'>profitetur,</span> <span class='ocrx_word' id='word_1_58' title='bbox 2360 1335 2587 1377; x_wconf 88' lang='lat' dir='ltr'>summo</span> 
     </span>
     <span class='ocr_line' id='line_1_11' title="bbox 346 1414 2584 1492; baseline 0.003 -19"><span class='ocrx_word' id='word_1_59' title='bbox 346 1431 411 1473; x_wconf 90' lang='lat' dir='ltr'>se</span> <span class='ocrx_word' id='word_1_60' title='bbox 485 1414 740 1491; x_wconf 81' lang='lat' dir='ltr'>flagrare</span> <span class='ocrx_word' id='word_1_61' title='bbox 824 1415 1131 1492; x_wconf 76' lang='lat' dir='ltr'>Euripidis</span> <span class='ocrx_word' id='word_1_62' title='bbox 1215 1417 1389 1478; x_wconf 90' lang='lat' dir='ltr'>modo</span> <span class='ocrx_word' id='word_1_63' title='bbox 1453 1419 1671 1478; x_wconf 89' lang='lat' dir='ltr'>mortui</span> <span class='ocrx_word' id='word_1_64' title='bbox 1747 1418 2069 1479; x_wconf 86' lang='lat' dir='ltr'>desiderio:</span> <span class='ocrx_word' id='word_1_65' title='bbox 2144 1418 2584 1480; x_wconf 80' lang='lat' dir='ltr'><strong>Andromedam</strong></span> 
     </span>
     <span class='ocr_line' id='line_1_12' title="bbox 344 1516 2586 1597; baseline 0.004 -23"><span class='ocrx_word' id='word_1_66' title='bbox 344 1516 604 1576; x_wconf 82' lang='lat' dir='ltr'>fabulam</span> <span class='ocrx_word' id='word_1_67' title='bbox 651 1536 716 1577; x_wconf 89' lang='lat' dir='ltr'>se</span> <span class='ocrx_word' id='word_1_68' title='bbox 761 1518 1055 1595; x_wconf 86' lang='lat' dir='ltr'>legentem</span> <span class='ocrx_word' id='word_1_69' title='bbox 1105 1518 1400 1579; x_wconf 88' lang='lat' dir='ltr'>desiderio</span> <span class='ocrx_word' id='word_1_70' title='bbox 1461 1520 1721 1597; x_wconf 86' lang='lat' dir='ltr'>quodam</span> <span class='ocrx_word' id='word_1_71' title='bbox 1781 1522 2058 1580; x_wconf 78' lang='lat' dir='ltr'>affectum</span> <span class='ocrx_word' id='word_1_72' title='bbox 2105 1539 2253 1582; x_wconf 84' lang='lat' dir='ltr'>esse.</span> <span class='ocrx_word' id='word_1_73' title='bbox 2342 1523 2586 1582; x_wconf 78' lang='lat' dir='ltr'>Herculi</span> 
     </span>
     <span class='ocr_line' id='line_1_13' title="bbox 346 1609 2588 1702; baseline 0.002 -24"><span class='ocrx_word' id='word_1_74' title='bbox 346 1620 756 1699; x_wconf 85' lang='lat' dir='ltr'>interroganti,</span> <span class='ocrx_word' id='word_1_75' title='bbox 800 1624 1092 1697; x_wconf 83' lang='lat' dir='ltr'>quantum</span> <span class='ocrx_word' id='word_1_76' title='bbox 1138 1623 1217 1681; x_wconf 88' lang='lat' dir='ltr'>sit</span> <span class='ocrx_word' id='word_1_77' title='bbox 1262 1621 1618 1683; x_wconf 84' lang='lat' dir='ltr'>desiderium</span> <span class='ocrx_word' id='word_1_78' title='bbox 1667 1623 1828 1693; x_wconf 84' lang='lat' dir='ltr'>illud,</span> <span class='ocrx_word' id='word_1_79' title='bbox 1876 1624 2230 1699; x_wconf 77' lang='lat' dir='ltr'><strong>respondet:</strong></span> <span class='ocrx_word' id='word_1_80' title='bbox 2306 1609 2588 1702; x_wconf 82' lang='grc' dir='ltr'><strong><em>,,μικρὸς</em></strong></span> 
     </span>
     <span class='ocr_line' id='line_1_14' title="bbox 342 1707 2589 1803; baseline 0.003 -25"><span class='ocrx_word' id='word_1_81' title='bbox 342 1708 574 1800; x_wconf 82' lang='grc' dir='ltr'><strong><em>ἡλίκος</em></strong></span> <span class='ocrx_word' id='word_1_82' title='bbox 619 1707 928 1782; x_wconf 81' lang='grc' dir='ltr'><strong><em>Μόλων“.</em></strong></span> <span class='ocrx_word' id='word_1_83' title='bbox 1030 1723 1226 1797; x_wconf 83' lang='lat' dir='ltr'>Quum</span> <span class='ocrx_word' id='word_1_84' title='bbox 1275 1725 1548 1785; x_wconf 86' lang='lat' dir='ltr'>Bacchus</span> <span class='ocrx_word' id='word_1_85' title='bbox 1605 1725 1861 1785; x_wconf 79' lang='lat' dir='ltr'>subinde</span> <span class='ocrx_word' id='word_1_86' title='bbox 1907 1727 2133 1803; x_wconf 81' lang='lat' dir='ltr'>ingenti</span> <span class='ocrx_word' id='word_1_87' title='bbox 2180 1725 2478 1787; x_wconf 85' lang='lat' dir='ltr'>desiderio</span> <span class='ocrx_word' id='word_1_88' title='bbox 2522 1743 2589 1785; x_wconf 84' lang='lat' dir='ltr'>se</span> 
     </span>
     <span class='ocr_line' id='line_1_15' title="bbox 347 1825 2588 1904; baseline 0.001 -20"><span class='ocrx_word' id='word_1_89' title='bbox 347 1826 538 1885; x_wconf 85' lang='lat' dir='ltr'>teneri</span> <span class='ocrx_word' id='word_1_90' title='bbox 612 1825 871 1886; x_wconf 82' lang='lat' dir='ltr'>affirmet</span> <span class='ocrx_word' id='word_1_91' title='bbox 927 1829 1110 1886; x_wconf 88' lang='lat' dir='ltr'>risum</span> <span class='ocrx_word' id='word_1_92' title='bbox 1168 1828 1228 1886; x_wconf 94' lang='lat' dir='ltr'>in</span> <span class='ocrx_word' id='word_1_93' title='bbox 1289 1829 1591 1888; x_wconf 87' lang='lat' dir='ltr'>contrario</span> <span class='ocrx_word' id='word_1_94' title='bbox 1654 1846 1835 1887; x_wconf 84' lang='lat' dir='ltr'>sensu</span> <span class='ocrx_word' id='word_1_95' title='bbox 1901 1830 2107 1904; x_wconf 89' lang='lat' dir='ltr'>quaeri</span> <span class='ocrx_word' id='word_1_96' title='bbox 2174 1834 2236 1888; x_wconf 85' lang='lat' dir='ltr'>et</span> <span class='ocrx_word' id='word_1_97' title='bbox 2288 1828 2588 1889; x_wconf 88' lang='lat' dir='ltr'>Molonem</span> 
     </span>
     <span class='ocr_line' id='line_1_16' title="bbox 350 1927 2588 2007; baseline 0.001 -22"><span class='ocrx_word' id='word_1_98' title='bbox 350 1928 446 1986; x_wconf 86' lang='lat' dir='ltr'>hic</span> <span class='ocrx_word' id='word_1_99' title='bbox 489 1929 852 1988; x_wconf 82' lang='lat' dir='ltr'>nominatum</span> <span class='ocrx_word' id='word_1_100' title='bbox 899 1930 1089 1988; x_wconf 86' lang='lat' dir='ltr'>virum</span> <span class='ocrx_word' id='word_1_101' title='bbox 1138 1932 1333 2005; x_wconf 87' lang='lat' dir='ltr'>magni</span> <span class='ocrx_word' id='word_1_102' title='bbox 1379 1931 1651 2007; x_wconf 90' lang='lat' dir='ltr'>corporis</span> <span class='ocrx_word' id='word_1_103' title='bbox 1694 1931 1880 1989; x_wconf 88' lang='lat' dir='ltr'>fuisse</span> <span class='ocrx_word' id='word_1_104' title='bbox 1926 1930 2302 1990; x_wconf 83' lang='lat' dir='ltr'>manifestum</span> <span class='ocrx_word' id='word_1_105' title='bbox 2352 1934 2442 1990; x_wconf 89' lang='lat' dir='ltr'>est</span> <span class='ocrx_word' id='word_1_106' title='bbox 2488 1927 2588 2001; x_wconf 86' lang='lat' dir='ltr'>(cf.</span> 
     </span>
     <span class='ocr_line' id='line_1_17' title="bbox 351 2014 2593 2111; baseline 0.001 -25"><span class='ocrx_word' id='word_1_107' title='bbox 351 2028 533 2088; x_wconf 84' lang='lat' dir='ltr'>schol.</span> <span class='ocrx_word' id='word_1_108' title='bbox 574 2014 808 2106; x_wconf 79' lang='grc' dir='ltr'><strong><em>μικρὸς</em></strong></span> <span class='ocrx_word' id='word_1_109' title='bbox 851 2017 1088 2107; x_wconf 82' lang='grc' dir='ltr'><strong><em>ἡλίκος</em></strong></span> <span class='ocrx_word' id='word_1_110' title='bbox 1120 2020 1375 2089; x_wconf 88' lang='grc' dir='ltr'><strong><em>Μόλων</em></strong></span> <span class='ocrx_word' id='word_1_111' title='bbox 1406 2050 1425 2089; x_wconf 91' lang='grc'>.·</span> <span class='ocrx_word' id='word_1_112' title='bbox 1455 2026 1709 2108; x_wconf 76' lang='grc' dir='ltr'><strong><em>παίζει·</em></strong></span> <span class='ocrx_word' id='word_1_113' title='bbox 1760 2021 1895 2090; x_wconf 82' lang='grc' dir='ltr'><strong><em>ἔστι</em></strong></span> <span class='ocrx_word' id='word_1_114' title='bbox 1936 2017 2059 2109; x_wconf 78' lang='grc' dir='ltr'>γὰρ</span> <span class='ocrx_word' id='word_1_115' title='bbox 2120 2020 2593 2111; x_wconf 82' lang='grc' dir='ltr'><strong><em>μεγαλόσωμος</em></strong></span> 
     </span>
     <span class='ocr_line' id='line_1_18' title="bbox 352 2117 2593 2211; baseline 0.001 -23"><span class='ocrx_word' id='word_1_116' title='bbox 352 2117 389 2188; x_wconf 83' lang='grc' dir='ltr'>ὁ</span> <span class='ocrx_word' id='word_1_117' title='bbox 435 2119 732 2203; x_wconf 87' lang='grc' dir='ltr'><strong><em>Μόλων).</em></strong></span> <span class='ocrx_word' id='word_1_118' title='bbox 823 2131 1264 2191; x_wconf 79' lang='lat' dir='ltr'>Andromedam</span> <span class='ocrx_word' id='word_1_119' title='bbox 1328 2133 1711 2209; x_wconf 72' lang='lat' dir='ltr'>Euripideum</span> <span class='ocrx_word' id='word_1_120' title='bbox 1777 2135 1872 2193; x_wconf 89' lang='lat' dir='ltr'>hic</span> <span class='ocrx_word' id='word_1_121' title='bbox 1930 2133 2253 2211; x_wconf 86' lang='lat' dir='ltr'>significari</span> <span class='ocrx_word' id='word_1_122' title='bbox 2315 2138 2376 2194; x_wconf 88' lang='lat' dir='ltr'>et</span> <span class='ocrx_word' id='word_1_123' title='bbox 2435 2133 2593 2192; x_wconf 89' lang='lat' dir='ltr'>meli-</span> 
     </span>
     <span class='ocr_line' id='line_1_19' title="bbox 353 2232 2592 2312; baseline 0 -21"><span class='ocrx_word' id='word_1_124' title='bbox 353 2252 520 2292; x_wconf 87' lang='lat' dir='ltr'>orum</span> <span class='ocrx_word' id='word_1_125' title='bbox 580 2245 794 2309; x_wconf 84' lang='lat' dir='ltr'>poetae</span> <span class='ocrx_word' id='word_1_126' title='bbox 852 2232 1188 2294; x_wconf 84' lang='lat' dir='ltr'>fabularum</span> <span class='ocrx_word' id='word_1_127' title='bbox 1246 2236 1304 2294; x_wconf 91' lang='lat' dir='ltr'>in</span> <span class='ocrx_word' id='word_1_128' title='bbox 1363 2252 1610 2295; x_wconf 89' lang='lat' dir='ltr'>numero</span> <span class='ocrx_word' id='word_1_129' title='bbox 1671 2235 2077 2312; x_wconf 76' lang='lat' dir='ltr'>reponendam</span> <span class='ocrx_word' id='word_1_130' title='bbox 2134 2253 2266 2296; x_wconf 84' lang='lat' dir='ltr'>esse</span> <span class='ocrx_word' id='word_1_131' title='bbox 2318 2253 2353 2296; x_wconf 94' lang='lat' dir='ltr'>e</span> <span class='ocrx_word' id='word_1_132' title='bbox 2411 2235 2592 2296; x_wconf 87' lang='lat' dir='ltr'>schol.</span> 
     </span>
     <span class='ocr_line' id='line_1_20' title="bbox 353 2331 2594 2413; baseline 0.001 -20"><span class='ocrx_word' id='word_1_133' title='bbox 353 2342 414 2394; x_wconf 85' lang='lat' dir='ltr'>et</span> <span class='ocrx_word' id='word_1_134' title='bbox 472 2355 505 2395; x_wconf 90' lang='lat' dir='ltr'>e</span> <span class='ocrx_word' id='word_1_135' title='bbox 567 2336 997 2395; x_wconf 83' lang='lat' dir='ltr'>sententiarum</span> <span class='ocrx_word' id='word_1_136' title='bbox 1055 2355 1213 2395; x_wconf 81' lang='lat' dir='ltr'>nexu</span> <span class='ocrx_word' id='word_1_137' title='bbox 1276 2341 1528 2413; x_wconf 86' lang='lat' dir='ltr'>apparet</span> <span class='ocrx_word' id='word_1_138' title='bbox 1571 2336 1780 2409; x_wconf 83' lang='lat' dir='ltr'>(schol.</span> <span class='ocrx_word' id='word_1_139' title='bbox 1825 2337 1974 2397; x_wconf 87' lang='lat' dir='ltr'>Ven.</span> <span class='ocrx_word' id='word_1_140' title='bbox 2029 2335 2172 2397; x_wconf 77' lang='grc' dir='ltr'>Τῶν</span> <span class='ocrx_word' id='word_1_141' title='bbox 2215 2331 2594 2397; x_wconf 79' lang='grc' dir='ltr'><strong><em>καλλίστων</em></strong></span> 
     </span>
     <span class='ocr_line' id='line_1_21' title="bbox 355 2420 2593 2520; baseline 0.001 -24"><span class='ocrx_word' id='word_1_142' title='bbox 355 2420 726 2517; x_wconf 76' lang='grc' dir='ltr'><strong><em>Εὐριπίδου</em></strong></span> <span class='ocrx_word' id='word_1_143' title='bbox 757 2426 1116 2518; x_wconf 80' lang='grc' dir='ltr'><strong><em>δραμάτων</em></strong></span> <span class='ocrx_word' id='word_1_144' title='bbox 1160 2424 1201 2520; x_wconf 76' lang='grc' dir='ltr'><em>ἡ</em></span> <span class='ocrx_word' id='word_1_145' title='bbox 1241 2423 1691 2517; x_wconf 70' lang='grc' dir='ltr'><strong><em>Άνδρομέδα);</em></strong></span> <span class='ocrx_word' id='word_1_146' title='bbox 1734 2441 2127 2501; x_wconf 80' lang='lat' dir='ltr'>Andromeda</span> <span class='ocrx_word' id='word_1_147' title='bbox 2171 2443 2325 2501; x_wconf 90' lang='lat' dir='ltr'>enim</span> <span class='ocrx_word' id='word_1_148' title='bbox 2357 2440 2593 2501; x_wconf 90' lang='lat' dir='ltr'>demum</span> 
     </span>
     <span class='ocr_line' id='line_1_22' title="bbox 350 2534 2592 2622; baseline 0.001 -22"><span class='ocrx_word' id='word_1_149' title='bbox 350 2534 509 2601; x_wconf 64' lang='lat' dir='ltr'>&gt;lecta</span> <span class='ocrx_word' id='word_1_150' title='bbox 541 2542 816 2602; x_wconf 83' lang='lat' dir='ltr'>Bacchus</span> <span class='ocrx_word' id='word_1_151' title='bbox 850 2541 1156 2619; x_wconf 81' lang='lat' dir='ltr'>Euripidis</span> <span class='ocrx_word' id='word_1_152' title='bbox 1187 2541 1486 2603; x_wconf 85' lang='lat' dir='ltr'>desiderio</span> <span class='ocrx_word' id='word_1_153' title='bbox 1519 2548 1777 2621; x_wconf 86' lang='lat' dir='ltr'>tenetur,</span> <span class='ocrx_word' id='word_1_154' title='bbox 1821 2563 1967 2620; x_wconf 85' lang='lat' dir='ltr'>ergo</span> <span class='ocrx_word' id='word_1_155' title='bbox 1997 2544 2305 2622; x_wconf 87' lang='lat' dir='ltr'>Euripidis</span> <span class='ocrx_word' id='word_1_156' title='bbox 2334 2542 2592 2603; x_wconf 78' lang='lat' dir='ltr'>fabulam</span> 
     </span>
     <span class='ocr_line' id='line_1_23' title="bbox 353 2643 2594 2723; baseline 0.001 -20"><span class='ocrx_word' id='word_1_157' title='bbox 353 2663 486 2703; x_wconf 80' lang='lat' dir='ltr'>eum</span> <span class='ocrx_word' id='word_1_158' title='bbox 535 2643 750 2721; x_wconf 84' lang='lat' dir='ltr'>legisse</span> <span class='ocrx_word' id='word_1_159' title='bbox 782 2662 1027 2704; x_wconf 83' lang='lat' dir='ltr'>necesse</span> <span class='ocrx_word' id='word_1_160' title='bbox 1072 2649 1188 2715; x_wconf 81' lang='lat' dir='ltr'>est3</span> <span class='ocrx_word' id='word_1_161' title='bbox 1236 2647 1391 2705; x_wconf 86' lang='lat' dir='ltr'>inter</span> <span class='ocrx_word' id='word_1_162' title='bbox 1437 2646 1711 2706; x_wconf 78' lang='lat' dir='ltr'>meliores</span> <span class='ocrx_word' id='word_1_163' title='bbox 1744 2645 2049 2723; x_wconf 86' lang='lat' dir='ltr'>Euripidis</span> <span class='ocrx_word' id='word_1_164' title='bbox 2095 2646 2332 2706; x_wconf 83' lang='lat' dir='ltr'>fabulas</span> <span class='ocrx_word' id='word_1_165' title='bbox 2363 2645 2594 2706; x_wconf 87' lang='lat' dir='ltr'>Andro-</span> 
     </span>
     <span class='ocr_line' id='line_1_24' title="bbox 357 2746 2599 2825; baseline 0 -20"><span class='ocrx_word' id='word_1_166' title='bbox 357 2746 526 2806; x_wconf 85' lang='lat' dir='ltr'>meda</span> <span class='ocrx_word' id='word_1_167' title='bbox 573 2747 920 2824; x_wconf 85' lang='lat' dir='ltr'>repouenda</span> <span class='ocrx_word' id='word_1_168' title='bbox 977 2756 1098 2825; x_wconf 85' lang='lat' dir='ltr'>est,</span> <span class='ocrx_word' id='word_1_169' title='bbox 1156 2748 1297 2825; x_wconf 85' lang='lat' dir='ltr'>quia</span> <span class='ocrx_word' id='word_1_170' title='bbox 1342 2749 1616 2808; x_wconf 86' lang='lat' dir='ltr'>Bacchus</span> <span class='ocrx_word' id='word_1_171' title='bbox 1676 2755 1989 2825; x_wconf 79' lang='lat' dir='ltr'>tantopere</span> <span class='ocrx_word' id='word_1_172' title='bbox 2050 2767 2123 2808; x_wconf 90' lang='lat' dir='ltr'>ea</span> <span class='ocrx_word' id='word_1_173' title='bbox 2191 2757 2599 2808; x_wconf 83' lang='lat' dir='ltr'>commovetur</span> 
     </span>
     <span class='ocr_line' id='line_1_25' title="bbox 355 2848 2595 2925; baseline 0 -17"><span class='ocrx_word' id='word_1_174' title='bbox 355 2849 455 2920; x_wconf 87' lang='lat' dir='ltr'>(ef.</span> <span class='ocrx_word' id='word_1_175' title='bbox 517 2848 822 2909; x_wconf 83' lang='lat' dir='ltr'>Welcker:</span> <span class='ocrx_word' id='word_1_176' title='bbox 884 2850 922 2908; x_wconf 92' lang='lat' dir='ltr'>l.</span> <span class='ocrx_word' id='word_1_177' title='bbox 957 2851 989 2908; x_wconf 96' lang='lat' dir='ltr'>l.</span> <span class='ocrx_word' id='word_1_178' title='bbox 1024 2854 1145 2911; x_wconf 83' lang='lat'>667</span> <span class='ocrx_word' id='word_1_179' title='bbox 1208 2855 1268 2909; x_wconf 92' lang='lat' dir='ltr'>et</span> <span class='ocrx_word' id='word_1_180' title='bbox 1327 2851 1635 2909; x_wconf 81' lang='lat' dir='ltr'>Fritzsche</span> <span class='ocrx_word' id='word_1_181' title='bbox 1692 2850 2055 2925; x_wconf 73' lang='lat' dir='ltr'>Tliesmoph.</span> <span class='ocrx_word' id='word_1_182' title='bbox 2087 2849 2257 2923; x_wconf 83' lang='lat'>417).</span> <span class='ocrx_word' id='word_1_183' title='bbox 2344 2850 2466 2909; x_wconf 89' lang='lat' dir='ltr'>lam</span> <span class='ocrx_word' id='word_1_184' title='bbox 2514 2850 2595 2908; x_wconf 83' lang='lat' dir='ltr'>vi·</span> 
     </span>
     <span class='ocr_line' id='line_1_26' title="bbox 358 2944 2600 3027; baseline 0.002 -23"><span class='ocrx_word' id='word_1_185' title='bbox 358 2951 615 3010; x_wconf 66' lang='lat' dir='ltr'>alendum</span> <span class='ocrx_word' id='word_1_186' title='bbox 672 2955 788 3021; x_wconf 86' lang='lat' dir='ltr'>est,</span> <span class='ocrx_word' id='word_1_187' title='bbox 834 2950 977 3027; x_wconf 85' lang='lat' dir='ltr'>quid</span> <span class='ocrx_word' id='word_1_188' title='bbox 1044 2951 1116 3009; x_wconf 89' lang='lat' dir='ltr'>de</span> <span class='ocrx_word' id='word_1_189' title='bbox 1177 2951 1412 3011; x_wconf 85' lang='lat' dir='ltr'>Melone</span> <span class='ocrx_word' id='word_1_190' title='bbox 1471 2951 1797 3010; x_wconf 78' lang='lat' dir='ltr'>scholiasta</span> <span class='ocrx_word' id='word_1_191' title='bbox 1857 2951 2259 3012; x_wconf 73' lang='lat' dir='ltr'>adnotaverit:</span> <span class='ocrx_word' id='word_1_192' title='bbox 2314 2944 2600 3027; x_wconf 80' lang='grc' dir='ltr'><strong><em>Δίδυμος</em></strong></span> 
     </span>
     <span class='ocr_line' id='line_1_27' title="bbox 358 3036 2599 3131; baseline 0 -22"><span class='ocrx_word' id='word_1_193' title='bbox 358 3045 431 3109; x_wconf 72' lang='grc' dir='ltr'>δέ</span> <span class='ocrx_word' id='word_1_194' title='bbox 475 3065 694 3129; x_wconf 58' lang='grc' dir='ltr'><strong><em>φησιν,</em></strong></span> <span class='ocrx_word' id='word_1_195' title='bbox 740 3037 846 3110; x_wconf 80' lang='grc' dir='ltr'>ὅτι</span> <span class='ocrx_word' id='word_1_196' title='bbox 887 3041 1009 3110; x_wconf 83' lang='grc' dir='ltr'>δύο</span> <span class='ocrx_word' id='word_1_197' title='bbox 1041 3041 1367 3122; x_wconf 77' lang='grc' dir='ltr'><strong><em>Μόλωνές</em></strong></span> <span class='ocrx_word' id='word_1_198' title='bbox 1412 3045 1598 3123; x_wconf 80' lang='grc' dir='ltr'><strong><em>εἰσιν,</em></strong></span> <span class='ocrx_word' id='word_1_199' title='bbox 1645 3036 1682 3111; x_wconf 81' lang='grc' dir='ltr'><em>ὃ</em></span> <span class='ocrx_word' id='word_1_200' title='bbox 1728 3040 2104 3131; x_wconf 76' lang='grc' dir='ltr'><strong><em>ὑποκριτὴς</em></strong></span> <span class='ocrx_word' id='word_1_201' title='bbox 2133 3048 2247 3111; x_wconf 83' lang='grc' dir='ltr'>καὶ</span> <span class='ocrx_word' id='word_1_202' title='bbox 2292 3040 2329 3111; x_wconf 83' lang='grc' dir='ltr'><em>ὃ</em></span> <span class='ocrx_word' id='word_1_203' title='bbox 2379 3051 2599 3111; x_wconf 81' lang='grc' dir='ltr'><strong><em>λωπο-</em></strong></span> 
     </span>
     <span class='ocr_line' id='line_1_28' title="bbox 360 3138 2601 3233; baseline 0 -22"><span class='ocrx_word' id='word_1_204' title='bbox 360 3144 582 3232; x_wconf 69' lang='grc' dir='ltr'>δι’-της·</span> <span class='ocrx_word' id='word_1_205' title='bbox 630 3148 745 3211; x_wconf 82' lang='grc' dir='ltr'>καὶ</span> <span class='ocrx_word' id='word_1_206' title='bbox 786 3148 1047 3231; x_wconf 81' lang='grc' dir='ltr'><strong><em>μᾶλλον</em></strong></span> <span class='ocrx_word' id='word_1_207' title='bbox 1089 3144 1212 3211; x_wconf 82' lang='grc' dir='ltr'>τὸν</span> <span class='ocrx_word' id='word_1_208' title='bbox 1241 3143 1646 3233; x_wconf 81' lang='grc' dir='ltr'><strong><em>λωποδύτην</em></strong></span> <span class='ocrx_word' id='word_1_209' title='bbox 1692 3149 1890 3232; x_wconf 77' lang='grc' dir='ltr'><strong><em>λέγει,</em></strong></span> <span class='ocrx_word' id='word_1_210' title='bbox 1936 3141 2010 3226; x_wconf 78' lang='grc' dir='ltr'>ὃς</span> <span class='ocrx_word' id='word_1_211' title='bbox 2056 3148 2193 3213; x_wconf 77' lang='grc' dir='ltr'><strong><em>ἐστι</em></strong></span> <span class='ocrx_word' id='word_1_212' title='bbox 2238 3144 2473 3232; x_wconf 83' lang='grc' dir='ltr'><strong><em>μικρὸς</em></strong></span> <span class='ocrx_word' id='word_1_213' title='bbox 2518 3138 2601 3212; x_wconf 83' lang='grc' dir='ltr'>τὸ</span> 
     </span>
     <span class='ocr_line' id='line_1_29' title="bbox 360 3239 2602 3336; baseline 0 -22"><span class='ocrx_word' id='word_1_214' title='bbox 360 3254 564 3333; x_wconf 80' lang='grc' dir='ltr'><strong><em>οώμα.</em></strong></span> <span class='ocrx_word' id='word_1_215' title='bbox 643 3252 988 3333; x_wconf 81' lang='grc' dir='ltr'><strong><em>Τιμαχίδας</em></strong></span> <span class='ocrx_word' id='word_1_216' title='bbox 1033 3249 1104 3315; x_wconf 80' lang='grc' dir='ltr'>δὲ</span> <span class='ocrx_word' id='word_1_217' title='bbox 1147 3245 1271 3315; x_wconf 84' lang='grc' dir='ltr'>τὸν</span> <span class='ocrx_word' id='word_1_218' title='bbox 1312 3239 1689 3336; x_wconf 76' lang='grc' dir='ltr'><strong><em>ὑποκριτὴν</em></strong></span> <span class='ocrx_word' id='word_1_219' title='bbox 1738 3253 1870 3315; x_wconf 75' lang='grc' dir='ltr'>νῦν</span> <span class='ocrx_word' id='word_1_220' title='bbox 1934 3251 2249 3335; x_wconf 77' lang='grc' dir='ltr'><strong><em>λέγεσθαι</em></strong></span> <span class='ocrx_word' id='word_1_221' title='bbox 2296 3241 2602 3315; x_wconf 84' lang='grc' dir='ltr'><strong><em>Μόλωνα</em></strong></span> 
     </span>
     <span class='ocr_line' id='line_1_30' title="bbox 361 3344 2603 3438; baseline -0 -21"><span class='ocrx_word' id='word_1_222' title='bbox 361 3355 459 3433; x_wconf 82' lang='lat' dir='ltr'>(cf.</span> <span class='ocrx_word' id='word_1_223' title='bbox 504 3359 718 3419; x_wconf 74' lang='lat' dir='ltr'>suidas</span> <span class='ocrx_word' id='word_1_224' title='bbox 761 3377 805 3418; x_wconf 91' lang='lat' dir='ltr'>s.</span> <span class='ocrx_word' id='word_1_225' title='bbox 840 3378 892 3417; x_wconf 88' lang='lat' dir='ltr'>v.</span> <span class='ocrx_word' id='word_1_226' title='bbox 938 3348 1194 3417; x_wconf 87' lang='grc' dir='ltr'><strong><em>Μόλων</em></strong></span> <span class='ocrx_word' id='word_1_227' title='bbox 1238 3366 1298 3418; x_wconf 83' lang='lat' dir='ltr'>ct</span> <span class='ocrx_word' id='word_1_228' title='bbox 1358 3344 1648 3438; x_wconf 63' lang='lat' dir='ltr'>„mxpog</span> <span class='ocrx_word' id='word_1_229' title='bbox 1700 3347 1930 3437; x_wconf 76' lang='grc' dir='ltr'><strong><em>ἡλίκος</em></strong></span> <span class='ocrx_word' id='word_1_230' title='bbox 1980 3344 2279 3418; x_wconf 78' lang='grc' dir='ltr'><strong><em>Μόλων“</em></strong></span> <span class='ocrx_word' id='word_1_231' title='bbox 2332 3388 2415 3398; x_wconf 92' lang='grc'>-</span> <span class='ocrx_word' id='word_1_232' title='bbox 2462 3344 2603 3417; x_wconf 81' lang='grc' dir='ltr'>Μό-</span> 
     </span>
     <span class='ocr_line' id='line_1_31' title="bbox 360 3446 2603 3540; baseline 0 -21"><span class='ocrx_word' id='word_1_233' title='bbox 360 3459 568 3531; x_wconf 83' lang='grc' dir='ltr'><strong><em>λωνες</em></strong></span> <span class='ocrx_word' id='word_1_234' title='bbox 614 3451 763 3534; x_wconf 78' lang='grc' dir='ltr'><strong><em>δύο,</em></strong></span> <span class='ocrx_word' id='word_1_235' title='bbox 823 3449 1187 3539; x_wconf 77' lang='grc' dir='ltr'><strong><em>ὑποκριταὶ</em></strong></span> <span class='ocrx_word' id='word_1_236' title='bbox 1231 3455 1337 3519; x_wconf 81' lang='grc' dir='ltr'>καὶ</span> <span class='ocrx_word' id='word_1_237' title='bbox 1396 3446 1836 3533; x_wconf 81' lang='grc' dir='ltr'><strong><em>λωποδύται).</em></strong></span> <span class='ocrx_word' id='word_1_238' title='bbox 1934 3463 2142 3540; x_wconf 87' lang='lat' dir='ltr'>Vides,</span> <span class='ocrx_word' id='word_1_239' title='bbox 2191 3462 2317 3540; x_wconf 87' lang='lat' dir='ltr'>jam</span> <span class='ocrx_word' id='word_1_240' title='bbox 2364 3468 2603 3521; x_wconf 82' lang='lat' dir='ltr'>veteres</span> 
     </span>
     <span class='ocr_line' id='line_1_32' title="bbox 362 3563 2603 3625; baseline -0.001 0"><span class='ocrx_word' id='word_1_241' title='bbox 362 3566 580 3625; x_wconf 74' lang='lat' dir='ltr'>Uouiiei</span> <span class='ocrx_word' id='word_1_242' title='bbox 627 3570 1117 3624; x_wconf 79' lang='lat' dir='ltr'>commentatores</span> <span class='ocrx_word' id='word_1_243' title='bbox 1161 3565 1236 3624; x_wconf 86' lang='lat' dir='ltr'>do</span> <span class='ocrx_word' id='word_1_244' title='bbox 1267 3563 1506 3624; x_wconf 83' lang='lat' dir='ltr'>Moloue</span> <span class='ocrx_word' id='word_1_245' title='bbox 1555 3566 1650 3623; x_wconf 76' lang='lat' dir='ltr'>liic</span> <span class='ocrx_word' id='word_1_246' title='bbox 1697 3570 2021 3625; x_wconf 84' lang='lat' dir='ltr'>memorato</span> <span class='ocrx_word' id='word_1_247' title='bbox 2067 3567 2224 3625; x_wconf 88' lang='lat' dir='ltr'>inter</span> <span class='ocrx_word' id='word_1_248' title='bbox 2268 3583 2332 3624; x_wconf 88' lang='lat' dir='ltr'>se</span> <span class='ocrx_word' id='word_1_249' title='bbox 2379 3564 2603 3623; x_wconf 43' lang='lat' dir='ltr'>dissona</span> 
     </span>
     <span class='ocr_line' id='line_1_33' title="bbox 360 3666 2601 3746; baseline -0 -20"><span class='ocrx_word' id='word_1_250' title='bbox 360 3669 534 3727; x_wconf 84' lang='lat' dir='ltr'>sisse:</span> <span class='ocrx_word' id='word_1_251' title='bbox 568 3667 856 3745; x_wconf 74' lang='lat' dir='ltr'>Didymus</span> <span class='ocrx_word' id='word_1_252' title='bbox 880 3667 1032 3727; x_wconf 86' lang='lat' dir='ltr'>duos</span> <span class='ocrx_word' id='word_1_253' title='bbox 1064 3672 1317 3728; x_wconf 90' lang='lat' dir='ltr'>noverat</span> <span class='ocrx_word' id='word_1_254' title='bbox 1339 3666 1645 3743; x_wconf 85' lang='lat' dir='ltr'>Euripidis</span> <span class='ocrx_word' id='word_1_255' title='bbox 1672 3674 2003 3744; x_wconf 79' lang='lat' dir='ltr'>temporum</span> <span class='ocrx_word' id='word_1_256' title='bbox 2032 3667 2315 3746; x_wconf 75' lang='lat' dir='ltr'>MoloneS‚</span> <span class='ocrx_word' id='word_1_257' title='bbox 2346 3667 2601 3727; x_wconf 82' lang='lat' dir='ltr'>alterum</span> 
     </span>
     <span class='ocr_line' id='line_1_34' title="bbox 361 3768 2601 3847; baseline -0.002 -17"><span class='ocrx_word' id='word_1_258' title='bbox 361 3771 739 3847; x_wconf 82' lang='lat' dir='ltr'>histrionem,</span> <span class='ocrx_word' id='word_1_259' title='bbox 802 3768 1056 3829; x_wconf 83' lang='lat' dir='ltr'>eundem</span> <span class='ocrx_word' id='word_1_260' title='bbox 1119 3788 1292 3846; x_wconf 90' lang='lat' dir='ltr'>quem</span> <span class='ocrx_word' id='word_1_261' title='bbox 1357 3769 1741 3830; x_wconf 86' lang='lat' dir='ltr'>Timachidas</span> <span class='ocrx_word' id='word_1_262' title='bbox 1810 3771 1973 3831; x_wconf 87' lang='lat' dir='ltr'>novit</span> <span class='ocrx_word' id='word_1_263' title='bbox 2056 3777 2118 3830; x_wconf 88' lang='lat' dir='ltr'>et</span> <span class='ocrx_word' id='word_1_264' title='bbox 2189 3769 2283 3829; x_wconf 85' lang='lat' dir='ltr'>hic</span> <span class='ocrx_word' id='word_1_265' title='bbox 2356 3768 2601 3843; x_wconf 83' lang='lat' dir='ltr'>intelligi</span> 
     </span>
     <span class='ocr_line' id='line_1_35' title="bbox 350 3872 2603 3953; baseline -0.001 -21"><span class='ocrx_word' id='word_1_266' title='bbox 350 3874 557 3950; x_wconf 85' lang='lat' dir='ltr'>jubet,</span> <span class='ocrx_word' id='word_1_267' title='bbox 644 3874 897 3934; x_wconf 82' lang='lat' dir='ltr'>alterum</span> <span class='ocrx_word' id='word_1_268' title='bbox 971 3876 1406 3948; x_wconf 87' lang='lat' dir='ltr'>grassatorem,</span> <span class='ocrx_word' id='word_1_269' title='bbox 1481 3872 1677 3932; x_wconf 85' lang='lat' dir='ltr'>virum</span> <span class='ocrx_word' id='word_1_270' title='bbox 1753 3873 1978 3933; x_wconf 90' lang='lat' dir='ltr'>minuto</span> <span class='ocrx_word' id='word_1_271' title='bbox 2053 3890 2357 3953; x_wconf 51' lang='lat' dir='ltr'>corpore„</span> <span class='ocrx_word' id='word_1_272' title='bbox 2424 3890 2603 3948; x_wconf 88' lang='lat' dir='ltr'>quem</span> 
     </span>
     <span class='ocr_line' id='line_1_36' title="bbox 353 3973 2605 4054; baseline -0.002 -18"><span class='ocrx_word' id='word_1_273' title='bbox 353 3978 494 4054; x_wconf 90' lang='lat' dir='ltr'>joco</span> <span class='ocrx_word' id='word_1_274' title='bbox 580 3976 802 4038; x_wconf 87' lang='lat' dir='ltr'>Comici</span> <span class='ocrx_word' id='word_1_275' title='bbox 887 3993 1002 4034; x_wconf 88' lang='lat' dir='ltr'>non</span> <span class='ocrx_word' id='word_1_276' title='bbox 1085 3974 1388 4035; x_wconf 86' lang='lat' dir='ltr'>intellecto</span> <span class='ocrx_word' id='word_1_277' title='bbox 1461 3983 1713 4053; x_wconf 88' lang='lat' dir='ltr'>propter</span> <span class='ocrx_word' id='word_1_278' title='bbox 1778 3976 2045 4052; x_wconf 87' lang='lat' dir='ltr'>corporis</span> <span class='ocrx_word' id='word_1_279' title='bbox 2116 3975 2435 4034; x_wconf 85' lang='lat' dir='ltr'>exilitatem</span> <span class='ocrx_word' id='word_1_280' title='bbox 2509 3973 2605 4033; x_wconf 83' lang='lat' dir='ltr'>hic</span> 
     </span>
     <span class='ocr_line' id='line_1_37' title="bbox 362 4076 2606 4155; baseline -0.002 -16"><span class='ocrx_word' id='word_1_281' title='bbox 362 4080 686 4155; x_wconf 85' lang='lat' dir='ltr'>significari</span> <span class='ocrx_word' id='word_1_282' title='bbox 738 4082 960 4138; x_wconf 86' lang='lat' dir='ltr'>censet.</span> <span class='ocrx_word' id='word_1_283' title='bbox 1071 4077 1311 4155; x_wconf 90' lang='lat' dir='ltr'>Didymi</span> <span class='ocrx_word' id='word_1_284' title='bbox 1387 4096 1420 4137; x_wconf 84' lang='lat' dir='ltr'>e</span> <span class='ocrx_word' id='word_1_285' title='bbox 1495 4077 1835 4138; x_wconf 86' lang='lat' dir='ltr'>testimonio</span> <span class='ocrx_word' id='word_1_286' title='bbox 1912 4078 1960 4137; x_wconf 89' lang='lat' dir='ltr'>si</span> <span class='ocrx_word' id='word_1_287' title='bbox 2035 4081 2199 4137; x_wconf 86' lang='lat' dir='ltr'>recte</span> <span class='ocrx_word' id='word_1_288' title='bbox 2271 4094 2335 4135; x_wconf 85' lang='lat' dir='ltr'>se</span> <span class='ocrx_word' id='word_1_289' title='bbox 2409 4076 2606 4151; x_wconf 84' lang='lat' dir='ltr'>habet,</span> 
     </span>
     <span class='ocr_line' id='line_1_38' title="bbox 365 4178 2606 4258; baseline -0.002 -18"><span class='ocrx_word' id='word_1_290' title='bbox 365 4200 543 4258; x_wconf 87' lang='lat' dir='ltr'>quum</span> <span class='ocrx_word' id='word_1_291' title='bbox 607 4182 781 4241; x_wconf 82' lang='lat' dir='ltr'>homo</span> <span class='ocrx_word' id='word_1_292' title='bbox 842 4180 1064 4240; x_wconf 89' lang='lat' dir='ltr'>minuto</span> <span class='ocrx_word' id='word_1_293' title='bbox 1118 4198 1364 4256; x_wconf 85' lang='lat' dir='ltr'>corpore</span> <span class='ocrx_word' id='word_1_294' title='bbox 1429 4179 1504 4239; x_wconf 85' lang='lat' dir='ltr'>ab</span> <span class='ocrx_word' id='word_1_295' title='bbox 1561 4180 1677 4239; x_wconf 83' lang='lat' dir='ltr'>hoc</span> <span class='ocrx_word' id='word_1_296' title='bbox 1732 4180 1860 4239; x_wconf 89' lang='lat' dir='ltr'>loco</span> <span class='ocrx_word' id='word_1_297' title='bbox 1921 4179 2154 4239; x_wconf 86' lang='lat' dir='ltr'>alienus</span> <span class='ocrx_word' id='word_1_298' title='bbox 2208 4178 2284 4237; x_wconf 87' lang='lat' dir='ltr'>sit</span> <span class='ocrx_word' id='word_1_299' title='bbox 2344 4181 2403 4236; x_wconf 87' lang='lat' dir='ltr'>et</span> <span class='ocrx_word' id='word_1_300' title='bbox 2450 4196 2606 4237; x_wconf 86' lang='lat' dir='ltr'>unus</span> 
     </span>
     <span class='ocr_line' id='line_1_39' title="bbox 367 4280 2603 4358; baseline -0.002 -17"><span class='ocrx_word' id='word_1_301' title='bbox 367 4285 570 4343; x_wconf 83' lang='lat' dir='ltr'>histrio</span> <span class='ocrx_word' id='word_1_302' title='bbox 615 4285 1005 4358; x_wconf 85' lang='lat' dir='ltr'>relinquatur,</span> <span class='ocrx_word' id='word_1_303' title='bbox 1052 4282 1345 4342; x_wconf 80' lang='lat' dir='ltr'>Molonem</span> <span class='ocrx_word' id='word_1_304' title='bbox 1390 4287 1655 4342; x_wconf 83' lang='lat' dir='ltr'>actorem</span> <span class='ocrx_word' id='word_1_305' title='bbox 1709 4283 1805 4341; x_wconf 88' lang='lat' dir='ltr'>hic</span> <span class='ocrx_word' id='word_1_306' title='bbox 1848 4281 2166 4357; x_wconf 82' lang='lat' dir='ltr'>significari</span> <span class='ocrx_word' id='word_1_307' title='bbox 2217 4280 2603 4340; x_wconf 78' lang='lat' dir='ltr'>statuendum</span> 
     </span>
    </p>

    <p class='ocr_par' dir='ltr' id='par_1_4' title="bbox 2139 4395 2194 4443">
     <span class='ocr_line' id='line_1_40' title="bbox 2139 4395 2194 4443; baseline 0.018 -1"><span class='ocrx_word' id='word_1_308' title='bbox 2139 4395 2194 4443; x_wconf 88' lang='lat' dir='ltr'>ll</span> 
     </span>
    </p>
   </div>
  </div>
 </body>
</html>
