3166 4871
2528 294 2609 354 23

368 469 531 544 gruit
591 485 726 527 cum
774 467 887 526 hac
934 466 1229 527 sententia
1275 466 1448 526 etiam
1494 466 1676 547 attica
1720 464 2010 526 dialectus
2056 458 2380 545 [τρογίαν,
2427 455 2614 546 ἱερὰν

375 563 692 647 Υπέραν]
1657 548 1666 555 ³

541 672 677 730 Duo
732 674 961 731 restant
1017 670 1294 748 oracula,
1352 688 1507 747 quae
1562 687 1681 746 quo
1729 674 1995 747 tempore
2040 674 2174 730 orta
2218 671 2337 729 sint
2379 671 2612 748 ignoro,

367 774 429 832 in
491 772 710 850 quibus
774 772 958 833 nihilo
1014 774 1213 833 secius
1274 772 1490 832 atticae
1536 772 1760 832 formae
1806 791 1926 832 non
1972 771 2251 857 videntur
2301 771 2612 832 delendae.

369 876 545 935 Prius
590 876 705 936 hoc
751 879 843 935 est
891 867 1138 954 [Athen.
1182 874 1266 934 Vl
1309 893 1366 952 p.
1411 871 1536 931 232
1587 872 1675 954 f.],
1733 873 1896 951 qnod
1929 876 2255 936 Alcmaeon
2302 875 2612 951 accepisse

368 978 601 1055 dicitur,
660 996 793 1038 cum
838 996 875 1037 a
918 978 1139 1054 Pythia
1184 977 1575 1053 quaesivisset
1620 995 1799 1053 quem
1842 976 1918 1037 ad
1965 976 2202 1037 modum
2250 977 2455 1043 morbo
2500 995 2610 1036 suo

371 1079 760 1141 liberaretur:

573 1176 808 1260 τιμῆέν
850 1166 916 1259 μ’
962 1174 1166 1252 αἰτεῖς
1212 1174 1438 1260 δῶρον
1481 1176 1799 1259 μανίαν
1844 1166 2255 1242 ἀποπαῦσαι.

574 1278 687 1342 καί
732 1295 817 1343 συ
859 1277 1090 1362 φέρειν
1134 1280 1365 1364 τιμῆεν
1409 1275 1555 1363 ἐμοὶ
1599 1278 1793 1364 γέρας
1836 1265 1893 1363 ᾧ
1937 1301 2105 1343 ποτε
2147 1273 2358 1364 μήτηρ

555 1370 957 1465 Ἀμφιάραον
1003 1370 1240 1465 ἔκρυψ’
1286 1374 1420 1445 ὑπὸ
1465 1383 1595 1465 γῆν
1640 1370 1900 1446 αὐτοῖσι
1947 1376 2074 1444 σὺν
2119 1378 2371 1459 ῗπποις,

370 1489 622 1548 alterum
669 1488 830 1565 quod
876 1489 1236 1550 Plutarchus
1280 1490 1341 1548 in
1385 1489 1621 1550 Solonis
1663 1489 1790 1549 vita
1833 1507 1881 1549 c.
1923 1489 2009 1548 IX
2052 1488 2333 1549 tradidit:

454 1606 465 1615 ’
672 1575 995 1671 ἀρχηγοὺς
1033 1580 1288 1671 χώρας
1318 1586 1587 1661 θυσίαις
1628 1575 1852 1670 ἥρωας
1895 1566 2204 1661 ἐνοίκους

678 1684 890 1766 ἵλασο,
933 1683 1096 1764 τούς
1138 1680 1425 1765 κόλποις
1449 1677 1772 1763 Ἀσωπιὰς
1817 1677 2338 1772 ἀμφικαλύπτει,

675 1788 745 1854 οἳ
784 1789 1105 1873 φθίμενοι
1149 1790 1503 1875 δέρκονται
1547 1788 1614 1867 ἐς
1658 1780 1885 1876 ἠέλιον
1931 1784 2247 1855 δύνοντα.

374 1898 705 1975 Utrumque
750 1897 812 1957 ni
856 1898 1031 1958 fallor
1073 1897 1134 1957 in
1178 1898 1312 1976 ipsa
1340 1899 1541 1959 Attica
1583 1898 1922 1959 confectum
1966 1903 2057 1959 est
2098 1898 2355 1976 ideoque
2401 1897 2609 1958 nescio

344 2006 448 2060 'an
493 2001 711 2061 atticae
755 2000 994 2060 dialecti
1042 2000 1266 2060 formae
1311 2001 1645 2060 servandae
1689 2000 1826 2061 sint.
1898 2001 2050 2060 Nam
2083 1999 2423 2060 Atticosffin
2456 2018 2609 2059 com-

372 2101 667 2180 ponendis
724 2102 980 2163 oraculis
1039 2121 1158 2163 non
1210 2121 1421 2179 puram
1486 2103 1718 2181 epicam
1762 2102 2086 2163 dialectum
2128 2102 2484 2179 adhibuisse,
2525 2102 2610 2161 in·

372 2203 612 2282 tellegis
667 2224 741 2266 ex
786 2204 1092 2283 Aristoph.
1137 2223 1272 2282 equ.
1321 2201 1501 2264 1062.
1588 2204 1733 2267 Cum
1779 2200 1923 2266 vero
1971 2208 2293 2282 utrumque
2337 2202 2414 2263 ad
2460 2203 2609 2264 Atti-

374 2325 500 2367 cam
565 2306 872 2368 historiam
936 2311 1189 2388 spectet,
1256 2307 1500 2368 dubium
1560 2308 1664 2367 vix
1728 2307 1966 2368 videtur
2034 2307 2174 2384 quin
2229 2305 2393 2384 apud
2449 2293 2648 2383 ipsos'

374 2410 605 2471 Atticos
658 2413 853 2471 ortum
906 2411 1010 2471 sit:
1067 2428 1258 2489 eaque
1316 2409 1391 2472 de
1435 2428 1618 2471 causa
1676 2408 1902 2471 formas
1962 2409 2094 2470 illas
2154 2427 2276 2470 non
2319 2412 2465 2486 puto
2512 2407 2611 2467 de·

377 2511 603 2572 lendas.
