3166 4871
1051 261 1138 323 Do
1171 259 1379 321 nomin.
1412 262 1474 320 in
1508 283 1674 332 -αιος,
1728 268 1762 333 S
1799 270 1846 319 5.
2499 252 2582 330 17‘

341 447 501 525 quod
564 446 746 507 etiam
789 445 1032 507 Curtius
1078 443 1209 505 Et*
1272 439 1395 501 546
1454 444 1531 504 ab
1593 428 1891 503 ἀλᾶσθαι
1960 443 2214 503 derivat.
2304 444 2579 504 Formam

334 549 648 625 utriusque
722 548 1079 626 primitivam
1144 547 1547 607 Doederlinus
1620 550 1795 624 putat
1875 563 2005 607 esse
2074 529 2343 622 ἇλατος,
2416 546 2579 621 quod

336 651 513 712 valde
562 650 826 710 dubium.
928 650 1080 709 Nam
1145 634 1380 719 ἀλαῑος
1424 649 1719 725 Apollinis
1780 666 2116 725 cognomen
2171 646 2335 724 quod
2398 648 2583 708 tradit

337 754 471 814 ΕΜ.
518 748 618 827 58,
665 750 703 808 4
747 770 868 813 11611
914 749 1210 828 significat
1256 753 1369 811 nisi
1413 756 1739 829 errantem,
1786 750 1950 828 quod
1994 754 2196 811 autem
2240 750 2582 826 Hesychius

335 855 548 916 tradit:
594 839 829 925 ἇλαιός
872 841 910 914 ὁ
940 843 1230 925 παλαιός
1275 839 1535 932 ἄφρων,
1578 854 1643 914 id
1672 854 1820 914 Lob.
1850 854 2022 914 Path.
2064 854 2156 913 El.
2211 850 2263 931 1,
2314 849 2434 911 117
2482 853 2582 913 de·

337 958 694 1018 monstravit
754 940 946 1027 (ἔλεός
980 956 1386 1019 ,661111661111111
1452 974 1587 1016 esse
1662 954 1867 1033 (quam
1942 974 2153 1016 vocem
2214 957 2583 1035 grammatici

338 1061 581 1137 saepius
624 1061 891 1120 afferunt
935 1065 996 1120 et
1038 1077 1145 1135 per
1188 1047 1499 1136 μάταιος,
1564 1044 1803 1138 ἄφρων
1848 1059 2153 1135 explicant
2208 1051 2439 1137 (Schol.
2480 1059 2584 1133 Ar.

343 1162 491 1239 Lys.
537 1157 684 1241 987,
748 1162 916 1221 Eust.
966 1156 1153 1239 1443,
1214 1157 1315 1219 64.
1375 1161 1506 1221 ΕΜ.
1550 1157 1652 1239 59,
1696 1154 1806 1239 45)
1868 1167 1929 1221 et
1982 1162 2140 1222 idem
2202 1179 2333 1222 esse
2403 1160 2587 1239 atque

337 1253 590 1334 παλεός
634 1264 861 1324 dicunt.
945 1264 1143 1340 Atque
1185 1253 1435 1334 παλεός
1494 1264 1734 1341 quidem
1793 1265 2126 1342 sumpsisse
2183 1264 2466 1325 videntur
2509 1282 2586 1325 ex

339 1368 442 1428 Ar.
498 1367 646 1443 Lys.
689 1360 834 1444 987,
905 1366 1009 1426 ubi
1066 1354 1357 1444 παλαιόρ
1422 1372 1702 1444 correpta
1774 1367 2151 1443 diphthongo
2227 1372 2586 1444 usurpatum

339 1489 459 1530 non
524 1469 770 1546 propria
835 1466 1265 1545 significatione
1323 1468 1547 1529 veteris
1608 1469 1715 1529 sed
1774 1469 2067 1530 translata
2108 1470 2304 1530 stulti:
2392 1453 2588 1540 ἄλεός

338 1576 540 1633 autem
587 1571 703 1631 nisi
746 1570 922 1631 fallor
965 1570 1043 1630 ad
1071 1571 1456 1631 Homericum
1496 1555 1700 1649 ἠλεός
1741 1571 2124 1634 referendum
2170 1571 2314 1643 est).
2387 1571 2586 1646 Quan-

342 1692 522 1751 quam
567 1692 688 1734 non
732 1674 914 1750 plane
958 1673 1086 1732 veri
1129 1673 1410 1735 dissimile
1455 1677 1576 1745 est,
1640 1692 1717 1734 ex
1760 1674 2047 1753 primaria
2090 1674 2351 1753 quadam
2395 1674 2589 1735 forma

341 1760 578 1850 ἄλευὀς
622 1780 730 1837 aut
771 1777 964 1851 prima
993 1774 1289 1854 producta
1334 1774 1517 1854 (utin
1548 1760 1913 1855 ἧλασκάζω
1957 1761 2268 1856 ἠλίθιος),
2312 1783 2591 1855 correpta

349 1877 636 1950 secunda,
681 1883 883 1939 natum
930 1896 1061 1939 esse
1106 1861 1363 1961 ἧλεᾰος,
1407 1863 1631 1957 ἤλεος,
1689 1883 1795 1940 aut
1838 1879 2151 1956 utriusque
2196 1881 2589 1957 quantitatem

345 1999 476 2043 esse
519 1984 836 2041 servatam.
923 1980 1003 2041 At
1048 1999 1166 2041 non
1208 1982 1367 2042 solet
1409 1981 1557 2042 alias
1602 1996 1711 2040 αιο
1758 1983 1820 2041 111
1852 1997 1924 2040 eo
1969 1983 2284 2042 attenuari.
2373 1982 2588 2057 Quam·

345 2084 547 2145 obrem
607 2086 879 2160 praestat
938 2082 1193 2144 fortasse
1258 2083 1376 2143 alia
1434 2084 1767 2163 sententia,
1795 2087 1894 2143 -ut
1933 2067 2133 2163 ἠλεός
2177 2084 2278 2145 vel
2337 2102 2412 2144 ex
2455 2085 2590 2163 ipso

343 2187 511 2248 verbi
554 2170 842 2263 ἀλάομαι
884 2187 1183 2264 primitivo
1229 2185 1327 2256 (cf.
1361 2172 1540 2266 ἄλ-η)
1587 2206 1698 2264 per
1738 2186 2022 2248 suffixum
2066 2204 2154 2260 ιο,
2199 2188 2361 2248 1111116
2406 2203 2478 2246 eo
2524 2190 2591 2247 ut

345 2290 404 2349 in
448 2277 680 2359 κενεός
723 2308 834 2366 pro
878 2288 1124 2363 xstoe,
1171 2289 1504 2351 derivatum
1549 2292 1645 2369 sit,
1687 2290 1785 2351 vel
1827 2291 1901 2352 ab
1947 2291 2061 2351 alio
2109 2291 2367 2367 quodam
2396 2290 2584 2351 verbo

346 2374 524 2454 ἀλέα)
569 2389 668 2463 (cf.
713 2375 876 2472 ἀλέη
921 2396 982 2452 et
1024 2375 1362 2470 ἀλεείνω),
1421 2375 1627 2464 ἀλαός
1688 2397 1885 2455 autem
1946 2412 2022 2455 ex
2069 2376 2383 2453 ἀλᾶσθαι.
2472 2392 2591 2455 Sed

345 2512 443 2555 res
488 2513 610 2554 non
654 2493 860 2571 liquet.
904 2524 987 2533 —-
1035 2495 1227 2555 Aliam
1274 2496 1629 2556 sententiam
1690 2497 1944 2573 protulit
1988 2496 2225 2557 Ahrens
2271 2498 2332 2556 in
2376 2495 2592 2556 Philol.

348 2593 447 2675 27,
491 2593 634 2656 255.
680 2592 779 2676 35,
824 2591 925 2674 48,
990 2598 1094 2674 qui
1156 2602 1218 2659 et
1279 2598 1410 2675 ipse
1456 2583 1658 2668 ἀλαός
1718 2604 1778 2660 et
1836 2583 2030 2669 ἁλεός
2086 2600 2163 2660 ab
2220 2616 2343 2660 uua
2385 2597 2590 2659 radice

346 2700 654 2776 pullulare
697 2701 809 2778 ait,
868 2700 976 2760 sed
1035 2719 1154 2760 non
1202 2701 1280 2760 ab
1326 2682 1656 2774 ἀλᾶσθαι,
1725 2701 1831 2762 sed
1876 2702 1951 2761 ab
1997 2685 2229 2779 ἀλύω,
2289 2700 2450 2762 unde
2493 2701 2590 2761 vel

346 2785 548 2871 ἇλῘος
593 2802 690 2862 vel
736 2785 989 2872 ‹il-asos
1031 2807 1237 2863 natum
1281 2803 1376 2880 sit,
1421 2821 1498 2862 ex
1540 2804 1640 2865 illo
1684 2808 1883 2866 autem
1929 2804 2029 2864 vel
2058 2788 2255 2874 ἇλεός
2300 2804 2397 2865 vel
2438 2804 2585 2864 lesb.

348 2882 562 2975 ἄλλος
606 2903 960 2965 derivatum.
1722 2943 1730 2948 ·

517 3007 630 3067 His
692 3006 947 3067 fortasse
1003 3006 1252 3084 adjungi
1306 3012 1561 3084 possunt
1613 2996 2059 3086 Οἰνόμᾶος,
2129 3008 2180 3068 si
2240 3026 2277 3067 a
2346 2998 2596 3085 μάομαι

347 3103 623 3186 μαίομαι
668 3110 986 3187 repetitum
1032 3114 1121 3169 est
1166 3107 1355 3183 (Curt.
1403 3111 1577 3170 Verh.
1623 3111 1672 3187 1,
1716 3106 1859 3170 298.
1920 3112 2123 3172 Sonne
2167 3112 2289 3170 ΚΖ.
2331 3111 2405 3189 X,
2448 3106 2596 3181 409)

350 3215 412 3272 et
478 3195 955 3288 ,Ἄμφιάρᾶος
1016 3200 1535 3291 Καλλιάραος
1610 3213 1658 3270 si
1716 3213 1793 3273 ab
1853 3195 2146 3289 ἀρᾶσθαι
2206 3212 2596 3273 descendunt.

350 3314 547 3391 Magis
590 3315 765 3373 etiam
811 3313 997 3375 dubia
1038 3320 1179 3374 sunt
1239 3332 1393 3391 quae
1429 3314 1557 3391 jam
1603 3316 1915 3376 enarrabo.

521 3404 726 3494 πηός
784 3415 985 3475 affinis
1029 3436 1125 3494 ap.
1170 3416 1343 3476 Hom.
1401 3423 1463 3477 et
1506 3416 1723 3495 Hesd.,
1779 3406 2002 3487 παός
2060 3436 2154 3495 ap.
2199 3418 2453 3478 Nicand.
2499 3419 2597 3479 vix

353 3525 517 3579 recte
562 3537 600 3578 a
641 3518 951 3596 plerisque
997 3518 1305 3580 derivatur
1348 3537 1386 3578 a
1427 3508 1716 3596 κάομαι,
1761 3513 2091 3598 πέπαμαι,
2135 3526 2204 3580 ut
2246 3539 2284 3580 a
2326 3521 2493 3581 Pass.
2536 3522 2597 3580 in

354 3621 467 3680 lex.
512 3619 733 3698 (‚‚denn
778 3620 877 3680 die
919 3614 1088 3699 πηοί
1136 3638 1336 3680 waren
1366 3611 1713 3701 ἐπίκτητοι
1758 3615 2176 3702 συγγενεῑς“),
2219 3641 2416 3698 neque
2446 3624 2599 3683 Ben-

356 3721 553 3798 feyins
597 3739 807 3782 verum
858 3723 1127 3801 tetigisse
1171 3722 1445 3797 videtur,
1503 3724 1607 3801 qui
1652 3724 1998 3785 dubitanter
2053 3724 2294 3800 quidem
2352 3724 2430 3784 ad
2473 3726 2601 3787 rad.

352 3839 447 3898 pa
486 3825 639 3884 tueri
701 3843 813 3885 nos
871 3825 1100 3902 relegat
1158 3825 1251 3900 Il,
1310 3821 1390 3883 73
1454 3826 1710 3903 („indem
1772 3826 1868 3887 die
1913 3832 2255 3887 verwanten
2318 3827 2406 3887 als
2464 3845 2599 3888 zum

364 3926 614 4004 nlhren,
656 3927 942 3987 schutzen
971 3925 1383 4003 verpflichtete
1413 3927 1639 4004 gefasst
1669 3921 1987 4000 werden“).
2061 3929 2307 3988 Rectius
2336 3928 2602 3988 Doeder-

363 4026 522 4088 linus
583 4046 677 4089 uo.
723 4024 876 4086 813:
941 4030 1100 4106 „Die
1157 4028 1726 4106 doppelbedeutung
1791 4049 1910 4092 von
1963 4024 2204 4108 κῆδος,
2265 4030 2361 4090 die
2425 4047 2601 4105 sorge

367 4129 491 4190 und
535 4128 634 4189 die
680 4129 1182 4208 verwantschaft‚
1247 4130 1368 4190 und
1432 4131 1540 4192 der
1603 4132 2114 4208 zusammenhang
2172 4149 2290 4191 von
2343 4124 2604 4200 πένθος

370 4230 473 4290 mit
512 4220 851 4308 πενθερός
898 4231 1021 4290 und
1068 4232 1165 4290 die
1195 4233 1619 4309 analogie‚von
1654 4228 1884 4305 ναίειν,
1928 4223 2110 4304 ναός,
2153 4222 2313 4310 νηός
2357 4230 2602 4290 macheu
2727 4288 2736 4296 ,

2204 4345 2233 4394 2
