3166 4871
564 303 686 364 418

566 480 777 537 larium
824 479 1169 556 dignitatem
1216 478 1371 539 hanc
1416 480 1785 539 iterationem
1838 479 1985 539 nihil
2048 480 2340 550 attinere;
2414 480 2641 540 scilicet
2693 500 2810 541 non

565 582 713 642 haec
757 582 860 641 sed
909 583 1279 642 centurionis
1324 583 1608 660 primipili
1657 600 1872 642 munus
1923 582 2266 644 iterabatur.

739 685 911 757 Quae
943 684 1253 745 commoda
1285 685 1711 762 primipilatum
1745 686 2044 762 duplicem
2075 689 2282 745 secuta
2311 686 2448 763 sint,
2477 704 2553 745 ex
2583 684 2815 746 duobus

564 787 680 846 illis
734 786 959 857 titulis,
1021 804 1175 863 quos
1220 788 1562 847 necessario
1608 789 1727 847 huc
1774 788 2126 849 referendos
2171 805 2301 847 esse
2347 807 2530 865 supra
2574 788 2814 848 demon-

564 889 901 958 stravimus,
948 889 1210 949 dilucide
1245 891 1525 966 cognosci
1564 909 1682 950 non
1715 895 1910 966 potest
1929 888 2038 966 44);
2082 897 2312 949 tantum
2345 908 2489 950 vero
2522 909 2595 950 ex
2624 891 2815 950 titulis

566 1010 611 1052 s.
655 1009 701 1050 s.
760 991 1204 1069 cognoscimus,
1264 992 1490 1052 nullum
1542 1011 1802 1069 unquam
1885 992 2279 1070 ,primipilum
2342 992 2467 1052 bis“
2548 1011 2665 1053 non
2737 992 2813 1052 ad

504 1085 515 1096 ’
566 1095 823 1172 majores
870 1096 1129 1155 honores
1160 1099 1264 1155 aut
1295 1096 1378 1156 rei
1427 1095 1695 1155 militaris
1751 1099 1853 1155 aut
1898 1096 2262 1172 reipublicae
2309 1094 2812 1155 administrandae

567 1203 839 1258 evectum
887 1214 1033 1257 esse.

737 1300 1067 1360 Alterum
1116 1298 1676 1376 primipilorum
1733 1300 1788 1358 11
1842 1319 2097 1376 genus,
2171 1319 2347 1377 quos
2401 1319 2457 1376 p.
2501 1320 2559 1377 p.
2602 1300 2810 1360 iterum

569 1422 701 1463 cum
759 1403 948 1462 titulis
1014 1403 1367 1479 appellabo,
1440 1402 1592 1461 tales
1655 1403 1834 1461 fuisse
1888 1404 2156 1463 homiues
2224 1408 2503 1480 apparet,
2577 1402 2677 1480 qui
2740 1422 2812 1462 ex

568 1503 973 1583 splendidiore
1028 1503 1319 1581 dignit-ate
1371 1506 1638 1580 equestri
1684 1506 1756 1563 ad
1805 1505 2226 1581 primipilatum
2273 1505 2603 1564 rediissent.
2682 1503 2817 1577 Qua

569 1611 625 1669 in
674 1626 739 1667 re
787 1606 1134 1666 difficillime
1180 1606 1580 1683 dijudicatur,
1642 1625 1761 1683 qua
1815 1610 2046 1667 ratione
2109 1607 2350 1666 adducti
2411 1608 2532 1665 sint
2585 1608 2655 1682 ii,
2713 1607 2813 1683 qui

570 1711 952 1789 equestribus
1021 1710 1242 1769 militiis
1298 1710 1426 1786 jam
1494 1709 1905 1786 praefuerant,
1971 1715 2038 1769 ut
2106 1710 2417 1786 stipendiis
2481 1710 2817 1785 legionariis

570 1815 768 1874 denuo
816 1831 1058 1887 operam
1107 1812 1336 1870 darent.

740 1916 1139 1974 Mommsenus
1161 1911 1238 1984 ⁴⁵)
1296 1915 1611 1990 opinatur,
1657 1931 1759 1973 eos
1805 1914 2132 1990 privilegiis
2169 1913 2556 1990 quibusdam,
2600 1912 2816 1989 quibus

570 2018 787 2077 milites
851 2035 926 2076 ex
995 2017 1183 2092 primo
1243 2016 1379 2092 pilo
1429 2017 1678 2075 honeste
1727 2017 1950 2075 dimissi
1999 2019 2090 2076 usi
2135 2023 2334 2076 essent
2377 2034 2650 2093 quaeque
2697 2035 2813 2075 non

571 2121 1056 2197 compet-ivissent
1114 2119 1359 2179 dimisso
1409 2138 1483 2178 ex
1532 2118 1838 2179 tribunatu
1886 2120 1980 2178 vel
2026 2120 2435 2197 praefectura,
2498 2128 2822 2180 commotos

538 2225 917 2301 ‘priusquam
964 2241 1000 2280 a
1065 2222 1253 2282 milita
1300 2223 1537 2281 abirent
1582 2223 2000 2299 primipilatum
2049 2224 2300 2282 alterum
2346 2223 2679 2298 accepisse,
2737 2223 2821 2281 ita

572 2327 724 2386 utin
760 2343 1037 2385 numeros
1089 2324 1329 2401 quidem
1378 2343 1495 2385 non
1544 2325 1934 2402 reserrentur,
1979 2326 2081 2384 sed
2130 2326 2324 2384 statim
2373 2345 2443 2384 ex
2486 2324 2598 2384 boc
2626 2324 2816 2401 gradu

568 2429 1024 2488 dimitterentur.

740 2531 852 2591 Sed
904 2549 1056 2606 quae
1101 2534 1275 2589 erant
1320 2547 1390 2589 ea
1437 2530 1778 2607 privilegia,
1842 2549 1997 2606 quae
2043 2531 2384 2608 primipilis,
2446 2549 2578 2590 cum
2627 2531 2812 2590 mitte-

570 2634 808 2710 bantur,
854 2634 949 2692 vel
979 2633 1447 2710 primipilaribus
1479 2633 1867 2709 obtingebant
1898 2638 1956 2691 et
1987 2651 2142 2710 quae
2181 2634 2530 2711 „primipilis
2559 2630 2809 2692 iterum“

570 2737 710 2797 data
753 2754 886 2795 esse
932 2736 1252 2812 putemus?
1344 2737 1476 2795 Una
1525 2736 1697 2795 nobis
1742 2739 1886 2795 nota
1931 2742 2022 2795 est
2073 2736 2341 2804 „vacatio
2390 2754 2425 2794 a
2472 2734 2694 2794 tutela“
2715 2733 2814 2809 ⁴⁰);

568 2839 673 2899 sed
722 2839 897 2898 etiam
945 2839 991 2896 si
1041 2838 1371 2914 compluria
1415 2837 1531 2896 alia
1577 2835 1765 2896 fuisse
1811 2842 2119 2915 putamus,
2190 2857 2262 2897 ea
2308 2856 2426 2897 non
2476 2836 2700 2896 diutius
2745 2837 2817 2896 iis
2911 2818 2918 2827 ’

569 2941 873 3020 patebant,
922 2959 1101 3017 quam
1137 2939 1275 2999 dum
1310 2940 1708 3016 primipilares
1741 2944 1940 3017 erant;
1985 2940 2323 3000 videbimus
2353 2946 2571 3016 autem,
2614 2956 2819 2998 omnes

569 3064 624 3122 p.
671 3065 724 3121 p.
785 3046 997 3103 iterum
1063 3043 1139 3103 ad
1203 3043 1459 3119 majores
1520 3043 1782 3102 honores
1843 3049 2084 3103 evectos
2151 3060 2304 3120 esse;
2365 3045 2683 3119 propterea
2727 3042 2819 3101 his

569 3147 897 3226 privilegiis
962 3164 1080 3205 non
1142 3147 1364 3204 moveri
1428 3150 1738 3221 poterant,
1799 3149 1864 3203 ut
1924 3146 2346 3221 primipilatum
2393 3144 2642 3204 alterum
2690 3161 2818 3203 sus-

571 3253 858 3327 ciperent.
946 3249 1413 3323 Procuraturas,
1476 3266 1628 3324 quas
1688 3248 1974 3325 primipili
2031 3250 2243 3307 iterum
2288 3264 2525 3324 semper
2567 3247 2816 3322 accipie-

569 3351 731 3428 bant,
775 3350 1175 3428 primipilares
1222 3351 1323 3428 qui
1357 3369 1478 3409 uno
1509 3350 1888 3428 primopilatu
1936 3350 2126 3409 functi
2162 3354 2349 3426 eraut,
2395 3355 2531 3409 ante
2571 3349 2819 3408 Antoni-

570 3472 780 3514 norum
828 3459 1082 3514 aetatem
1132 3472 1437 3531 nunquam
1485 3454 1788 3529 accepisse
1831 3453 2118 3522 vidimus3
2167 3454 2452 3530 quocil·ca
2496 3471 2602 3512 eae
2647 3452 2816 3511 nullo

571 3561 748 3634 pacto
810 3557 966 3617 inter
1029 3556 1347 3634 privilegia
1394 3556 1830 3633 primipilorum
1877 3556 1974 3616 vel
2021 3555 2470 3632 primipilarium
2517 3555 2818 3614 numerari

571 3664 839 3737 possunt.
940 3661 1215 3719 Praemia
1261 3659 1518 3736 denique
1566 3677 1723 3735 quae
1772 3660 1830 3718 in
1882 3659 2134 3718 honesta
2179 3659 2459 3718 missione
2505 3657 2819 3734 primipilis

572 3762 874 3822 dabantur
921 3767 979 3821 et
1010 3781 1163 3838 quae
1197 3763 1462 3839 ingentia
1494 3762 1681 3820 fuisse
1727 3762 2297 3839 vidimus,·forsitan
2344 3761 2635 3837 quispiam
2684 3778 2820 3818 cau-

571 3883 696 3925 sam
756 3865 941 3925 fuisse
1002 3867 1367 3941 suspicetur,
1427 3881 1533 3923 cur
1593 3863 1679 3922 illi
1747 3865 2015 3923 homines
2077 3863 2325 3923 alterum
2388 3863 2817 3940 primipilatum

575 3982 655 3989 .—

741 4030 810 4093 ⁴⁴)
853 4012 1153 4096 propterea
1200 4027 1483 4096 copiosius
1533 4026 1603 4080 dc
1639 4025 1742 4080 hac
1778 4041 1836 4080 rc
1873 4024 2019 4081 infra
2055 4032 2255 4094 agetur
2289 4039 2402 4079 uua
2436 4040 2561 4080 cum
2600 4023 2819 4093 „primi-

571 4114 806 4182 pilorum
843 4115 1077 4167 iterum“
1114 4126 1398 4182 processu.

741 4202 814 4266 ⁴⁵)
848 4198 918 4252 ad
957 4199 1017 4253 C.
1056 4200 1098 4251 Ι.
1136 4200 1196 4252 L.
1236 4198 1286 4248 V
1325 4202 1439 4251 867.

743 4288 808 4348 ⁴⁰)
848 4282 919 4337 cf.
958 4299 1128 4351 supra
1164 4284 1234 4337 de
1271 4282 1592 4337 commodis.
