3166 4871
583 209 707 270 270

585 383 673 441 ita
715 380 892 440 valde
937 380 1297 440 delectatum
1343 397 1473 437 esse
1517 378 1897 453 Ciceronem,
1954 376 2184 437 mediae
2240 383 2437 436 autem
2484 375 2825 436 comoediae

583 488 893 562 poetarum
943 482 1161 542 mentio
1209 480 1365 557 apud
1413 498 1548 540 eum
1598 499 1714 539 non
1761 479 1843 556 fit,
1888 479 2091 539 licebit
2134 478 2411 556 progredi
2445 477 2522 537 ad
2567 479 2828 538 recentis

586 605 764 664 quam
828 586 1036 645 dicunt
1095 582 1437 644 comoediae
1484 584 1718 643 Atticae
1773 586 1994 659 poetas.
2092 581 2259 656 Quos
2304 582 2511 658 quanti
2555 582 2825 640 aestima·

586 689 757 759 verit,
804 707 878 748 ex
923 689 1068 748 satis
1114 686 1315 746 multis
1369 686 1513 745 locis
1555 686 1694 746 licet
1737 687 2106 763 perspicere,
2166 703 2526 761 quamquam
2587 684 2827 761 saepius

586 793 741 852 hanc
785 792 862 852 ob
910 809 1032 849 rem
1080 789 1322 849 difficile
1366 794 1457 848 cst
1490 789 1724 864 justum
1772 788 1968 848 facere
2004 787 2331 866 judicium,
2376 786 2537 864 quod
2585 804 2703 846 non
2752 784 2827 845 de

585 895 731 972 ipsis
776 893 1145 953 Graecorum
1195 890 1544 961 comoedii3‚
1605 890 1710 950 sed
1758 889 1832 950 de
1876 889 2093 950 fabulis
2138 889 2369 950 Latinis
2413 906 2488 951 ex
2532 888 2646 947 illis
2691 905 2827 947 eon·

586 998 778 1057 versis
840 995 1070 1073 profert
1125 994 1498 1054 sententiam.
1595 994 1747 1053 Nam
1813 994 1922 1053 etsi
1985 993 2163 1053 facile
2227 996 2480 1069 apparet
2536 990 2830 1069 ejusmodi

588 1082 843 1178 quoque
885 1097 1049 1157 locos
1108 1095 1266 1156 haud
1324 1097 1492 1173 parvi
1553 1095 1852 1155 interdum
1902 1096 2180 1155 momenti
2224 1112 2357 1155 esse
2403 1093 2477 1153 ad
2525 1112 2649 1154 rem
2696 1113 2829 1170 pro-

586 1203 837 1279 positam
896 1208 1060 1259 recte
1118 1198 1590 1276 dijudicandam,
1665 1205 1861 1258 tamen
1922 1198 2254 1258 cavendum
2303 1201 2425 1274 est,
2485 1216 2561 1257 ne
2619 1197 2833 1273 omnia,

587 1321 742 1381 quae
788 1303 863 1362 de
907 1301 1215 1361 comoedia
1271 1301 1474 1377 aliqua
1535 1301 1750 1361 Latina
1805 1300 2063 1377 profert,
2121 1299 2298 1378 plane
2344 1318 2417 1359 ac
2460 1317 2711 1377 prorsus
2754 1298 2831 1357 ad

589 1425 716 1466 eam
775 1405 1065 1465 Graecam
1125 1403 1413 1480 fabulam,
1471 1421 1545 1463 ex
1604 1421 1725 1479 qua
1782 1403 1944 1463 illam
2001 1421 2353 1463 conversam
2416 1420 2551 1462 esse
2596 1402 2832 1479 scimus,

589 1508 938 1584 referamus,
981 1507 1123 1582 quia
1167 1507 1312 1565 satis
1355 1512 1592 1565 constat
1635 1509 1842 1581 poetas
1887 1506 2137 1566 Latinos
2180 1523 2300 1566 non
2346 1506 2539 1565 solum
2586 1505 2833 1564 liberius

587 1630 659 1671 ac
703 1609 1121 1687 neglegentius
1181 1612 1417 1668 vertere
1462 1607 1668 1668 solitos
1713 1624 1870 1678 esse,
1930 1609 2035 1668 sed
2098 1627 2174 1668 ne
2237 1607 2541 1668 dubitasse
2595 1608 2829 1685 quidem

589 1714 830 1791 saepius
876 1715 1031 1771 totas
1075 1728 1290 1771 scenas
1336 1710 1588 1770 alterius
1634 1710 1978 1771 comoediae
2024 1710 2286 1771 Graecae
2332 1713 2612 1771 inserere.

760 1816 842 1875 Ut
899 1818 1095 1874 autem
1142 1813 1269 1891 jam
1323 1812 1398 1872 ad
1457 1813 1699 1890 singula
1751 1815 2088 1884 veniamus,
2134 1815 2389 1892 primum
2437 1815 2551 1874 hoc
2595 1813 2835 1874 videtur

588 1918 763 1978 valde
809 1917 1094 1977 memoria
1138 1915 1383 1992 dignum
1431 1934 1468 1976 a
1513 1916 1800 1977 Cicerone
1844 1935 1916 1975 ex
1963 1934 2289 1993 permagno
2337 1916 2441 1977 iilo
2486 1916 2836 1977 recentioris

590 2019 933 2081 comoediae
977 2018 1213 2078 Atticae
1270 2022 1580 2095 poetarum
1640 2037 1886 2079 numero
1948 2019 2141 2079 solum
2197 2018 2616 2096 Menandrum,
2671 2021 2831 2095 prin-

590 2124 780 2199 cipem
842 2122 1001 2181 illum
1063 2140 1137 2181 ex
1197 2122 1456 2181 omnium
1514 2139 1806 2181 consensu
1869 2122 2047 2200 hujus
2102 2123 2372 2200 generis,
2428 2123 2717 2181 nominari
2740 2120 2836 2199 8Ἰ),

589 2225 994 2285 Philemonem
1055 2229 1253 2284 autem
1314 2228 1374 2284 et
1429 2223 1731 2302 Diphilum
1796 2230 1857 2284 et
1917 2224 2385 2302 Apollodorum,
2444 2230 2511 2284 ut
2572 2225 2832 2284 omittam

583 2327 751 2404 alios,
793 2328 914 2386 alto
960 2327 1349 2403 praetermitti
1397 2326 1669 2403 silentio,
1728 2344 2087 2403 quamquam
2137 2327 2302 2386 nullo
2351 2326 2526 2386 modo
2572 2325 2834 2387 dubitari

585 2433 810 2508 potest,
872 2429 1017 2507 quin
1076 2433 1296 2507 poetae
1357 2429 1607 2489 Romani
1670 2428 1828 2490 haud
1874 2448 2101 2507 paucas
2164 2448 2369 2491 eorum
2416 2429 2649 2491 fabulas
2695 2447 2834 2489 cou-

587 2533 893 2592 verterint.
981 2529 1157 2604 Quae
1204 2550 1335 2590 cum
1377 2532 1459 2590 ita
1489 2532 1627 2610 sint,
1673 2550 1788 2591 non
1824 2550 2039 2593 vereor
2071 2532 2273 2593 dicere
2306 2533 2489 2593 solius
2522 2532 2832 2593 Menandri

587 2632 924 2694 comoedias
969 2633 1195 2693 Graece
1253 2633 1439 2693 lectas
1499 2651 1633 2693 esse
1689 2653 1724 2693 a
1785 2635 2091 2696 Cicerone.
2193 2636 2428 2696 Novum
2488 2635 2670 2713 igitur
2703 2633 2829 2710 jam

586 2737 873 2797 habemus
928 2739 1378 2813 argumentum,
1439 2755 1514 2796 ex
1571 2754 1692 2813 quo
1749 2738 2022 2798 conicere
2078 2738 2256 2797 liceat
2314 2742 2675 2813 erraturum,
2729 2736 2829 2813 qui

586 2843 757 2917 putet
817 2856 1205 2915 permagnum
1268 2837 1453 2898 fuisse
1510 2856 1818 2898 numerum
1880 2838 2245 2900 Graecorum
2307 2840 2618 2910 librorum,
2682 2857 2833 2917 quos

587 2941 798 3002 Cicero
829 2940 1089 3001 lectione
1119 2942 1485 3000 tractaverit.
1573 2942 1701 3001 Etsi
1746 2945 1943 3002 autem
1992 2960 2067 3002 ne
2112 2942 2187 3002 de
2218 2943 2553 3003 Menandro
2593 2941 2831 3019 quidem

589 3047 813 3104 certum
873 3042 1019 3103 facit
1064 3042 1397 3121 judicium,
1457 3047 1654 3102 tamen
1715 3062 1788 3102 ex
1844 3063 1915 3104 eo
1960 3045 2124 3122 ipse,
2180 3044 2341 3121 quod
2404 3063 2536 3105 eum
2596 3044 2834 3121 saepius

587 3147 868 3222 nominat,
912 3145 960 3205 si
1007 3144 1148 3222 quid
1197 3143 1400 3214 vide0,
1459 3163 1825 3222 cognoscere
1868 3164 2185 3223 possumus
2229 3148 2391 3207 hune
2435 3147 2737 3225 Ciceroni,
2799 3166 2834 3206 a

589 3266 708 3325 quo
757 3249 946 3325 ipsum
981 3246 1439 3323 Aristophanem
1489 3248 1710 3307 veteris
1754 3254 1979 3308 tantum
2029 3248 2371 3310 comoediae
2409 3248 2830 3309 facetissimum

587 3355 823 3427 poetam
867 3348 1159 3427 appellari
1207 3349 1485 3426 vidimus,
1531 3369 1649 3409 non
1697 3352 1886 3410 solum
1935 3353 2361 3422 recentiorum,
2421 3351 2523 3411 sed
2572 3353 2831 3413 omnium

587 3452 943 3512 comicorum
973 3451 1337 3512 Graecorum
1381 3452 1713 3529 principem
1760 3471 1892 3513 esse
1937 3454 2148 3514 visum.
2238 3435 2519 3514 Ac'nihil
2561 3453 2833 3533 profecto

758 3668 823 3730 ⁸⁷)
873 3663 1022 3719 Satis
1067 3665 1184 3720 scio
1232 3680 1457 3720 versum
1506 3665 1661 3720 illum
1709 3667 1901 3734 (Tuae.
1939 3672 1988 3734 5,
2025 3669 2143 3733 25):

1113 3749 1330 3812 „Vitam
1381 3751 1528 3819 regit
1573 3747 1816 3818 fortuna,
1850 3767 1963 3806 nou
2011 3752 2320 3821 sapientia*

585 3834 641 3889 iu
700 3833 1093 3890 Chaeremonis
1139 3830 1481 3909 Κενταύρῳ,
1548 3851 1715 3905 quam
1759 3835 2002 3891 fabulam
2051 3838 2212 3892 alteri
2261 3839 2627 3907 tragoediam,
2677 3839 2836 3893 alteri

586 3921 924 3976 comoediam
962 3920 1139 3975 fuisse
1176 3921 1430 3990 credunt,
1465 3921 1546 3975 ita
1581 3921 1848 3977 inveniri:

1049 4001 1197 4075 Τύχη
1234 4001 1306 4059 τὰ
1341 4010 1573 4075 θνητῶν
1609 4001 1919 4078 πράγματ’,
1953 3999 2063 4061 οὐκ
2102 4000 2389 4079 εὐβουλία.

588 4085 672 4145 At
715 4106 781 4146 ex
840 4091 1125 4145 Piceronis
1177 4091 1355 4159 ipsius
1403 4091 1593 4146 verbis
1642 4092 1777 4146 satis
1825 4100 2059 4161 apparet
2112 4109 2235 4146 enin
2294 4109 2515 4147 versum
2561 4094 2715 4148 ilium
2765 4110 2832 4148 ex

583 4174 953 4246 Theophrasti
991 4175 1329 4230 Caiiisthene
1367 4178 1702 4246 sumpsisse.
