<?xml version="1.0" encoding="UTF-8"?>
<!DOCTYPE html PUBLIC "-//W3C//DTD XHTML 1.0 Transitional//EN"
    "http://www.w3.org/TR/xhtml1/DTD/xhtml1-transitional.dtd">
<html xmlns="http://www.w3.org/1999/xhtml" xml:lang="en" lang="en">
 <head>
  <title>
</title>
<meta http-equiv="Content-Type" content="text/html;charset=utf-8" />
  <meta name='ocr-system' content='tesseract 3.04.00' />
  <meta name='ocr-capabilities' content='ocr_page ocr_carea ocr_par ocr_line ocrx_word'/>
</head>
<body>
  <div class='ocr_page' id='page_1' title='image "./dissertationesp00hallgoog_0681.png"; bbox 0 0 3166 4871; ppageno 0'>
   <div class='ocr_carea' id='block_1_1' title="bbox 2496 289 2620 351">
    <p class='ocr_par' dir='ltr' id='par_1_1' title="bbox 2496 289 2620 351">
     <span class='ocr_line' id='line_1_1' title="bbox 2496 289 2620 351; baseline 0 0"><span class='ocrx_word' id='word_1_1' title='bbox 2496 289 2620 351; x_wconf 80' lang='lat'>323</span> 
     </span>
    </p>
   </div>
   <div class='ocr_carea' id='block_1_2' title="bbox 374 460 2623 2792">
    <p class='ocr_par' dir='ltr' id='par_1_2' title="bbox 374 460 2618 839">
     <span class='ocr_line' id='line_1_2' title="bbox 545 460 2617 538; baseline 0.001 -19"><span class='ocrx_word' id='word_1_2' title='bbox 545 460 991 536; x_wconf 82' lang='lat' dir='ltr'>Nonnunquam</span> <span class='ocrx_word' id='word_1_3' title='bbox 1038 462 1094 519; x_wconf 90' lang='lat' dir='ltr'>in</span> <span class='ocrx_word' id='word_1_4' title='bbox 1144 460 1348 519; x_wconf 84' lang='lat' dir='ltr'>eadem</span> <span class='ocrx_word' id='word_1_5' title='bbox 1395 460 1709 536; x_wconf 82' lang='lat' dir='ltr'>sententia,</span> <span class='ocrx_word' id='word_1_6' title='bbox 1752 479 1908 536; x_wconf 81' lang='lat' dir='ltr'>quae</span> <span class='ocrx_word' id='word_1_7' title='bbox 1957 480 2065 537; x_wconf 85' lang='lat' dir='ltr'>per</span> <span class='ocrx_word' id='word_1_8' title='bbox 2103 477 2215 534; x_wconf 79' lang='lat' dir='ltr'>que</span> <span class='ocrx_word' id='word_1_9' title='bbox 2245 462 2478 521; x_wconf 81' lang='lat' dir='ltr'>adnexa</span> <span class='ocrx_word' id='word_1_10' title='bbox 2509 469 2617 538; x_wconf 74' lang='lat' dir='ltr'>est,</span> 
     </span>
     <span class='ocr_line' id='line_1_3' title="bbox 374 559 2618 642; baseline 0.003 -23"><span class='ocrx_word' id='word_1_11' title='bbox 374 562 670 637; x_wconf 82' lang='lat' dir='ltr'>particula</span> <span class='ocrx_word' id='word_1_12' title='bbox 713 563 889 619; x_wconf 82' lang='lat' dir='ltr'>eliam</span> <span class='ocrx_word' id='word_1_13' title='bbox 937 564 1193 638; x_wconf 80' lang='lat' dir='ltr'>ponitur.</span> <span class='ocrx_word' id='word_1_14' title='bbox 1282 562 1353 619; x_wconf 84' lang='lat' dir='ltr'>cf.</span> <span class='ocrx_word' id='word_1_15' title='bbox 1402 582 1449 621; x_wconf 88' lang='lat' dir='ltr'>c.</span> <span class='ocrx_word' id='word_1_16' title='bbox 1498 566 1575 621; x_wconf 78' lang='grc'>74</span> <span class='ocrx_word' id='word_1_17' title='bbox 1623 560 1748 638; x_wconf 90' lang='grc'>(87,</span> <span class='ocrx_word' id='word_1_18' title='bbox 1780 566 1867 638; x_wconf 91' lang='grc'>9),</span> <span class='ocrx_word' id='word_1_19' title='bbox 1929 566 2012 623; x_wconf 89' lang='grc'>80</span> <span class='ocrx_word' id='word_1_20' title='bbox 2058 564 2183 639; x_wconf 91' lang='grc'>(95,</span> <span class='ocrx_word' id='word_1_21' title='bbox 2219 559 2302 635; x_wconf 96' lang='grc'>1),</span> <span class='ocrx_word' id='word_1_22' title='bbox 2365 570 2446 625; x_wconf 87' lang='grc'>60</span> <span class='ocrx_word' id='word_1_23' title='bbox 2491 566 2618 642; x_wconf 91' lang='grc'>(71,</span> 
     </span>
     <span class='ocr_line' id='line_1_4' title="bbox 381 662 2617 743; baseline 0.001 -19"><span class='ocrx_word' id='word_1_24' title='bbox 381 662 512 739; x_wconf 87' lang='grc'>19),</span> <span class='ocrx_word' id='word_1_25' title='bbox 562 668 681 725; x_wconf 94' lang='grc'>105</span> <span class='ocrx_word' id='word_1_26' title='bbox 729 664 896 742; x_wconf 84' lang='grc'>(128,</span> <span class='ocrx_word' id='word_1_27' title='bbox 931 662 1022 743; x_wconf 92' lang='grc'>1),</span> <span class='ocrx_word' id='word_1_28' title='bbox 1073 668 1189 725; x_wconf 83' lang='grc'>132</span> <span class='ocrx_word' id='word_1_29' title='bbox 1239 664 1403 737; x_wconf 89' lang='grc'>(185,</span> <span class='ocrx_word' id='word_1_30' title='bbox 1442 663 1577 741; x_wconf 88' lang='grc'>15),</span> <span class='ocrx_word' id='word_1_31' title='bbox 1640 668 1755 726; x_wconf 85' lang='grc'>137</span> <span class='ocrx_word' id='word_1_32' title='bbox 1803 665 2124 741; x_wconf 85' lang='lat'>(199,11).</span> <span class='ocrx_word' id='word_1_33' title='bbox 2212 667 2287 725; x_wconf 84' lang='lat' dir='ltr'>of.</span> <span class='ocrx_word' id='word_1_34' title='bbox 2338 669 2617 743; x_wconf 84' lang='lat' dir='ltr'>Draeger.</span> 
     </span>
     <span class='ocr_line' id='line_1_5' title="bbox 374 766 1588 839; baseline -0.001 -12"><span class='ocrx_word' id='word_1_35' title='bbox 374 766 409 836; x_wconf 64' lang='grc' dir='ltr'>ξ</span> <span class='ocrx_word' id='word_1_36' title='bbox 442 772 581 828; x_wconf 92' lang='grc'>319.</span> <span class='ocrx_word' id='word_1_37' title='bbox 670 767 973 828; x_wconf 87' lang='lat' dir='ltr'>Kuehner.</span> <span class='ocrx_word' id='word_1_38' title='bbox 1020 770 1077 827; x_wconf 89' lang='lat'>11</span> <span class='ocrx_word' id='word_1_39' title='bbox 1120 768 1155 838; x_wconf 62' lang='grc' dir='ltr'>ς’</span> <span class='ocrx_word' id='word_1_40' title='bbox 1192 771 1328 839; x_wconf 85' lang='grc'>159,</span> <span class='ocrx_word' id='word_1_41' title='bbox 1376 772 1411 828; x_wconf 90' lang='grc'>2</span> <span class='ocrx_word' id='word_1_42' title='bbox 1446 788 1501 828; x_wconf 91' lang='lat' dir='ltr'>n.</span> <span class='ocrx_word' id='word_1_43' title='bbox 1533 773 1588 829; x_wconf 90' lang='lat'>2.</span> 
     </span>
    </p>

    <p class='ocr_par' dir='ltr' id='par_1_3' title="bbox 374 868 2622 1866">
     <span class='ocr_line' id='line_1_6' title="bbox 546 868 2619 946; baseline 0.001 -17"><span class='ocrx_word' id='word_1_44' title='bbox 546 870 821 929; x_wconf 85' lang='lat' dir='ltr'>Haudius</span> <span class='ocrx_word' id='word_1_45' title='bbox 877 868 1143 944; x_wconf 84' lang='grc'>(11480,</span> <span class='ocrx_word' id='word_1_46' title='bbox 1197 870 1297 943; x_wconf 95' lang='grc'>12)</span> <span class='ocrx_word' id='word_1_47' title='bbox 1344 870 1545 931; x_wconf 84' lang='lat' dir='ltr'>docet:</span> <span class='ocrx_word' id='word_1_48' title='bbox 1613 872 1874 946; x_wconf 75' lang='lat' dir='ltr'>sinyule‘s</span> <span class='ocrx_word' id='word_1_49' title='bbox 1936 872 2033 930; x_wconf 75' lang='lat' dir='ltr'>rei</span> <span class='ocrx_word' id='word_1_50' title='bbox 2093 870 2379 945; x_wconf 76' lang='lat' dir='ltr'>partibus</span> <span class='ocrx_word' id='word_1_51' title='bbox 2440 878 2619 932; x_wconf 75' lang='lat' dir='ltr'>antea</span> 
     </span>
     <span class='ocr_line' id='line_1_7' title="bbox 374 974 2619 1049; baseline 0.001 -18"><span class='ocrx_word' id='word_1_52' title='bbox 374 974 736 1031; x_wconf 78' lang='lat' dir='ltr'>enumeratis</span> <span class='ocrx_word' id='word_1_53' title='bbox 788 974 1037 1032; x_wconf 76' lang='lat' dir='ltr'><strong><em>additur</em></strong></span> <span class='ocrx_word' id='word_1_54' title='bbox 1072 989 1194 1048; x_wconf 76' lang='lat' dir='ltr'>per</span> <span class='ocrx_word' id='word_1_55' title='bbox 1239 978 1312 1032; x_wconf 82' lang='lat' dir='ltr'>et</span> <span class='ocrx_word' id='word_1_56' title='bbox 1355 974 1448 1046; x_wconf 80' lang='lat' dir='ltr'>id,</span> <span class='ocrx_word' id='word_1_57' title='bbox 1507 974 1672 1048; x_wconf 80' lang='lat' dir='ltr'>quod</span> <span class='ocrx_word' id='word_1_58' title='bbox 1711 976 2054 1033; x_wconf 76' lang='lat' dir='ltr'>universum</span> <span class='ocrx_word' id='word_1_59' title='bbox 2097 990 2292 1047; x_wconf 72' lang='lat' dir='ltr'>yemcs</span> <span class='ocrx_word' id='word_1_60' title='bbox 2328 976 2619 1049; x_wconf 78' lang='lat' dir='ltr'>complec-</span> 
     </span>
     <span class='ocr_line' id='line_1_8' title="bbox 375 1075 2616 1153; baseline 0.002 -21"><span class='ocrx_word' id='word_1_61' title='bbox 375 1076 543 1133; x_wconf 79' lang='lat' dir='ltr'>titur.</span> <span class='ocrx_word' id='word_1_62' title='bbox 632 1075 784 1134; x_wconf 87' lang='lat' dir='ltr'>idem</span> <span class='ocrx_word' id='word_1_63' title='bbox 849 1076 1008 1136; x_wconf 85' lang='lat' dir='ltr'>valet</span> <span class='ocrx_word' id='word_1_64' title='bbox 1066 1075 1142 1135; x_wconf 88' lang='lat' dir='ltr'>de</span> <span class='ocrx_word' id='word_1_65' title='bbox 1202 1092 1350 1149; x_wconf 79' lang='lat' dir='ltr'>que,</span> <span class='ocrx_word' id='word_1_66' title='bbox 1416 1077 1587 1136; x_wconf 83' lang='lat' dir='ltr'>euius</span> <span class='ocrx_word' id='word_1_67' title='bbox 1649 1095 1790 1136; x_wconf 90' lang='lat' dir='ltr'>usus</span> <span class='ocrx_word' id='word_1_68' title='bbox 1843 1076 2116 1153; x_wconf 80' lang='lat' dir='ltr'>exempla</span> <span class='ocrx_word' id='word_1_69' title='bbox 2173 1078 2376 1136; x_wconf 80' lang='lat' dir='ltr'>notavi</span> <span class='ocrx_word' id='word_1_70' title='bbox 2435 1079 2616 1137; x_wconf 85' lang='lat' dir='ltr'>haee:</span> 
     </span>
     <span class='ocr_line' id='line_1_9' title="bbox 374 1178 2620 1253; baseline 0.001 -17"><span class='ocrx_word' id='word_1_71' title='bbox 374 1195 424 1236; x_wconf 86' lang='lat' dir='ltr'>e.</span> <span class='ocrx_word' id='word_1_72' title='bbox 470 1179 551 1237; x_wconf 88' lang='lat'>98</span> <span class='ocrx_word' id='word_1_73' title='bbox 597 1180 762 1253; x_wconf 87' lang='grc'>(118,</span> <span class='ocrx_word' id='word_1_74' title='bbox 799 1181 905 1239; x_wconf 83' lang='grc' dir='ltr'>1οῑ</span> <span class='ocrx_word' id='word_1_75' title='bbox 963 1193 1175 1237; x_wconf 74' lang='lat' dir='ltr'>servus</span> <span class='ocrx_word' id='word_1_76' title='bbox 1225 1178 1512 1251; x_wconf 76' lang='lat' dir='ltr'>publicus</span> <span class='ocrx_word' id='word_1_77' title='bbox 1572 1223 1587 1237; x_wconf 96' lang='lat'>.</span> <span class='ocrx_word' id='word_1_78' title='bbox 1614 1223 1628 1236; x_wconf 96' lang='lat'>.</span> <span class='ocrx_word' id='word_1_79' title='bbox 1690 1179 2086 1238; x_wconf 74' lang='lat' dir='ltr'>harundinem</span> <span class='ocrx_word' id='word_1_80' title='bbox 2137 1179 2347 1237; x_wconf 77' lang='lat' dir='ltr'>subter</span> <span class='ocrx_word' id='word_1_81' title='bbox 2405 1181 2620 1239; x_wconf 82' lang='lat' dir='ltr'>lectum</span> 
     </span>
     <span class='ocr_line' id='line_1_10' title="bbox 375 1280 2620 1365; baseline 0.002 -28"><span class='ocrx_word' id='word_1_82' title='bbox 375 1280 571 1351; x_wconf 75' lang='lat' dir='ltr'>mittit,</span> <span class='ocrx_word' id='word_1_83' title='bbox 618 1280 948 1353; x_wconf 77' lang='lat' dir='ltr'><strong><em>omniaque,</em></strong></span> <span class='ocrx_word' id='word_1_84' title='bbox 992 1280 1172 1338; x_wconf 80' lang='lat' dir='ltr'>etiam</span> <span class='ocrx_word' id='word_1_85' title='bbox 1207 1280 1522 1353; x_wconf 75' lang='lat' dir='ltr'>foramina</span> <span class='ocrx_word' id='word_1_86' title='bbox 1562 1281 1887 1365; x_wconf 50' lang='lat' dir='ltr'>parietum,</span> <span class='ocrx_word' id='word_1_87' title='bbox 1933 1285 2267 1339; x_wconf 80' lang='lat' dir='ltr'>scrutatur.</span> <span class='ocrx_word' id='word_1_88' title='bbox 2357 1300 2489 1341; x_wconf 87' lang='lat' dir='ltr'>nam</span> <span class='ocrx_word' id='word_1_89' title='bbox 2536 1284 2620 1342; x_wconf 86' lang='lat' dir='ltr'>sio</span> 
     </span>
     <span class='ocr_line' id='line_1_11' title="bbox 375 1381 2618 1460; baseline 0.002 -20"><span class='ocrx_word' id='word_1_90' title='bbox 375 1381 922 1458; x_wconf 79' lang='lat' dir='ltr'>interpungendum</span> <span class='ocrx_word' id='word_1_91' title='bbox 978 1387 1084 1442; x_wconf 82' lang='lat' dir='ltr'>est.</span> <span class='ocrx_word' id='word_1_92' title='bbox 1172 1400 1368 1460; x_wconf 88' lang='lat' dir='ltr'>neque</span> <span class='ocrx_word' id='word_1_93' title='bbox 1429 1382 1586 1442; x_wconf 90' lang='lat' dir='ltr'>enim</span> <span class='ocrx_word' id='word_1_94' title='bbox 1647 1400 1858 1442; x_wconf 87' lang='lat' dir='ltr'>servus</span> <span class='ocrx_word' id='word_1_95' title='bbox 1903 1383 2180 1460; x_wconf 78' lang='lat' dir='ltr'>publicus</span> <span class='ocrx_word' id='word_1_96' title='bbox 2224 1384 2420 1443; x_wconf 85' lang='lat' dir='ltr'>omnia</span> <span class='ocrx_word' id='word_1_97' title='bbox 2465 1383 2618 1444; x_wconf 84' lang='lat' dir='ltr'>fora-</span> 
     </span>
     <span class='ocr_line' id='line_1_12' title="bbox 377 1483 2622 1565; baseline 0.001 -23"><span class='ocrx_word' id='word_1_98' title='bbox 377 1485 534 1542; x_wconf 83' lang='lat' dir='ltr'>mina</span> <span class='ocrx_word' id='word_1_99' title='bbox 578 1484 891 1561; x_wconf 83' lang='lat' dir='ltr'>parietum,</span> <span class='ocrx_word' id='word_1_100' title='bbox 935 1483 1040 1543; x_wconf 90' lang='lat' dir='ltr'>sed</span> <span class='ocrx_word' id='word_1_101' title='bbox 1087 1487 1302 1561; x_wconf 85' lang='lat' dir='ltr'>omnia,</span> <span class='ocrx_word' id='word_1_102' title='bbox 1345 1486 1521 1545; x_wconf 84' lang='lat' dir='ltr'>etiam</span> <span class='ocrx_word' id='word_1_103' title='bbox 1568 1484 1859 1545; x_wconf 78' lang='lat' dir='ltr'>foramina</span> <span class='ocrx_word' id='word_1_104' title='bbox 1903 1486 2215 1562; x_wconf 77' lang='lat' dir='ltr'>parietum,</span> <span class='ocrx_word' id='word_1_105' title='bbox 2259 1485 2622 1565; x_wconf 63' lang='lat' dir='ltr'>serutatur),</span> 
     </span>
     <span class='ocr_line' id='line_1_13' title="bbox 379 1584 2621 1663; baseline 0.001 -17"><span class='ocrx_word' id='word_1_106' title='bbox 379 1591 459 1647; x_wconf 89' lang='grc'>64</span> <span class='ocrx_word' id='word_1_107' title='bbox 491 1584 617 1663; x_wconf 87' lang='grc'>(76,</span> <span class='ocrx_word' id='word_1_108' title='bbox 648 1591 714 1647; x_wconf 85' lang='lat'>3:</span> <span class='ocrx_word' id='word_1_109' title='bbox 759 1592 819 1646; x_wconf 84' lang='lat' dir='ltr'>et</span> <span class='ocrx_word' id='word_1_110' title='bbox 860 1602 1010 1644; x_wconf 80' lang='lat' dir='ltr'>sane</span> <span class='ocrx_word' id='word_1_111' title='bbox 1056 1587 1173 1646; x_wconf 83' lang='lat' dir='ltr'>iam</span> <span class='ocrx_word' id='word_1_112' title='bbox 1219 1589 1509 1647; x_wconf 80' lang='lat' dir='ltr'>lucernae</span> <span class='ocrx_word' id='word_1_113' title='bbox 1551 1588 1699 1646; x_wconf 79' lang='lat' dir='ltr'>mihi</span> <span class='ocrx_word' id='word_1_114' title='bbox 1734 1588 1955 1661; x_wconf 79' lang='lat' dir='ltr'>plures</span> <span class='ocrx_word' id='word_1_115' title='bbox 1999 1586 2357 1647; x_wconf 75' lang='lat' dir='ltr'>videbantur</span> <span class='ocrx_word' id='word_1_116' title='bbox 2401 1591 2621 1650; x_wconf 79' lang='lat' dir='ltr'>ardere</span> 
     </span>
     <span class='ocr_line' id='line_1_14' title="bbox 378 1688 2616 1766; baseline 0.002 -20"><span class='ocrx_word' id='word_1_117' title='bbox 378 1694 675 1762; x_wconf 76' lang='lat' dir='ltr'>totumque</span> <span class='ocrx_word' id='word_1_118' title='bbox 719 1690 1048 1749; x_wconf 80' lang='lat' dir='ltr'>triclinium</span> <span class='ocrx_word' id='word_1_119' title='bbox 1093 1705 1228 1749; x_wconf 80' lang='lat' dir='ltr'>esse</span> <span class='ocrx_word' id='word_1_120' title='bbox 1284 1688 1616 1766; x_wconf 67' lang='lat' dir='ltr'>titulatum),</span> <span class='ocrx_word' id='word_1_121' title='bbox 1666 1694 1783 1751; x_wconf 87' lang='lat'>123</span> <span class='ocrx_word' id='word_1_122' title='bbox 1817 1688 1985 1765; x_wconf 91' lang='grc'>(166,</span> <span class='ocrx_word' id='word_1_123' title='bbox 2021 1696 2121 1751; x_wconf 82' lang='grc'>11;</span> <span class='ocrx_word' id='word_1_124' title='bbox 2173 1707 2365 1763; x_wconf 79' lang='lat' dir='ltr'>arma,</span> <span class='ocrx_word' id='word_1_125' title='bbox 2413 1709 2616 1765; x_wconf 81' lang='lat' dir='ltr'>cruor,</span> 
     </span>
     <span class='ocr_line' id='line_1_15' title="bbox 379 1790 2293 1866; baseline 0.002 -16"><span class='ocrx_word' id='word_1_126' title='bbox 379 1791 615 1863; x_wconf 78' lang='lat' dir='ltr'>caedes,</span> <span class='ocrx_word' id='word_1_127' title='bbox 659 1792 944 1852; x_wconf 77' lang='lat' dir='ltr'>incendia</span> <span class='ocrx_word' id='word_1_128' title='bbox 988 1798 1230 1866; x_wconf 80' lang='lat' dir='ltr'>totaque</span> <span class='ocrx_word' id='word_1_129' title='bbox 1275 1791 1435 1851; x_wconf 81' lang='lat' dir='ltr'>bella</span> <span class='ocrx_word' id='word_1_130' title='bbox 1479 1798 1621 1852; x_wconf 81' lang='lat' dir='ltr'>ante</span> <span class='ocrx_word' id='word_1_131' title='bbox 1665 1794 1870 1852; x_wconf 77' lang='lat' dir='ltr'>oculos</span> <span class='ocrx_word' id='word_1_132' title='bbox 1915 1790 2293 1866; x_wconf 73' lang='lat' dir='ltr'>volitant).¹⁰)</span> 
     </span>
    </p>

    <p class='ocr_par' dir='ltr' id='par_1_4' title="bbox 377 1894 2623 2792">
     <span class='ocr_line' id='line_1_16' title="bbox 551 1894 2622 1971; baseline 0.002 -19"><span class='ocrx_word' id='word_1_133' title='bbox 551 1894 826 1971; x_wconf 86' lang='lat' dir='ltr'>Denique</span> <span class='ocrx_word' id='word_1_134' title='bbox 886 1895 1179 1971; x_wconf 78' lang='lat' dir='ltr'>particula</span> <span class='ocrx_word' id='word_1_135' title='bbox 1237 1911 1350 1968; x_wconf 84' lang='lat' dir='ltr'>que</span> <span class='ocrx_word' id='word_1_136' title='bbox 1408 1896 1579 1954; x_wconf 88' lang='lat' dir='ltr'>etiam</span> <span class='ocrx_word' id='word_1_137' title='bbox 1656 1896 1849 1955; x_wconf 81' lang='lat' dir='ltr'>locum</span> <span class='ocrx_word' id='word_1_138' title='bbox 1924 1895 2105 1955; x_wconf 88' lang='lat' dir='ltr'>habet</span> <span class='ocrx_word' id='word_1_139' title='bbox 2175 1896 2236 1954; x_wconf 91' lang='lat' dir='ltr'>in</span> <span class='ocrx_word' id='word_1_140' title='bbox 2308 1898 2622 1957; x_wconf 79' lang='lat' dir='ltr'>sententiis</span> 
     </span>
     <span class='ocr_line' id='line_1_17' title="bbox 381 1995 2621 2076; baseline 0.002 -22"><span class='ocrx_word' id='word_1_141' title='bbox 381 1995 689 2070; x_wconf 79' lang='lat' dir='ltr'>negativis,</span> <span class='ocrx_word' id='word_1_142' title='bbox 776 2015 848 2055; x_wconf 86' lang='lat' dir='ltr'>ae</span> <span class='ocrx_word' id='word_1_143' title='bbox 894 1998 1105 2074; x_wconf 87' lang='lat' dir='ltr'>partim</span> <span class='ocrx_word' id='word_1_144' title='bbox 1153 1997 1419 2073; x_wconf 84' lang='lat' dir='ltr'>quidem,</span> <span class='ocrx_word' id='word_1_145' title='bbox 1485 1996 1587 2056; x_wconf 89' lang='lat' dir='ltr'>ubi</span> <span class='ocrx_word' id='word_1_146' title='bbox 1645 2012 1757 2056; x_wconf 78' lang='lat' dir='ltr'>nec</span> <span class='ocrx_word' id='word_1_147' title='bbox 1802 1998 1901 2056; x_wconf 86' lang='lat' dir='ltr'>vel</span> <span class='ocrx_word' id='word_1_148' title='bbox 1945 2013 2067 2056; x_wconf 78' lang='lat' dir='ltr'>non</span> <span class='ocrx_word' id='word_1_149' title='bbox 2111 1999 2448 2075; x_wconf 83' lang='lat' dir='ltr'>praeeedit,</span> <span class='ocrx_word' id='word_1_150' title='bbox 2514 2018 2621 2076; x_wconf 86' lang='lat' dir='ltr'>per</span> 
     </span>
     <span class='ocr_line' id='line_1_18' title="bbox 379 2099 2612 2176; baseline 0.003 -20"><span class='ocrx_word' id='word_1_151' title='bbox 379 2113 490 2170; x_wconf 79' lang='lat' dir='ltr'>que</span> <span class='ocrx_word' id='word_1_152' title='bbox 535 2099 772 2173; x_wconf 86' lang='lat' dir='ltr'>negatio</span> <span class='ocrx_word' id='word_1_153' title='bbox 818 2099 1132 2175; x_wconf 77' lang='lat' dir='ltr'>excipitur,</span> <span class='ocrx_word' id='word_1_154' title='bbox 1178 2101 1263 2159; x_wconf 89' lang='lat' dir='ltr'>ita</span> <span class='ocrx_word' id='word_1_155' title='bbox 1294 2106 1359 2158; x_wconf 89' lang='lat' dir='ltr'>ut</span> <span class='ocrx_word' id='word_1_156' title='bbox 1387 2116 1497 2160; x_wconf 75' lang='lat' dir='ltr'>nec</span> <span class='ocrx_word' id='word_1_157' title='bbox 1527 2119 1639 2176; x_wconf 84' lang='lat' dir='ltr'>pro</span> <span class='ocrx_word' id='word_1_158' title='bbox 1670 2116 1782 2173; x_wconf 79' lang='lat' dir='ltr'>que</span> <span class='ocrx_word' id='word_1_159' title='bbox 1811 2105 2244 2176; x_wconf 81' lang='lat' dir='ltr'>exspectemus.</span> <span class='ocrx_word' id='word_1_160' title='bbox 2306 2101 2380 2161; x_wconf 81' lang='lat' dir='ltr'>ef.</span> <span class='ocrx_word' id='word_1_161' title='bbox 2413 2120 2461 2161; x_wconf 84' lang='lat' dir='ltr'>o.</span> <span class='ocrx_word' id='word_1_162' title='bbox 2497 2106 2612 2162; x_wconf 91' lang='lat'>121</span> 
     </span>
     <span class='ocr_line' id='line_1_19' title="bbox 379 2194 2619 2279; baseline 0.001 -20"><span class='ocrx_word' id='word_1_163' title='bbox 379 2198 544 2273; x_wconf 88' lang='grc'>(160,</span> <span class='ocrx_word' id='word_1_164' title='bbox 581 2194 646 2279; x_wconf 87' lang='lat'>7)</span> <span class='ocrx_word' id='word_1_165' title='bbox 702 2206 763 2260; x_wconf 87' lang='lat' dir='ltr'>et</span> <span class='ocrx_word' id='word_1_166' title='bbox 811 2205 929 2261; x_wconf 87' lang='lat'>124</span> <span class='ocrx_word' id='word_1_167' title='bbox 975 2199 1141 2274; x_wconf 85' lang='lat'>(171,</span> <span class='ocrx_word' id='word_1_168' title='bbox 1175 2199 1254 2276; x_wconf 83' lang='lat'>3).</span> <span class='ocrx_word' id='word_1_169' title='bbox 1344 2202 1450 2262; x_wconf 88' lang='lat' dir='ltr'>sed</span> <span class='ocrx_word' id='word_1_170' title='bbox 1512 2202 1607 2261; x_wconf 82' lang='lat' dir='ltr'>hie</span> <span class='ocrx_word' id='word_1_171' title='bbox 1670 2220 1814 2262; x_wconf 89' lang='lat' dir='ltr'>usus</span> <span class='ocrx_word' id='word_1_172' title='bbox 1873 2203 1983 2262; x_wconf 90' lang='lat' dir='ltr'>nisi</span> <span class='ocrx_word' id='word_1_173' title='bbox 2044 2203 2104 2261; x_wconf 89' lang='lat' dir='ltr'>in</span> <span class='ocrx_word' id='word_1_174' title='bbox 2173 2204 2423 2278; x_wconf 80' lang='lat' dir='ltr'>poeticis</span> <span class='ocrx_word' id='word_1_175' title='bbox 2488 2205 2619 2264; x_wconf 82' lang='lat' dir='ltr'>libri</span> 
     </span>
     <span class='ocr_line' id='line_1_20' title="bbox 377 2301 2620 2381; baseline 0.004 -22"><span class='ocrx_word' id='word_1_176' title='bbox 377 2301 649 2377; x_wconf 85' lang='lat' dir='ltr'>partibus</span> <span class='ocrx_word' id='word_1_177' title='bbox 696 2320 813 2361; x_wconf 89' lang='lat' dir='ltr'>non</span> <span class='ocrx_word' id='word_1_178' title='bbox 860 2304 1181 2363; x_wconf 85' lang='lat' dir='ltr'>invenitur.</span> <span class='ocrx_word' id='word_1_179' title='bbox 1242 2304 1374 2363; x_wconf 85' lang='lat' dir='ltr'>aliis</span> <span class='ocrx_word' id='word_1_180' title='bbox 1418 2308 1616 2364; x_wconf 86' lang='lat' dir='ltr'>autem</span> <span class='ocrx_word' id='word_1_181' title='bbox 1663 2304 1810 2364; x_wconf 84' lang='lat' dir='ltr'>loeis</span> <span class='ocrx_word' id='word_1_182' title='bbox 1855 2303 2257 2380; x_wconf 81' lang='lat' dir='ltr'>praecedente</span> <span class='ocrx_word' id='word_1_183' title='bbox 2303 2307 2620 2381; x_wconf 83' lang='lat' dir='ltr'>negatione</span> 
     </span>
     <span class='ocr_line' id='line_1_21' title="bbox 378 2403 2623 2488; baseline 0.003 -24"><span class='ocrx_word' id='word_1_184' title='bbox 378 2420 492 2477; x_wconf 80' lang='lat' dir='ltr'>que</span> <span class='ocrx_word' id='word_1_185' title='bbox 535 2403 716 2466; x_wconf 88' lang='lat' dir='ltr'>habet</span> <span class='ocrx_word' id='word_1_186' title='bbox 759 2407 874 2466; x_wconf 90' lang='lat' dir='ltr'>vim</span> <span class='ocrx_word' id='word_1_187' title='bbox 908 2406 1367 2467; x_wconf 80' lang='lat' dir='ltr'>adversativam.</span> <span class='ocrx_word' id='word_1_188' title='bbox 1436 2406 1510 2467; x_wconf 83' lang='lat' dir='ltr'>of.</span> <span class='ocrx_word' id='word_1_189' title='bbox 1542 2425 1592 2467; x_wconf 86' lang='lat' dir='ltr'>e.</span> <span class='ocrx_word' id='word_1_190' title='bbox 1626 2411 1744 2469; x_wconf 92' lang='grc'>108</span> <span class='ocrx_word' id='word_1_191' title='bbox 1777 2405 1943 2480; x_wconf 88' lang='grc'>(132,</span> <span class='ocrx_word' id='word_1_192' title='bbox 1981 2410 2097 2478; x_wconf 90' lang='grc'>12),</span> <span class='ocrx_word' id='word_1_193' title='bbox 2149 2412 2265 2469; x_wconf 91' lang='grc'>112</span> <span class='ocrx_word' id='word_1_194' title='bbox 2298 2408 2465 2480; x_wconf 88' lang='grc'>(140,</span> <span class='ocrx_word' id='word_1_195' title='bbox 2503 2407 2623 2488; x_wconf 90' lang='lat'>11),</span> 
     </span>
     <span class='ocr_line' id='line_1_22' title="bbox 383 2507 2621 2588; baseline 0.002 -21"><span class='ocrx_word' id='word_1_196' title='bbox 383 2511 500 2567; x_wconf 90' lang='grc'>119</span> <span class='ocrx_word' id='word_1_197' title='bbox 547 2507 714 2584; x_wconf 90' lang='grc'>(156,</span> <span class='ocrx_word' id='word_1_198' title='bbox 744 2507 840 2581; x_wconf 88' lang='grc'>4),</span> <span class='ocrx_word' id='word_1_199' title='bbox 907 2515 1024 2571; x_wconf 87' lang='lat'>123</span> <span class='ocrx_word' id='word_1_200' title='bbox 1071 2508 1238 2588; x_wconf 90' lang='grc'>(165,</span> <span class='ocrx_word' id='word_1_201' title='bbox 1275 2508 1366 2587; x_wconf 89' lang='grc'>1),</span> <span class='ocrx_word' id='word_1_202' title='bbox 1430 2514 1548 2571; x_wconf 91' lang='grc'>125</span> <span class='ocrx_word' id='word_1_203' title='bbox 1597 2510 1764 2588; x_wconf 91' lang='grc'>(172,</span> <span class='ocrx_word' id='word_1_204' title='bbox 1796 2508 1892 2588; x_wconf 91' lang='grc'>5),</span> <span class='ocrx_word' id='word_1_205' title='bbox 1951 2516 2069 2573; x_wconf 90' lang='grc'>132</span> <span class='ocrx_word' id='word_1_206' title='bbox 2115 2513 2282 2584; x_wconf 89' lang='grc'>(185,</span> <span class='ocrx_word' id='word_1_207' title='bbox 2320 2511 2453 2588; x_wconf 92' lang='grc'>10),</span> <span class='ocrx_word' id='word_1_208' title='bbox 2503 2518 2621 2574; x_wconf 87' lang='grc'>140</span> 
     </span>
     <span class='ocr_line' id='line_1_23' title="bbox 378 2601 2622 2690; baseline 0.003 -21"><span class='ocrx_word' id='word_1_209' title='bbox 378 2601 552 2687; x_wconf 90' lang='grc'>(202,</span> <span class='ocrx_word' id='word_1_210' title='bbox 589 2608 707 2682; x_wconf 90' lang='grc'>18).</span> <span class='ocrx_word' id='word_1_211' title='bbox 781 2617 1034 2688; x_wconf 86' lang='lat' dir='ltr'>apparet</span> <span class='ocrx_word' id='word_1_212' title='bbox 1075 2613 1258 2689; x_wconf 84' lang='lat' dir='ltr'>igitur</span> <span class='ocrx_word' id='word_1_213' title='bbox 1301 2613 1462 2672; x_wconf 84' lang='lat' dir='ltr'>huno</span> <span class='ocrx_word' id='word_1_214' title='bbox 1506 2631 1676 2672; x_wconf 88' lang='lat' dir='ltr'>usum</span> <span class='ocrx_word' id='word_1_215' title='bbox 1725 2632 1842 2674; x_wconf 90' lang='lat' dir='ltr'>non</span> <span class='ocrx_word' id='word_1_216' title='bbox 1888 2615 2085 2673; x_wconf 84' lang='lat' dir='ltr'>statim</span> <span class='ocrx_word' id='word_1_217' title='bbox 2132 2620 2268 2690; x_wconf 85' lang='lat' dir='ltr'>post</span> <span class='ocrx_word' id='word_1_218' title='bbox 2299 2616 2450 2675; x_wconf 84' lang='lat' dir='ltr'>Livii</span> <span class='ocrx_word' id='word_1_219' title='bbox 2478 2620 2622 2676; x_wconf 90' lang='lat' dir='ltr'>tem-</span> 
     </span>
     <span class='ocr_line' id='line_1_24' title="bbox 378 2714 2056 2792; baseline 0.002 -23"><span class='ocrx_word' id='word_1_220' title='bbox 378 2730 529 2787; x_wconf 85' lang='lat' dir='ltr'>pora</span> <span class='ocrx_word' id='word_1_221' title='bbox 573 2714 908 2791; x_wconf 81' lang='lat' dir='ltr'>evanuisse,</span> <span class='ocrx_word' id='word_1_222' title='bbox 951 2718 1017 2773; x_wconf 92' lang='lat' dir='ltr'>ut</span> <span class='ocrx_word' id='word_1_223' title='bbox 1060 2719 1233 2791; x_wconf 86' lang='lat' dir='ltr'>putat</span> <span class='ocrx_word' id='word_1_224' title='bbox 1280 2716 1626 2792; x_wconf 83' lang='lat' dir='ltr'>Draegerus</span> <span class='ocrx_word' id='word_1_225' title='bbox 1670 2714 1731 2788; x_wconf 64' lang='grc' dir='ltr'>(ἓ</span> <span class='ocrx_word' id='word_1_226' title='bbox 1764 2718 1903 2787; x_wconf 88' lang='grc'>314,</span> <span class='ocrx_word' id='word_1_227' title='bbox 1942 2719 2056 2785; x_wconf 91' lang='grc'>10).</span> 
     </span>
    </p>
   </div>
   <div class='ocr_carea' id='block_1_3' title="bbox 1173 2866 1820 2938">
    <p class='ocr_par' dir='ltr' id='par_1_5' title="bbox 1173 2866 1820 2938">
     <span class='ocr_line' id='line_1_25' title="bbox 1173 2866 1820 2938; baseline -0.006 -9"><span class='ocrx_word' id='word_1_228' title='bbox 1173 2866 1209 2938; x_wconf 65' lang='grc' dir='ltr'><strong>ἓ</strong></span> <span class='ocrx_word' id='word_1_229' title='bbox 1255 2874 1310 2929; x_wconf 87' lang='grc'>3.</span> <span class='ocrx_word' id='word_1_230' title='bbox 1397 2869 1519 2924; x_wconf 80' lang='lat' dir='ltr'>Ae.</span> <span class='ocrx_word' id='word_1_231' title='bbox 1566 2870 1820 2935; x_wconf 80' lang='lat' dir='ltr'>Atque.</span> 
     </span>
    </p>
   </div>
   <div class='ocr_carea' id='block_1_4' title="bbox 377 2983 2622 3271">
    <p class='ocr_par' dir='ltr' id='par_1_6' title="bbox 377 2983 2622 3271">
     <span class='ocr_line' id='line_1_26' title="bbox 550 2983 2620 3065; baseline 0.003 -23"><span class='ocrx_word' id='word_1_232' title='bbox 550 2983 840 3056; x_wconf 84' lang='lat' dir='ltr'>Quoniam</span> <span class='ocrx_word' id='word_1_233' title='bbox 899 2986 1001 3045; x_wconf 89' lang='lat' dir='ltr'>diu</span> <span class='ocrx_word' id='word_1_234' title='bbox 1057 2986 1424 3063; x_wconf 87' lang='lat' dir='ltr'>disputatum</span> <span class='ocrx_word' id='word_1_235' title='bbox 1486 2993 1610 3065; x_wconf 88' lang='lat' dir='ltr'>est,</span> <span class='ocrx_word' id='word_1_236' title='bbox 1671 3007 1809 3047; x_wconf 88' lang='lat' dir='ltr'>num</span> <span class='ocrx_word' id='word_1_237' title='bbox 1868 3005 1943 3047; x_wconf 80' lang='lat' dir='ltr'>ac</span> <span class='ocrx_word' id='word_1_238' title='bbox 1986 2988 2177 3048; x_wconf 79' lang='lat' dir='ltr'>locum</span> <span class='ocrx_word' id='word_1_239' title='bbox 2225 2990 2440 3049; x_wconf 85' lang='lat' dir='ltr'>habeat</span> <span class='ocrx_word' id='word_1_240' title='bbox 2482 2995 2620 3050; x_wconf 86' lang='lat' dir='ltr'>ante</span> 
     </span>
     <span class='ocr_line' id='line_1_27' title="bbox 377 3086 2621 3167; baseline 0.004 -25"><span class='ocrx_word' id='word_1_241' title='bbox 377 3086 617 3146; x_wconf 83' lang='lat' dir='ltr'>vocales</span> <span class='ocrx_word' id='word_1_242' title='bbox 677 3091 736 3145; x_wconf 89' lang='lat' dir='ltr'>et</span> <span class='ocrx_word' id='word_1_243' title='bbox 779 3086 1033 3146; x_wconf 83' lang='lat' dir='ltr'>litteram</span> <span class='ocrx_word' id='word_1_244' title='bbox 1081 3088 1151 3158; x_wconf 87' lang='lat' dir='ltr'>h,</span> <span class='ocrx_word' id='word_1_245' title='bbox 1220 3088 1277 3147; x_wconf 91' lang='lat' dir='ltr'>id</span> <span class='ocrx_word' id='word_1_246' title='bbox 1327 3089 1589 3149; x_wconf 85' lang='lat' dir='ltr'>breviter</span> <span class='ocrx_word' id='word_1_247' title='bbox 1632 3092 2006 3167; x_wconf 86' lang='lat' dir='ltr'>praemittam</span> <span class='ocrx_word' id='word_1_248' title='bbox 2055 3092 2112 3150; x_wconf 90' lang='lat' dir='ltr'>in</span> <span class='ocrx_word' id='word_1_249' title='bbox 2159 3092 2422 3150; x_wconf 87' lang='lat' dir='ltr'>Petronii</span> <span class='ocrx_word' id='word_1_250' title='bbox 2470 3093 2621 3151; x_wconf 90' lang='lat' dir='ltr'>libro</span> 
     </span>
     <span class='ocr_line' id='line_1_28' title="bbox 377 3189 2622 3271; baseline 0.004 -27"><span class='ocrx_word' id='word_1_251' title='bbox 377 3202 454 3245; x_wconf 84' lang='lat' dir='ltr'>ac</span> <span class='ocrx_word' id='word_1_252' title='bbox 517 3205 819 3265; x_wconf 86' lang='lat' dir='ltr'>nunquam</span> <span class='ocrx_word' id='word_1_253' title='bbox 880 3189 1022 3267; x_wconf 90' lang='lat' dir='ltr'>poni</span> <span class='ocrx_word' id='word_1_254' title='bbox 1082 3195 1223 3248; x_wconf 88' lang='lat' dir='ltr'>ante</span> <span class='ocrx_word' id='word_1_255' title='bbox 1283 3191 1521 3250; x_wconf 79' lang='lat' dir='ltr'>vocales</span> <span class='ocrx_word' id='word_1_256' title='bbox 1589 3191 1683 3251; x_wconf 86' lang='lat' dir='ltr'>vel</span> <span class='ocrx_word' id='word_1_257' title='bbox 1750 3199 1891 3252; x_wconf 86' lang='lat' dir='ltr'>ante</span> <span class='ocrx_word' id='word_1_258' title='bbox 1958 3211 2253 3251; x_wconf 83' lang='lat' dir='ltr'>consonas</span> <span class='ocrx_word' id='word_1_259' title='bbox 2321 3194 2358 3251; x_wconf 80' lang='lat' dir='ltr'>h</span> <span class='ocrx_word' id='word_1_260' title='bbox 2405 3212 2438 3252; x_wconf 85' lang='lat' dir='ltr'>e</span> <span class='ocrx_word' id='word_1_261' title='bbox 2480 3213 2520 3269; x_wconf 86' lang='lat' dir='ltr'>g</span> <span class='ocrx_word' id='word_1_262' title='bbox 2564 3213 2622 3271; x_wconf 89' lang='lat' dir='ltr'>q.</span> 
     </span>
    </p>
   </div>
   <div class='ocr_carea' id='block_1_5' title="bbox 374 3292 2685 4326">
    <p class='ocr_par' dir='ltr' id='par_1_7' title="bbox 374 3292 2685 4068">
     <span class='ocr_line' id='line_1_29' title="bbox 376 3292 2685 3368; baseline 0.003 -20"><span class='ocrx_word' id='word_1_263' title='bbox 376 3293 559 3363; x_wconf 78' lang='lat' dir='ltr'>alque</span> <span class='ocrx_word' id='word_1_264' title='bbox 615 3295 811 3350; x_wconf 88' lang='lat' dir='ltr'>autem</span> <span class='ocrx_word' id='word_1_265' title='bbox 875 3311 991 3351; x_wconf 89' lang='lat' dir='ltr'>non</span> <span class='ocrx_word' id='word_1_266' title='bbox 1052 3292 1293 3368; x_wconf 86' lang='lat' dir='ltr'>ponitur</span> <span class='ocrx_word' id='word_1_267' title='bbox 1354 3295 1464 3353; x_wconf 92' lang='lat' dir='ltr'>nisi</span> <span class='ocrx_word' id='word_1_268' title='bbox 1527 3299 1665 3353; x_wconf 86' lang='lat' dir='ltr'>ante</span> <span class='ocrx_word' id='word_1_269' title='bbox 1725 3295 1963 3355; x_wconf 83' lang='lat' dir='ltr'>vocales</span> <span class='ocrx_word' id='word_1_270' title='bbox 2019 3300 2080 3354; x_wconf 85' lang='lat' dir='ltr'>et</span> <span class='ocrx_word' id='word_1_271' title='bbox 2131 3298 2269 3354; x_wconf 89' lang='lat' dir='ltr'>ante</span> <span class='ocrx_word' id='word_1_272' title='bbox 2328 3314 2622 3356; x_wconf 81' lang='lat' dir='ltr'>consonas</span> <span class='ocrx_word' id='word_1_273' title='bbox 2681 3324 2685 3327; x_wconf 47' lang='lat'><strong>⁴</strong></span> 
     </span>
     <span class='ocr_line' id='line_1_30' title="bbox 378 3390 707 3464; baseline 0 -14"><span class='ocrx_word' id='word_1_274' title='bbox 378 3411 410 3450; x_wconf 86' lang='lat' dir='ltr'>e</span> <span class='ocrx_word' id='word_1_275' title='bbox 456 3397 517 3452; x_wconf 92' lang='lat' dir='ltr'>et</span> <span class='ocrx_word' id='word_1_276' title='bbox 562 3390 707 3464; x_wconf 81' lang='lat' dir='ltr'>h.2⁰)</span> 
     </span>
     <span class='ocr_line' id='line_1_31' title="bbox 553 3572 2620 3643; baseline 0.001 -16"><span class='ocrx_word' id='word_1_277' title='bbox 553 3576 614 3638; x_wconf 86' lang='lat'>¹⁹)</span> <span class='ocrx_word' id='word_1_278' title='bbox 669 3573 829 3638; x_wconf 84' lang='lat' dir='ltr'>Quod</span> <span class='ocrx_word' id='word_1_279' title='bbox 866 3572 1183 3641; x_wconf 83' lang='lat' dir='ltr'>Draegerus</span> <span class='ocrx_word' id='word_1_280' title='bbox 1219 3575 1291 3642; x_wconf 51' lang='grc' dir='ltr'>,ᾧ</span> <span class='ocrx_word' id='word_1_281' title='bbox 1325 3579 1452 3642; x_wconf 75' lang='grc'>311,</span> <span class='ocrx_word' id='word_1_282' title='bbox 1492 3578 1547 3638; x_wconf 85' lang='grc'>5)</span> <span class='ocrx_word' id='word_1_283' title='bbox 1606 3573 1714 3628; x_wconf 87' lang='lat' dir='ltr'>hue</span> <span class='ocrx_word' id='word_1_284' title='bbox 1764 3575 2039 3643; x_wconf 89' lang='lat' dir='ltr'>pertinere</span> <span class='ocrx_word' id='word_1_285' title='bbox 2088 3581 2252 3643; x_wconf 80' lang='lat' dir='ltr'>putat</span> <span class='ocrx_word' id='word_1_286' title='bbox 2286 3576 2465 3630; x_wconf 81' lang='lat' dir='ltr'>locum</span> <span class='ocrx_word' id='word_1_287' title='bbox 2503 3592 2552 3630; x_wconf 83' lang='lat' dir='ltr'>o.</span> <span class='ocrx_word' id='word_1_288' title='bbox 2589 3581 2620 3630; x_wconf 83' lang='lat'>2</span> 
     </span>
     <span class='ocr_line' id='line_1_32' title="bbox 374 3657 2621 3730; baseline 0.002 -20"><span class='ocrx_word' id='word_1_289' title='bbox 374 3663 448 3725; x_wconf 81' lang='grc'>(4,</span> <span class='ocrx_word' id='word_1_290' title='bbox 485 3667 541 3710; x_wconf 67' lang='grc' dir='ltr'>δε</span> <span class='ocrx_word' id='word_1_291' title='bbox 598 3657 889 3712; x_wconf 76' lang='lat' dir='ltr'>Pindarus</span> <span class='ocrx_word' id='word_1_292' title='bbox 924 3674 1229 3728; x_wconf 78' lang='lat' dir='ltr'>novemque</span> <span class='ocrx_word' id='word_1_293' title='bbox 1263 3659 1446 3730; x_wconf 75' lang='lat' dir='ltr'>lyrici)</span> <span class='ocrx_word' id='word_1_294' title='bbox 1482 3657 1683 3712; x_wconf 84' lang='lat' dir='ltr'>falsum</span> <span class='ocrx_word' id='word_1_295' title='bbox 1723 3660 1977 3727; x_wconf 86' lang='lat' dir='ltr'>videtur,</span> <span class='ocrx_word' id='word_1_296' title='bbox 2032 3661 2164 3729; x_wconf 84' lang='lat' dir='ltr'>quia</span> <span class='ocrx_word' id='word_1_297' title='bbox 2199 3662 2472 3715; x_wconf 85' lang='lat' dir='ltr'>Pindarus</span> <span class='ocrx_word' id='word_1_298' title='bbox 2509 3678 2621 3714; x_wconf 85' lang='lat' dir='ltr'>non</span> 
     </span>
     <span class='ocr_line' id='line_1_33' title="bbox 376 3743 2620 3814; baseline 0.003 -19"><span class='ocrx_word' id='word_1_299' title='bbox 376 3758 523 3796; x_wconf 88' lang='lat' dir='ltr'>unus</span> <span class='ocrx_word' id='word_1_300' title='bbox 568 3757 599 3796; x_wconf 87' lang='lat' dir='ltr'>e</span> <span class='ocrx_word' id='word_1_301' title='bbox 645 3758 846 3796; x_wconf 87' lang='lat' dir='ltr'>novem</span> <span class='ocrx_word' id='word_1_302' title='bbox 903 3743 1015 3797; x_wconf 82' lang='lat' dir='ltr'>illis</span> <span class='ocrx_word' id='word_1_303' title='bbox 1075 3743 1263 3814; x_wconf 79' lang='lat' dir='ltr'>lyricis</span> <span class='ocrx_word' id='word_1_304' title='bbox 1311 3750 1423 3812; x_wconf 82' lang='lat' dir='ltr'>est,</span> <span class='ocrx_word' id='word_1_305' title='bbox 1485 3744 1587 3797; x_wconf 85' lang='lat' dir='ltr'>sed</span> <span class='ocrx_word' id='word_1_306' title='bbox 1646 3761 1852 3799; x_wconf 81' lang='lat' dir='ltr'>novum</span> <span class='ocrx_word' id='word_1_307' title='bbox 1912 3757 2134 3813; x_wconf 82' lang='lat' dir='ltr'>praeter</span> <span class='ocrx_word' id='word_1_308' title='bbox 2192 3761 2315 3800; x_wconf 88' lang='lat' dir='ltr'>eum</span> <span class='ocrx_word' id='word_1_309' title='bbox 2378 3747 2620 3801; x_wconf 82' lang='lat' dir='ltr'>suerunt.</span> 
     </span>
     <span class='ocr_line' id='line_1_34' title="bbox 375 3828 2620 3903; baseline 0.003 -23"><span class='ocrx_word' id='word_1_310' title='bbox 375 3834 635 3896; x_wconf 86' lang='lat' dir='ltr'>spectant</span> <span class='ocrx_word' id='word_1_311' title='bbox 667 3835 849 3881; x_wconf 80' lang='lat' dir='ltr'>autem</span> <span class='ocrx_word' id='word_1_312' title='bbox 889 3828 1062 3882; x_wconf 85' lang='lat' dir='ltr'>verba</span> <span class='ocrx_word' id='word_1_313' title='bbox 1097 3829 1385 3882; x_wconf 79' lang='lat' dir='ltr'>Pindarus</span> <span class='ocrx_word' id='word_1_314' title='bbox 1421 3846 1757 3900; x_wconf 75' lang='lat' dir='ltr'>novemque</span> <span class='ocrx_word' id='word_1_315' title='bbox 1802 3830 1964 3902; x_wconf 55' lang='lat' dir='ltr'>lyrici</span> <span class='ocrx_word' id='word_1_316' title='bbox 1996 3830 2066 3883; x_wconf 82' lang='lat' dir='ltr'>ad</span> <span class='ocrx_word' id='word_1_317' title='bbox 2106 3831 2274 3884; x_wconf 84' lang='lat' dir='ltr'>verba</span> <span class='ocrx_word' id='word_1_318' title='bbox 2310 3830 2620 3903; x_wconf 77' lang='lat' dir='ltr'>Sophocles</span> 
     </span>
     <span class='ocr_line' id='line_1_35' title="bbox 375 3912 2616 3984; baseline 0.002 -17"><span class='ocrx_word' id='word_1_319' title='bbox 375 3920 489 3968; x_wconf 78' lang='lat' dir='ltr'>aut</span> <span class='ocrx_word' id='word_1_320' title='bbox 530 3912 831 3983; x_wconf 74' lang='lat' dir='ltr'>Euripides</span> <span class='ocrx_word' id='word_1_321' title='bbox 884 3913 941 3966; x_wconf 90' lang='lat' dir='ltr'>iu</span> <span class='ocrx_word' id='word_1_322' title='bbox 991 3916 1360 3983; x_wconf 81' lang='lat' dir='ltr'>praecedente</span> <span class='ocrx_word' id='word_1_323' title='bbox 1397 3916 1703 3981; x_wconf 84' lang='lat' dir='ltr'>sententia,</span> <span class='ocrx_word' id='word_1_324' title='bbox 1755 3916 1825 3969; x_wconf 85' lang='lat' dir='ltr'>de</span> <span class='ocrx_word' id='word_1_325' title='bbox 1864 3932 1979 3983; x_wconf 84' lang='lat' dir='ltr'>quo</span> <span class='ocrx_word' id='word_1_326' title='bbox 2018 3933 2122 3970; x_wconf 89' lang='lat' dir='ltr'>usu</span> <span class='ocrx_word' id='word_1_327' title='bbox 2173 3915 2244 3970; x_wconf 78' lang='lat' dir='ltr'>ef.</span> <span class='ocrx_word' id='word_1_328' title='bbox 2272 3916 2458 3984; x_wconf 71' lang='lat' dir='ltr'>Spina</span> <span class='ocrx_word' id='word_1_329' title='bbox 2500 3917 2531 3971; x_wconf 89' lang='lat' dir='ltr'>l.</span> <span class='ocrx_word' id='word_1_330' title='bbox 2569 3933 2616 3971; x_wconf 86' lang='lat' dir='ltr'>e.</span> 
     </span>
     <span class='ocr_line' id='line_1_36' title="bbox 376 4002 636 4068; baseline 0 -15"><span class='ocrx_word' id='word_1_331' title='bbox 376 4016 430 4068; x_wconf 88' lang='lat' dir='ltr'>p.</span> <span class='ocrx_word' id='word_1_332' title='bbox 468 4002 550 4062; x_wconf 81' lang='lat'>32,</span> <span class='ocrx_word' id='word_1_333' title='bbox 588 4005 636 4053; x_wconf 83' lang='lat'>3.</span> 
     </span>
    </p>

    <p class='ocr_par' dir='ltr' id='par_1_8' title="bbox 374 4085 2619 4326">
     <span class='ocr_line' id='line_1_37' title="bbox 546 4085 2618 4157; baseline 0.002 -19"><span class='ocrx_word' id='word_1_334' title='bbox 546 4087 613 4147; x_wconf 67' lang='lat'>2⁰)</span> <span class='ocrx_word' id='word_1_335' title='bbox 667 4085 771 4138; x_wconf 88' lang='lat' dir='ltr'>Per</span> <span class='ocrx_word' id='word_1_336' title='bbox 806 4099 866 4138; x_wconf 87' lang='lat' dir='ltr'>se</span> <span class='ocrx_word' id='word_1_337' title='bbox 902 4091 1138 4152; x_wconf 84' lang='lat' dir='ltr'>apparet</span> <span class='ocrx_word' id='word_1_338' title='bbox 1172 4085 1533 4153; x_wconf 79' lang='lat' dir='ltr'>excipiendos</span> <span class='ocrx_word' id='word_1_339' title='bbox 1571 4102 1698 4140; x_wconf 85' lang='lat' dir='ltr'>esse</span> <span class='ocrx_word' id='word_1_340' title='bbox 1736 4087 1891 4140; x_wconf 79' lang='lat' dir='ltr'>locos</span> <span class='ocrx_word' id='word_1_341' title='bbox 1930 4088 2205 4155; x_wconf 78' lang='lat' dir='ltr'>poeticos,</span> <span class='ocrx_word' id='word_1_342' title='bbox 2245 4087 2340 4140; x_wconf 84' lang='lat' dir='ltr'>ubi</span> <span class='ocrx_word' id='word_1_343' title='bbox 2377 4088 2618 4157; x_wconf 79' lang='lat' dir='ltr'>scriptor</span> 
     </span>
     <span class='ocr_line' id='line_1_38' title="bbox 374 4170 2619 4240; baseline 0.002 -19"><span class='ocrx_word' id='word_1_344' title='bbox 374 4170 532 4222; x_wconf 87' lang='lat' dir='ltr'>metri</span> <span class='ocrx_word' id='word_1_345' title='bbox 569 4185 736 4222; x_wconf 81' lang='lat' dir='ltr'>eausa</span> <span class='ocrx_word' id='word_1_346' title='bbox 770 4175 938 4238; x_wconf 79' lang='lat' dir='ltr'>atque</span> <span class='ocrx_word' id='word_1_347' title='bbox 973 4170 1137 4222; x_wconf 86' lang='lat' dir='ltr'>etiam</span> <span class='ocrx_word' id='word_1_348' title='bbox 1175 4176 1305 4222; x_wconf 87' lang='lat' dir='ltr'>ante</span> <span class='ocrx_word' id='word_1_349' title='bbox 1341 4187 1619 4224; x_wconf 80' lang='lat' dir='ltr'>consonas</span> <span class='ocrx_word' id='word_1_350' title='bbox 1663 4171 1903 4225; x_wconf 81' lang='lat' dir='ltr'>admisit.</span> <span class='ocrx_word' id='word_1_351' title='bbox 1976 4170 2047 4224; x_wconf 84' lang='lat' dir='ltr'>cf.</span> <span class='ocrx_word' id='word_1_352' title='bbox 2084 4187 2131 4225; x_wconf 87' lang='lat' dir='ltr'>e.</span> <span class='ocrx_word' id='word_1_353' title='bbox 2177 4177 2270 4225; x_wconf 86' lang='grc'>119</span> <span class='ocrx_word' id='word_1_354' title='bbox 2331 4178 2474 4238; x_wconf 78' lang='grc'>(155,</span> <span class='ocrx_word' id='word_1_355' title='bbox 2519 4177 2619 4240; x_wconf 79' lang='grc'>10),</span> 
     </span>
     <span class='ocr_line' id='line_1_39' title="bbox 381 4257 2615 4326; baseline 0.002 -17"><span class='ocrx_word' id='word_1_356' title='bbox 381 4257 475 4309; x_wconf 81' lang='grc'>124</span> <span class='ocrx_word' id='word_1_357' title='bbox 507 4257 649 4323; x_wconf 76' lang='grc'>(168,</span> <span class='ocrx_word' id='word_1_358' title='bbox 692 4259 791 4321; x_wconf 87' lang='grc'>13),</span> <span class='ocrx_word' id='word_1_359' title='bbox 843 4258 936 4309; x_wconf 77' lang='grc'>124</span> <span class='ocrx_word' id='word_1_360' title='bbox 972 4259 1116 4325; x_wconf 78' lang='grc'>(169,</span> <span class='ocrx_word' id='word_1_361' title='bbox 1141 4260 1225 4323; x_wconf 70' lang='grc'>7).</span> <span class='ocrx_word' id='word_1_362' title='bbox 1296 4257 1357 4310; x_wconf 85' lang='lat' dir='ltr'>in</span> <span class='ocrx_word' id='word_1_363' title='bbox 1402 4257 1650 4326; x_wconf 77' lang='lat' dir='ltr'>pedestri</span> <span class='ocrx_word' id='word_1_364' title='bbox 1686 4257 1933 4313; x_wconf 80' lang='lat' dir='ltr'>oratione</span> <span class='ocrx_word' id='word_1_365' title='bbox 1973 4273 2142 4311; x_wconf 85' lang='lat' dir='ltr'>unum</span> <span class='ocrx_word' id='word_1_366' title='bbox 2180 4265 2396 4312; x_wconf 85' lang='lat' dir='ltr'>tantum</span> <span class='ocrx_word' id='word_1_367' title='bbox 2432 4259 2615 4314; x_wconf 75' lang='lat' dir='ltr'>locum</span> 
     </span>
    </p>
   </div>
  </div>
 </body>
</html>
