3166 4871
2528 294 2651 356 419

413 474 814 549 susciperent;
880 477 1074 533 tamen
1142 475 1336 531 utrum
1400 471 1714 549 primipilis
1767 474 1977 531 iterum
2027 490 2096 530 ea
2138 470 2229 530 bis
2273 470 2412 530 data
2459 490 2532 530 an
2579 471 2650 529 iis

415 576 515 652 qui
562 593 747 652 supra
792 576 1216 652 primipilatum
1275 593 1405 634 sese
1462 575 1633 636 evehi
1681 575 1908 635 vellent
1953 576 2008 634 in
2060 575 2247 652 primo
2291 574 2649 652 primipilatu

413 677 654 738 omnino
701 697 817 738 non
865 678 1008 738 data
1053 696 1182 738 esse
1227 679 1545 755 putemus?

582 782 916 857 Utrumque
981 781 1116 840 mihi
1182 780 1521 855 negandum
1585 798 1717 839 esse
1772 780 2011 839 videtur
2074 785 2132 839 et
2175 779 2293 839 alia
2335 781 2488 839 ratio
2534 785 2650 840 sta·

411 882 665 954 tuenda,
731 901 838 942 cur
898 883 1328 960 primipilatum
1387 882 1471 941 illi
1536 882 1911 953 iteraverint3
1981 882 2062 942 ad
2122 900 2299 958 quam
2361 883 2649 943 rationem

410 985 597 1061 probe
658 986 1117 1062 intellegendam
1179 987 1433 1046 alterum
1498 986 1677 1063 illud,
1754 985 1914 1062 quod
1979 987 2378 1045 Mommsenus
2434 986 2654 1063 posuit,

411 1088 739 1166 primipilos
798 1091 1011 1149 iterum
1073 1108 1189 1149 non
1243 1090 1299 1149 in
1350 1108 1637 1149 numeros
1697 1090 1946 1164 relatos,
2010 1088 2114 1149 sed
2175 1088 2371 1148 statim
2420 1109 2492 1149 ex
2538 1074 2672 1148 boc*

411 1190 604 1269 gradu
652 1191 924 1252 dimissos
970 1210 1118 1268 esse,
1165 1191 1343 1268 paulo
1391 1191 1732 1251 accuratius
1777 1191 2198 1268 inquirendum
2244 1190 2498 1250 videtur.

582 1296 983 1353 Mommsenus
1027 1298 1312 1370 quattuor
1360 1296 1536 1353 affert
1578 1294 1810 1369 titulos,
1857 1294 1919 1353 C.
1961 1294 2001 1352 Ι.
2035 1294 2100 1353 L.
2149 1294 2216 1351 V.
2260 1297 2402 1354 867.
2469 1294 2651 1355 Orelli

416 1399 510 1456 74.
559 1389 803 1456 Henze'n
839 1400 1023 1457 5456.
1056 1398 1239 1472 6938,
1286 1398 1385 1472 qui
1428 1413 1634 1456 omnes
1679 1395 1971 1470 legionem
2018 1395 2413 1472 primipilatus
2458 1396 2653 1455 iterati

414 1500 725 1574 omittunt,
790 1517 920 1557 cum
969 1500 1187 1574 prioris
1232 1499 1570 1566 enuntient;
1632 1498 1790 1574 fugit
1836 1516 1970 1557 eum
2023 1498 2390 1573 „primipilus
2437 1499 2650 1557 iterum

412 1600 542 1676 leg.
589 1601 728 1659 XVI
775 1601 889 1660 Ga.
930 1599 1033 1669 (9).
1125 1601 1479 1676 Complures
1508 1607 1706 1659 autem
1740 1601 1892 1659 tituli
1932 1601 2338 1674 inveniuntur,
2383 1601 2485 1677 qui
2519 1618 2648 1659 cum

411 1703 468 1763 in
521 1704 765 1778 reliquis
819 1703 1164 1762 muneribus
1218 1702 1570 1762 militaribus
1619 1702 1911 1778 legionem
1961 1703 2293 1777 nominent,
2353 1703 2408 1761 in
2456 1703 2652 1779 primi-

412 1806 599 1882 pilatu
632 1802 1019 1880 omittant&
1067 1804 1309 1874 accedit,
1359 1805 1518 1880 quod
1569 1809 1635 1863 nt
1680 1805 1820 1863 mihi
1867 1804 2102 1880 quidem
2153 1822 2499 1879 persuasum
2545 1811 2654 1876 est,

411 1908 469 1967 in
505 1906 738 1965 duobus
770 1906 954 1965 titulis
999 1924 1041 1964 s.
1075 1925 1120 1965 s.
1168 1907 1291 1972 (13.
1327 1903 1431 1979 14)
1476 1925 1581 1965 eae
1631 1906 1915 1983 legiones,
1961 1924 2207 1982 quarum
2257 1905 2542 1982 praefecti
2578 1926 2652 1966 ex

411 2008 878 2086 primipilaribus
899 2008 1038 2066 facti
1063 2015 1253 2084 crant,
1275 2009 1447 2067 etiam
1476 2007 1576 2077 „ad
1605 2027 1659 2083 p.
1672 2027 1726 2083 p.
1747 2009 1986 2067 iterum“
2012 2008 2386 2084 supplendae
2409 2006 2653 2082 sunt.⁴⁸)

584 2112 774 2184 Quam
835 2113 910 2171 ob
980 2131 1104 2171 rem
1177 2113 1283 2170 bos
1348 2112 1553 2171 titulos
1617 2111 1792 2187 paulo
1856 2112 2254 2186 negligentius
2328 2117 2653 2188 conceptos

412 2234 541 2274 esse
586 2215 875 2290 suspicari
924 2215 1061 2273 licet
1107 2233 1220 2273 nec
1282 2215 1649 2273 Mommseno
1712 2214 2152 2274 assentiendum
2212 2215 2474 2285 videtur,
2550 2217 2652 2293 qui

413 2316 744 2395 primipilos
803 2318 1015 2376 iterum
1082 2318 1433 2376 honorarios
1493 2324 1726 2376 tantum
1783 2316 1967 2376 fuisse
2014 2322 2232 2376 censet.
2323 2319 2504 2378 Immo
2551 2336 2654 2380 eos

410 2419 710 2497 stipendia
755 2419 1079 2495 legionaris
1128 2418 1326 2480 denuo
1363 2420 1719 2498 suscepisse,
1763 2418 2153 2497 imperatores
2183 2425 2379 2481 autem
2412 2441 2482 2482 eo
2515 2441 2655 2482 con-

409 2524 540 2582 silio
599 2523 712 2583 boc
776 2524 1097 2583 instituisse
1158 2524 1485 2583 verisimile
1531 2532 1648 2594 est,
1708 2527 1771 2582 ut
1820 2524 2153 2597 legionibus
2214 2526 2550 2601 peritissimi
2596 2531 2656 2585 et

411 2626 788 2686 multitudine
824 2619 1279 2703 ‘stipendiorum
1345 2628 1828 2686 exercitatissimi
1893 2625 2174 2687 ductores
2238 2628 2656 2691 redderentur:

412 2727 573 2806 quod
620 2730 822 2789 nescio
867 2747 941 2787 an
991 2730 1312 2805 praecipue
1360 2728 1585 2788 factum
1634 2731 1710 2788 sit
1752 2731 1807 2787 in
1842 2728 2192 2805 legionibus,
2236 2748 2488 2806 quarum
2522 2750 2656 2790 cen-

410 2831 677 2889 turiones
707 2831 871 2905 pacis
902 2830 1294 2890 diuturnitate
1340 2830 1439 2889 vel
1488 2831 1704 2907 quavis
1735 2830 1847 2889 alia
1892 2849 2072 2889 causa
2118 2831 2428 2907 depravati
2468 2838 2657 2910 erant,

408 2932 491 2992 ita
537 2937 603 2992 ut
656 2932 951 3008 primipilo
994 2932 1209 2990 iterum
1260 2930 1673 2990 difficillimum
1724 2931 1979 3007 quidem,
2025 2931 2130 2990 sed
2177 2931 2654 2992 honestissimum

411 3034 665 3094 officium
727 3034 1139 3093 centurionum
1188 3032 1417 3092 ordinis
1464 3034 1633 3109 quasi
1683 3033 1996 3092 recreandi
2044 3034 2392 3109 obtingeret.
2482 3035 2656 3094 Certe

411 3134 685 3213 equidem
734 3154 806 3194 ne
857 3135 1202 3195 Mommseni
1250 3134 1490 3211 quidem
1539 3136 1898 3194 auctoritate
1942 3134 2226 3209 adducor,
2271 3137 2450 3195 talem
2492 3136 2654 3195 insti·

372 3236 695 3298 'tutionem
738 3256 932 3297 vanae
971 3238 1189 3313 speciei
1236 3254 1417 3296 causa
1465 3236 1762 3295 conditam
1811 3254 1961 3295 esse.
2051 3235 2206 3310 Quid
2257 3239 2408 3296 enim
2458 3238 2654 3314 primi·

410 3341 658 3418 pilatum
708 3342 1085 3401 honorarium
1134 3340 1317 3399 fuisse
1363 3340 1690 3414 putemus?
2627 3324 2628 3327 Ἴ

582 3443 853 3504 Officium
922 3442 1163 3518 aliquod
1236 3442 1419 3518 idque
1508 3442 1823 3501 molestum
1903 3461 2019 3501 non
2101 3444 2382 3502 bonorem
2464 3443 2650 3502 solum

412 3563 545 3605 cum
606 3547 817 3606 iterato
875 3547 1239 3623 primipilatu
1298 3545 1684 3621 conjunctum
1732 3544 1947 3623 fuisse,
2009 3548 2335 3622 praecipue
2382 3546 2653 3623 amplitu-

410 3647 548 3707 dine
604 3649 1071 3721 commodorum,
1118 3666 1274 3724 qnae
1320 3665 1451 3706 eum
1500 3648 1945 3723 sequebantur,
1992 3648 2442 3724 comprobatur;
2506 3648 2654 3706 haec

411 3750 720 3811 commoda
777 3769 908 3810 cum
974 3770 1091 3809 non
1155 3769 1225 3809 ea
1284 3757 1517 3827 essent,
1573 3768 1731 3826 quae
1778 3750 2144 3825 simplicibus
2189 3749 2655 3827 primipilaribus

411 3853 539 3912 dari
587 3854 862 3914 solebant
907 3851 985 3926 (v.
1031 3852 1237 3930 supra)
1284 3857 1485 3929 restat,
1533 3856 1598 3912 ut
1643 3854 1987 3913 accuratius
2034 3870 2409 3931 quaeramus,
2454 3852 2656 3929 qualia

411 3972 481 4015 ea
524 3954 763 4014 fuerint.

581 4107 648 4168 ⁴⁷)
684 4102 744 4156 C.
781 4102 823 4155 1.
861 4104 922 4155 L.
960 4100 1030 4154 ΙΙ.
1069 4105 1216 4155 4461.
1258 4104 1406 4153 4463.
1478 4099 1709 4154 Henzen
1746 4106 1893 4154 6553.

579 4191 646 4251 ⁴⁸)
683 4187 752 4240 de
797 4186 1010 4239 ratione
1056 4201 1198 4253 quae
1247 4185 1389 4239 inter
1428 4185 1824 4253 primipilatum
1863 4186 2117 4239 iteratum
2156 4190 2214 4237 et
2249 4180 2654 4252 praefecturam

409 4272 515 4341 leg.
554 4271 951 4337 intercesserit,
990 4287 1040 4324 v.
1078 4270 1239 4325 infra.
