3166 4871
2499 298 2625 358 243

391 477 783 553 perspicitur,
841 476 1004 554 quod
1067 496 1184 537 non
1243 476 1476 537 dubitat
1534 475 1733 534 dicere
1788 473 2088 535 historiam
2137 480 2343 550 generi
2387 478 2625 539 demon-

389 578 640 639 strativo
688 578 922 640 dicendi
977 598 1099 640 una
1144 598 1276 640 cnm
1322 577 1764 638 laudationibus
1818 580 1924 636 aut
1968 577 2147 654 plane
2189 579 2624 641 attribuendam

387 685 492 740 aut
551 681 878 758 proximam
942 700 1089 742 esse.
1193 680 1469 742 Affirmat
1511 681 1667 740 enim
1720 698 1806 739 or.
1851 683 1962 741 66:
2021 680 2210 758 „Huic
2254 682 2499 760 generi“
2542 714 2625 723 -—

388 784 459 858 ei,
503 801 623 859 quo
669 784 971 860 sophistae
1016 787 1268 844 utuntur
1311 814 1398 824 —
1440 783 1723 860 „historia
1765 781 2011 841 finitima
2055 775 2180 842 est“
2225 790 2285 843 et
2314 784 2452 844 ibid.
2477 789 2626 847 207:

386 886 580 962 „Ergo
637 886 695 944 iu
758 886 914 961 aliis,
981 885 1038 945 id
1102 890 1191 946 est
1242 887 1301 945 in
1361 885 1608 945 historia
1663 889 1723 944 et
1767 885 1825 943 in
1872 902 1975 961 eo,
2041 885 2203 962 quod
2248 888 2626 965 appellamus

387 977 870 1059 ἐπιδεικτικόν,
957 989 1153 1067 placet
1241 989 1439 1049 omnia
1512 987 1628 1047 dici
1701 987 2001 1046 Isocrateo
2075 988 2625 1068 Theopompeoque

386 1088 600 1149 more.“
626 1087 704 1161 ⁴⁰)
807 1089 1051 1151 Omnem
1112 1096 1309 1150 autem
1370 1089 1798 1150 dubitationem
1856 1092 2125 1149 removet
2182 1090 2350 1151 locus
2408 1093 2506 1152 ille
2550 1093 2623 1154 de

385 1194 542 1270 legg.
593 1199 645 1269 1,
692 1196 746 1269 5,
808 1195 906 1254 ubi
954 1194 1189 1254 Atticus
1247 1212 1378 1253 cum
1428 1193 1718 1254 Cicerone
1779 1192 2132 1268 colloquens
2189 1200 2397 1271 aperte
2454 1195 2624 1255 dicit:

387 1295 666 1373 „Quippe
724 1314 857 1355 cum
919 1296 1212 1369 (historia)
1264 1296 1343 1355 sit
1400 1312 1579 1372 opus,
1642 1299 1709 1354 ut
1768 1293 1873 1353 tibi
1930 1293 2173 1372 quidem
2237 1295 2427 1356 videri
2472 1298 2624 1358 solet

384 1415 565 1457 unum
612 1399 727 1457 hoc
757 1399 1082 1459 oratorium
1131 1397 1426 1458 maxime.“
1514 1395 1719 1470 Quid?
1792 1396 1974 1474 quod,
2027 1415 2388 1476 quamquam
2435 1401 2620 1459 nesci-

383 1500 469 1559 vit
512 1518 796 1559 summam
843 1501 1126 1560 historiae
1175 1501 1366 1578 legem
1415 1517 1546 1559 esse
1592 1500 1937 1573 veritatem,
1980 1503 2178 1559 tamen
2226 1518 2343 1560 non
2391 1500 2625 1562 dubitat

383 1602 643 1679 Luccejo
691 1603 802 1663 hoc
847 1602 1104 1663 scribere
1151 1602 1251 1675 (ad
1283 1601 1421 1662 fam.
1452 1605 1508 1677 5,
1543 1605 1642 1678 12,
1675 1598 1774 1674 3):
1826 1602 1951 1673 „Te
1997 1602 2171 1679 plane
2216 1603 2391 1662 etiam
2438 1607 2622 1682 atque

382 1704 554 1763 etiam
603 1723 770 1783 rogo,
817 1710 882 1766 ut
912 1711 971 1765 et
999 1724 1177 1766 ornes
1209 1702 1316 1765 ea“
1368 1704 1555 1777 (facta
1586 1721 1699 1764 sua
1728 1701 1895 1775 dicit)
1948 1704 2399 1775 „vehementius
2429 1706 2623 1783 etiam,

382 1825 557 1884 quam
617 1807 875 1868 fortasse
921 1809 1125 1886 sentis,
1169 1852 1183 1867 .
1217 1853 1227 1864 .
1259 1851 1273 1866 .
1305 1851 1321 1867 .
1365 1808 1672 1883 amorique
1727 1810 1934 1866 nostro
2006 1807 2349 1883 plusculum
2425 1809 2620 1884 etiam,

382 1927 554 1986 quam
618 1909 909 1969 concedet
968 1911 1219 1979 veritas,
1283 1905 1701 1986 largiare.“⁴¹)
1802 1908 1876 1966 Et
1919 1926 2280 1986 quamquam
2330 1906 2387 1968 d.
2430 1928 2516 1969 οι·.
2563 1915 2619 1987 2,

382 2016 460 2073 62
508 2016 564 2072 et
612 2017 692 2074 63
737 2013 1061 2072 Antonium
1109 2011 1398 2072 nonnulla
1443 2011 1603 2070 haud
1648 2010 1851 2087 inepte
1898 2009 1973 2069 de
2018 2011 2143 2069 veri
2190 2028 2389 2071 rerum
2435 2013 2619 2090 scrip-

379 2116 523 2175 toris
569 2113 779 2176 officiis
825 2113 1225 2191 proferentem
1273 2113 1525 2184 inducit,
1587 2120 1782 2173 tamen
1830 2130 2025 2189 neque
2072 2114 2185 2173 hoc
2230 2114 2363 2173 loco
2421 2133 2618 2193 neque

379 2218 567 2277 altero
615 2218 735 2295 illo,
780 2235 899 2295 quo
946 2216 1021 2276 de
1067 2215 1179 2276 hac
1222 2234 1288 2276 re
1335 2217 1536 2292 agitur
1582 2214 1683 2287 (de
1716 2215 1869 2290 legg.
1920 2219 1971 2289 1,
2019 2219 2054 2274 6
2101 2212 2274 2293 sqq.)‚
2319 2218 2618 2295 expressis

379 2319 578 2379 verbis
623 2320 846 2380 indicat
891 2337 954 2379 se
997 2318 1154 2378 haud
1189 2320 1516 2395 ignorasse,
1560 2320 1844 2395 quantam
1878 2334 2120 2394 operam
2152 2318 2220 2396 is,
2264 2318 2368 2395 qui
2398 2321 2619 2397 optime

377 2421 681 2484 historiam
729 2423 991 2483 scribere
1037 2422 1244 2501 vellet,
1308 2440 1438 2482 cum
1501 2421 1560 2480 iu
1623 2419 1802 2481 rebus
1862 2419 2184 2499 diligenter
2240 2421 2621 2502 quaerendis,

377 2531 500 2586 tum
550 2527 608 2586 in
658 2545 881 2605 eorum,
927 2526 1027 2603 qui
1077 2530 1254 2586 antea
1298 2524 1373 2585 de
1407 2526 1613 2586 iisdem
1647 2524 1828 2585 rebus
1859 2525 2247 2603 scripserunt,
2291 2525 2407 2586 fide
2435 2530 2619 2604 atque

374 2628 729 2690 auctoritate
783 2635 1063 2689 accurate
1109 2627 1557 2707 perpendendis
1612 2628 1905 2688 collocare
1967 2625 2231 2706 deberet,
2282 2630 2379 2689 vel
2423 2659 2510 2670 —
2554 2634 2622 2689 ut

376 2730 584 2808 paucis
627 2730 741 2791 hoc
786 2724 1138 2793 concludam
1196 2762 1278 2772 -
1339 2731 1484 2792 nihil
1532 2731 1763 2809 profert
1807 2729 1880 2789 de
1925 2731 2067 2791 artis
2112 2731 2380 2803 criticae,
2439 2749 2617 2808 quam

379 2852 486 2894 nos
531 2832 814 2911 dicimus,
875 2836 932 2893 in
981 2853 1204 2910 genere
1264 2834 1546 2894 historico
1593 2832 1808 2892 eximia
1850 2833 1909 2890 vi
1954 2836 2136 2909 atque
2181 2833 2501 2909 gravitate:
2558 2833 2618 2893 id

376 2935 539 3011 quod
585 2934 1048 3013 vituperandum
1096 2940 1216 3012 est,
1280 2951 1637 3011 quamquam
1700 2938 1935 2993 veteres
1991 2934 2230 2994 omnino
2293 2935 2447 2992 hanc
2491 2951 2618 2993 rem

377 3056 495 3098 uon
541 3037 689 3097 tanti
735 3036 964 3112 fecisse,
1011 3038 1216 3113 quanti
1265 3039 1508 3097 nostrae
1552 3035 1765 3094 aetatis
1810 3034 1973 3094 viros
2017 3034 2243 3104 doctos,
2287 3036 2433 3094 satis
2476 3034 2617 3095 scio.

552 3139 698 3200 Cum
744 3140 944 3216 igitur,
989 3138 1207 3216 quibus
1252 3138 1504 3197 maxime
1548 3138 1608 3196 in
1654 3136 1835 3196 rebus
1877 3137 2004 3195 veri
2043 3135 2310 3195 historici
2357 3135 2616 3197 officium

375 3242 633 3319 positum
679 3245 856 3316 esset,
901 3259 1110 3317 parum
1156 3239 1564 3315 intellegeret,
1607 3238 1735 3298 fieri
1780 3256 1900 3298 non
1947 3238 2173 3315 potuit,
2231 3239 2379 3316 quin
2424 3239 2619 3300 minus

375 3349 535 3405 recte
596 3344 672 3404 de
731 3344 983 3421 singulis
1044 3360 1241 3403 rerum
1304 3342 1697 3418 scriptoribus
1742 3340 2065 3418 judicaret.
2165 3341 2253 3400 Ac
2313 3341 2618 3402 veteribus

374 3446 612 3524 quidem
663 3449 1058 3507 Romanorum
1103 3445 1496 3521 scriptoribus
1527 3442 1794 3504 Graecos
1837 3461 2085 3520 prorsus
2114 3443 2457 3520 superiores
2488 3461 2617 3504 esse

375 3549 692 3626 quominus
735 3548 1135 3625 intellegeret,
1197 3546 1349 3607 falsa
1401 3547 1504 3606 illa
1548 3545 1622 3605 de
1667 3546 1910 3624 propria
1954 3546 2236 3606 historiae
2283 3550 2501 3607 natura
2545 3565 2616 3607 ac

373 3652 430 3711 vi
477 3651 678 3728 opinio
723 3669 843 3710 non
889 3649 1210 3728 impedivit,
1255 3667 1388 3709 nam
1434 3649 1517 3708 illi
1563 3649 1870 3709 annalium
1916 3647 2268 3727 scriptores,
2314 3654 2381 3710 ut
2421 3649 2481 3709 in
2527 3667 2616 3709 re-

542 3851 613 3914 40)
648 3844 718 3901 cf.
757 3846 918 3900 etiam
955 3862 1032 3901 or.
1072 3849 1163 3914 373
1199 3846 1271 3900 ad
1308 3846 1433 3900 Att.
1469 3849 1518 3914 2,
1559 3851 1604 3913 1,
1642 3850 1699 3913 ¹3
1736 3850 1784 3913 2,
1819 3852 1868 3914 6,
1905 3850 1952 3898 2.

542 3937 613 4001 ⁴¹)
648 3934 733 3986 Ex
781 3932 935 3986 Brut.
985 3936 1078 3985 42:
1144 3931 1434 4000 „quoniam
1492 3931 1717 4000 quidem
1777 3945 2103 3985 concessum
2162 3935 2250 3985 est
2303 3928 2615 3985 rhetoribus

370 4018 625 4075 ementiri
659 4019 718 4072 in
753 4016 1018 4084 historiis,
1057 4025 1120 4070 ut
1153 4016 1364 4085 aliquid
1405 4016 1591 4071 dicere
1629 4016 1851 4085 possint
1885 4016 2173 4086 argutius“
2214 4031 2323 4070 non
2360 4014 2516 4083 licet,
2552 4020 2618 4069 ut

370 4104 677 4160 Teuffelius
727 4102 1050 4171 (Romische
1087 4100 1717 4171 Litteraturgeschichte
1764 4107 1847 4170 36,
1885 4105 1939 4169 7)
1990 4098 2147 4168 fecit,
2201 4100 2271 4155 de
2325 4099 2617 4155 Ciceronis

371 4191 651 4245 sententia
675 4189 954 4261 judicare,
988 4202 1129 4254 nam,
1165 4192 1229 4241 ut
1262 4188 1512 4240 omittam
1552 4186 1807 4241 Atticum
1848 4186 1981 4241 haec
2017 4186 2234 4252 dicere,
2283 4186 2406 4240 sine
2441 4184 2616 4240 dubio

369 4275 548 4330 facete
585 4281 751 4345 atque
786 4275 994 4330 ironice
1029 4273 1244 4344 prolata
1279 4278 1426 4329 sunt.
