3166 4871
524 340 606 401 4ο
700 376 712 387 .
1528 332 1784 390 Zseher

526 502 984 592 καταστάσηας
1028 532 1085 591 p.
1114 516 1257 590 413,
1300 502 1340 572 '7
1399 510 1776 590 (paginarum
1831 530 2114 574 numeros
2170 513 2446 574 adscribo
2492 513 2765 575 editionis

528 616 757 694 Littrei,
801 617 924 677 voI.
955 616 1068 685 111)
1113 604 1371 696 φύσηος
1399 618 1544 692 414,
1576 617 1676 694 32,
1721 600 2034 694 ἄφεσήων
2070 618 2215 694 422,
2245 619 2301 694 6,
2345 601 2598 697 ῧπτηος
2628 619 2770 695 424,

537 721 611 778 13
636 722 697 778 et
719 736 881 796 saep.
956 720 1169 795 ltaque
1199 734 1516 795 perperam
1548 734 1617 776 αι
1647 736 1758 796 pro
1790 735 1821 776 ε
1852 718 2137 796 seriptum
2171 736 2301 779 esse
2334 718 2392 778 in
2425 718 2538 780 hoe
2568 719 2770 779 codiee

526 820 660 880 veri
708 838 827 881 non
875 819 1177 897 dissimile,
1219 839 1291 880 ae
1334 821 1636 896 reperitur
1679 839 1736 880 v.
1766 840 1822 899 g.
1852 824 1997 898 432,
2046 826 2119 881 11
2167 815 2620 900 περιβολαίων
2663 840 2772 900 pro

528 915 964 1001 ζπεριβολέων.
1051 922 1214 983 Nihil
1274 922 1459 999 igitur
1517 921 1769 1000 impedit
1823 923 2144 1001 quominus
2202 929 2264 983 et
2307 924 2367 983 in
2413 924 2525 984 hoe
2569 924 2773 985 codiee

531 1027 591 1083 et
635 1025 695 1084 in
742 1023 1014 1084 eodieum
1062 1026 1253 1086 classe
1285 1024 1473 1102 FGIJ,
1516 1043 1674 1103 quae
1719 1043 1839 1086 non
1888 1006 2076 1103 magis
2121 1026 2428 1103 diligentia
2480 1026 2774 1105 bonisque

535 1126 891 1188 lectionibus
936 1128 1264 1205 conspicua
1308 1133 1424 1206 est,
1470 1126 1801 1198 στειλαϊος
1846 1127 2057 1189 vitiose
2099 1146 2211 1205 pro
2256 1119 2551 1203 στξιλεός
2595 1130 2775 1207 serip-

533 1231 658 1288 tum
704 1232 997 1307 putemus.
1044 1260 1123 1269 —-
1168 1229 1538 1307 singularem
1583 1231 1742 1291 inter
1786 1234 2019 1291 eeteros
2062 1230 2257 1293 loeum
2301 1236 2508 1293 tenent
2549 1237 2676 1293 tum
2708 1234 2779 1312 D,

537 1336 661 1392 tum
694 1332 840 1408 MN,
883 1333 1239 1410 quibuscum
1283 1333 1640 1410 plerumque
1685 1334 1965 1412 eongruit
2007 1335 2075 1394 B.
2120 1364 2202 1374 —
2248 1336 2302 1395 D
2345 1353 2530 1412 quum
2579 1335 2777 1396 ladem

535 1452 744 1511 puram
790 1434 1053 1495 retinere
1095 1435 1350 1513 studeat,
1393 1446 1454 1495 et
1483 1435 1598 1496 hoe
1627 1435 1844 1512 studio,
1886 1440 1947 1496 et
1975 1438 2309 1497 temerariis
2340 1422 2782 1515 mutationibus,

539 1554 965 1613 nonnunquam
1012 1542 1211 1598 tamen
1253 1542 1480 1599 rectam
1524 1538 1842 1599 lectionem
1886 1541 2180 1618 retinens,
2235 1558 2419 1617 saepe
2464 1541 2654 1617 solus,
2697 1538 2780 1600 in·

537 1639 774 1700 terdum
820 1658 953 1701 eum
985 1641 1287 1701 nonnullis
1321 1642 1466 1719 aliis,
1510 1641 1908 1702 exadversum
1939 1643 2264 1720 plerosque
2295 1647 2528 1703 eeteros
2556 1644 2784 1720 positus

539 1747 646 1803 est.
749 1742 894 1802 Eius
957 1744 1196 1819 generis
1260 1747 1400 1804 sunt
1462 1733 1933 1823 στερρωτάτου
1995 1748 2141 1821 422,
2201 1748 2237 1805 5
2304 1744 2534 1818 (omnes
2601 1746 2784 1806 ceteri
2877 1803 2888 1807 ,

541 1832 1049 1923 στερεωτάτου).
1119 1849 1374 1925 424,12
1420 1866 1530 1923 pro
1577 1834 1670 1917 ὡς
1715 1847 1940 1908 habent
1983 1828 2084 1906 ὦν
2114 1848 2248 1926 KD,
2294 1865 2351 1904 ω
2383 1847 2571 1908 FGIJ.
2643 1850 2786 1924 426,

545 1950 625 2007 26
670 1941 1137 2006 καθίννυσθαι
1195 1950 1270 2008 Η.
1317 1949 1448 2009 Ald.
1492 1944 1956 2009 καθίκνυσθαι
2003 1950 2163 2028 vulg.
2225 1942 2696 2008 καθέννυσθαι
2741 1950 2787 2011 G

543 2044 991 2128 κατίγνυσθαι
1022 2051 1249 2113 BGMN
1282 2046 1704 2112 καθίνυσθαι
1732 2053 1927 2139 ΕῊΚ,
1971 2047 2433 2131 καθίδρυσθαι
2473 2053 2580 2112 DL
2627 2051 2786 2129 quod

465 2183 471 2190 ·
543 2155 857 2214 temerarie
902 2160 1190 2216 mutatum
1237 2173 1368 2217 esse
1416 2160 1684 2232 apparet.
1757 2159 1902 2234 434,
1936 2159 2031 2216 10.
2082 2158 2154 2215 17
2203 2159 2370 2217 reeta
2416 2154 2590 2215 lectio
2637 2147 2788 2230 ἐξει-

545 2244 786 2333 ρύαται
829 2257 890 2316 in
937 2257 1063 2318 solo
1110 2258 1164 2317 D
1210 2261 1331 2334 est,
1374 2251 1748 2335 ἐξαρείαται
1792 2259 1982 2336 vulg„
2042 2246 2400 2338 ἑξαρύαται
2446 2259 2618 2318 ΒΜΝ
2664 2258 2789 2318 Gal.

545 2356 606 2416 in
638 2357 818 2434 gloss.
850 2350 1199 2439 ἐξαρεᾶτοςι
1234 2363 1330 2438 10,
1373 2352 1747 2438 ἐξαρειᾶται
1785 2363 1860 2420 17
1894 2361 1958 2422 Ο.
2033 2363 2174 2440 334,
2212 2362 2287 2421 15
2334 2352 2409 2420 ἐκ
2455 2348 2706 2418 τούτου
2737 2361 2790 2419 D

548 2478 659 2537 pro
704 2452 770 2530 ἐς
815 2478 870 2520 τ.
959 2464 1103 2539 440,
1147 2466 1185 2523 3
1241 2455 1622 2542 ἐπιγένηται
1668 2465 1722 2523 D
1767 2455 2143 2544 ἐπιγένηται
2189 2463 2266 2539 Q‘
2308 2459 2575 2545 γένηται
2623 2463 2790 2524 ΟΜΝ

547 2556 808 2642 γίνηται
838 2563 1014 2624 Littr.
1087 2567 1231 2644 442,
1268 2568 1342 2627 16
1387 2558 1637 2625 τείνειν
1679 2585 1793 2644 pro
1836 2561 1971 2625 τινί
2003 2568 2072 2627 D.
2119 2562 2302 2646 τείνη
2331 2566 2630 2629 BFGIJK.
2659 2561 2793 2625 τινί

552 2669 612 2725 et
656 2667 718 2724 in
764 2683 951 2743 marg.
980 2660 1167 2747 τείνη
1199 2668 1317 2728 ΜΝ
1362 2662 1565 2727 τείνει
1597 2668 1660 2730 C.
1734 2672 1876 2746 444,
1914 2673 1989 2730 16
2034 2676 2352 2750 πηχιαῑον
2398 2672 2452 2730 D
2483 2668 2583 2743 (al.
2615 2666 2794 2742 man.)

551 2767 614 2827 O.
657 2797 743 2808 —-
786 2768 882 2829 Ab
927 2768 1040 2829 bae
1084 2768 1325 2831 diversa
1368 2772 1577 2831 elassis
1620 2773 1821 2851 BMN,
1882 2791 2040 2850 quae
2099 2775 2322 2835 maiore
2376 2774 2553 2834 etism
2608 2789 2794 2849 purae

552 2868 715 2929 Indis
760 2870 955 2931 studio
1002 2872 1301 2933 interdum
1348 2875 1510 2934 ultra
1553 2874 1792 2935 modum
1849 2875 2168 2952 abripitur,
2226 2878 2293 2935 ut
2334 2894 2391 2935 v.
2437 2894 2485 2935 e.
2529 2878 2671 2952 424,
2718 2877 2792 2933 21

553 2965 810 3031 τουτὲω
870 2974 1052 3036 habet
1104 2993 1216 3053 pro
1271 2965 1524 3054 τούτῳ,
1583 2977 1690 3037 sed
1748 2995 1930 3055 saepe
1989 2978 2118 3037 sola
2173 2978 2493 3053 genuinam
2554 2976 2799 3037 retinuit

554 3074 888 3136 lectionem.
961 3076 1059 3137 Sie
1097 3079 1156 3138 in
1190 3079 1311 3139 MN
1341 3078 1484 3139 solis
1530 3084 1772 3140 servata
1813 3084 1956 3140 sunt
1998 3080 2173 3140 haee:
2221 3083 2362 3152 424,
2399 3083 2473 3138 12
2521 3063 2797 3137 ὄκλᾶται

557 3176 692 3254 (pro
724 3166 817 3250 ὡς
846 3178 994 3253 xi).
1073 3183 1149 3241 15
1197 3173 1423 3240 ἐθέλει
1466 3181 1604 3259 (pro
1635 3174 1904 3254 ἐθέλοι).
1983 3185 2059 3242 16
2106 3167 2146 3259 ἤ
2181 3183 2236 3241 Μ
2271 3168 2354 3259 ἤν
2400 3182 2506 3240 BN
2537 3179 2671 3258 (pro
2704 3173 2802 3250 εἰ).

558 3284 700 3357 426,
735 3285 809 3342 17
844 3288 1214 3361 κατηγυῑαν
1245 3283 1500 3362 (καταγ.
1535 3281 1892 3357 DFGHIK).
1950 3287 2095 3361 442,
2128 3287 2204 3342 14
2237 3279 2490 3361 κατηγῆ
2522 3265 2802 3359 (καταᾷῆ

559 3374 780 3462 vulg.),
838 3387 989 3459 428,
1037 3388 1116 3445 25
1178 3379 1327 3443 ἴδον
1372 3385 1507 3464 (pro
1565 3374 1768 3458 εἶδον,
1823 3384 1985 3459 vidi).
2074 3388 2224 3463 430,
2271 3388 2352 3444 20
2411 3370 2633 3443 τώυτὸ
2693 3381 2802 3456 (sie

560 3486 735 3545 etiam
783 3487 851 3556 B,
906 3475 984 3544 τὸ
1032 3471 1197 3545 αὐτὸ
1245 3485 1449 3564 vulg.).
1537 3492 1681 3566 434,
1728 3491 1761 3548 7
1819 3477 2185 3566 τετυχήκης
2245 3487 2354 3560 (sie
2403 3491 2462 3548 et
2504 3488 2574 3558 B,
2619 3473 2803 3544 tetv'-

555 3576 786 3667 χὴκοις
816 3589 903 3667 H,
934 3579 1308 3668 κατατίχῃς
1339 3592 1519 3670 vulg„
1563 3581 1926 3670 τετυχὴκῃς
1958 3589 2172 3664 Lim-J.
2246 3593 2388 3667 442,
2425 3593 2501 3650 16
2546 3590 2653 3648 soli
2689 3589 2804 3647 MN

561 3690 783 3751 habent
824 3693 1150 3768 genuinum
1196 3688 1348 3753 τινί.

734 3797 944 3872 ltaque
988 3814 1172 3872 quum
1220 3786 1549 3867 στειλαιός
1610 3798 1841 3858 scribae
1901 3814 2106 3857 errore
2164 3815 2238 3855 ex
2294 3784 2583 3864 οτειλεὸς
2635 3793 2809 3853 facile

565 3897 691 3957 fieri
736 3899 1025 3976 potuerit,
1069 3900 1168 3959 vix
1215 3917 1287 3960 ex
1333 3889 1678 3970 στειλειόςε
1740 3917 1923 3974 quum
1977 3897 2269 3958 eiusmodi
2323 3916 2492 3958 error
2537 3915 2573 3956 a
2615 3895 2811 3955 scriba

566 4000 714 4060 alias
759 4002 1108 4061 commissus
1151 4002 1231 4060 sit
1274 4003 1334 4060 in
1367 4002 1429 4078 O,
1475 4000 1652 4061 facile
1683 3999 1968 4060 committi
1997 4000 2260 4076 potuerit
2289 3999 2349 4058 in
2379 3998 2582 4059 FGIJ:
2627 4014 2809 4073 quum

567 4103 741 4164 FGIJ
787 4103 1024 4163 eodiees
1070 4105 1215 4164 satis
1262 4105 1514 4180 exiguae
1575 4108 1752 4163 notae
1812 4104 1932 4163 sint
1991 4107 2052 4162 et
2096 4104 2272 4162 unius
2316 4105 2544 4161 tantum
2590 4097 2812 4159 eodie'is

569 4206 704 4266 loeo
748 4205 1009 4266 habendi
1056 4208 1202 4267 sint:
1262 4194 1583 4276 στειλεὶός
1628 4209 1826 4265 autem
1862 4206 2156 4267 traditum
2203 4205 2283 4263 sit
2323 4223 2359 4261 a
2404 4201 2608 4262 codiee
2652 4201 2809 4261 bono

571 4307 644 4384 D,
689 4298 987 4378 στειλεός
1031 4327 1069 4369 a
1113 4307 1346 4369 duabus
1394 4309 1933 4386 manuscriptorum
1979 4307 2266 4368 elassibus
2311 4306 2428 4367 MN
2462 4307 2522 4364 et
2551 4303 2608 4363 H
2653 4301 2814 4374 (nam
