3166 4871
2502 294 2593 332 Ἣ..

614 328 732 390 160
1571 282 1835 376 zacher

608 485 919 580 Ἀρκάδας
961 496 1313 581 κληθῆναι.
1393 496 1663 559 Arcades
1694 499 1970 576 seipsos,
2017 502 2083 560 ut
2127 500 2506 576 pei-vetustos
2550 502 2612 557 et
2656 483 2853 555 αὐτό·

605 602 862 682 χθονας
908 602 1333 681 significarent,
1376 619 1626 662 vocasse
1655 589 2133 680 προσελήνους,
2180 601 2280 678 qui
2304 600 2428 678 jam
2462 605 2602 660 ante
2648 601 2849 659 lunam

606 705 885 785 fuissent,
929 709 1048 765 tam
1096 698 1342 781 simplex
1388 709 1495 783 est,
1539 708 1659 763 tam
1704 703 2007 764 hominum
2054 708 2304 764 naturae
2350 704 2746 778 conveniens,
2790 706 2854 762 ut

608 829 728 870 non
773 808 1129 885 intelligam,
1190 807 1293 884 qui
1354 806 1481 867 fieri
1527 807 1821 884 potuerit,
1878 812 1945 866 ut
1988 805 2264 883 Heynius
2316 803 2392 865 ad
2438 804 2593 882 Apd.
2636 823 2696 883 p.
2727 801 2851 862 250

613 910 712 987 (cf.
758 909 978 989 Opusc.
1026 928 1114 969 ac.
1158 910 1235 988 ΙΙ,
1279 904 1446 987 342),
1503 913 1562 968 et
1621 907 1894 969 Gerhard
1951 909 2138 986 Myth.
2196 907 2231 978 ἓ
2265 903 2387 965 808
2442 908 2557 968 hoc
2614 908 2851 968 nomine

608 1014 998 1074 vetustissimi
1042 1013 1251 1072 Lunae
1297 1011 1489 1072 cultus
1533 1011 1933 1071 testimonium
1981 1010 2273 1071 contineri
2319 1012 2632 1088 censeant,
2688 1009 2851 1087 quod

605 1117 807 1177 nescio
869 1115 1166 1192 quomodo
1231 1133 1304 1173 ex
1364 1113 1481 1173 hoc
1539 1112 1837 1173 vocabulo
1893 1113 2125 1191 possint
2169 1112 2415 1189 elicere,
2480 1111 2644 1189 quod
2706 1111 2853 1172 nihil

567 1218 770 1283 ‘aliud
814 1220 1016 1295 potest
1060 1216 1416 1294 significare,
1461 1216 1608 1276 nisi:
1653 1204 1786 1293 πρὸ
1832 1204 2141 1295 Σελήνης
2185 1200 2303 1273 ὢν.
2381 1214 2470 1275 cf.
2499 1232 2657 1291 quae
2702 1214 2853 1274 bene

607 1320 876 1398 disputat
918 1320 1152 1381 Pottius
1196 1319 1401 1380 Jahrb.
1427 1317 1470 1378 f.
1492 1318 1638 1397 phil.
1663 1318 1915 1396 u.paed.
1939 1317 2146 1397 Suppl.
2184 1312 2365 1390 1859,
2410 1336 2468 1395 p.
2500 1312 2656 1376 304:
2702 1317 2851 1396 „Ich

608 1422 845 1483 mochte
892 1422 988 1483 die
1034 1420 1358 1499 erklarung
1406 1419 1599 1495 [vocis
1642 1414 2077 1500 προσέληνοι]
2126 1421 2293 1480 nicht
2334 1419 2557 1497 gerade
2600 1438 2667 1481 8ο
2714 1421 2854 1481 weit

609 1526 895 1586 herholen
958 1525 1046 1594 [ut
1091 1524 1390 1600 HeyniuS,
1449 1524 1552 1600 qui
1603 1523 1873 1583 Arcadas
1920 1540 1986 1583 se
2031 1540 2159 1584 eam
2206 1524 2281 1584 ob
2327 1541 2567 1584 causam
2612 1533 2852 1601 προσε-

609 1618 858 1708 λήνους
902 1627 1238 1705 appellasse
1281 1630 1484 1705 putat,
1544 1630 1610 1686 ut
1665 1644 1730 1686 se
1786 1630 1926 1686 ante
1970 1627 2173 1686 lunam
2219 1631 2406 1704 ortos,
2450 1626 2525 1685 ‚id
2570 1630 2662 1685 est
2706 1626 2852 1703 ipsis

605 1731 845 1807 Argivis
891 1730 1263 1807 antiquiores
1308 1726 1769 1807 significarent]‚
1812 1729 2075 1789 sondern
2119 1729 2269 1790 eb'en
2315 1746 2383 1788 so
2419 1729 2661 1805 gemin
2693 1747 2849 1805 ganz

605 1832 1116 1893 buchstabliohem
1161 1830 1487 1892 verstande
1532 1833 1592 1891 in
1640 1829 1752 1891 der
1796 1832 1976 1891 weise
2031 1830 2315 1908 nehmeu,
2376 1828 2516 1890 dass
2571 1831 2698 1890 sich
2754 1830 2850 1890 die

603 1935 928 1996 bewohuer
989 1926 1358 2019 ArkadiensJ
1427 1934 1624 1994 wohin
1694 1952 1829 1993 man
1891 1934 1986 1992 die
2047 1932 2613 2010 patriarchalische,
2674 1933 2849 1993 dabei

608 2041 792 2099 etwas
835 2039 985 2099 rohe
1030 2038 1167 2099 sitte
1213 2037 1322 2097 der
1365 2038 1598 2098 vorzeit
1639 2036 1926 2115 verlegte,
1972 2035 2330 2113 uberhaupt,
2374 2036 2539 2095 nicht
2582 2036 2715 2096 blos
2749 2035 2853 2095 mit

608 2140 917 2201 rtlcksicht
960 2139 1071 2200 auf
1108 2140 1321 2219 Argos,
1365 2140 1463 2200 fur
1505 2138 1666 2199 nralt
1709 2136 1833 2198 und
1875 2137 2196 2216 gleichsam
2228 2138 2580 2215 vormondig
2609 2138 2851 2199 hielten.

554 2236 560 2241 ’
604 2243 744 2303 Man
807 2260 970 2303 musa
1018 2244 1088 2321 ja
1144 2241 1299 2302 auch
1362 2242 1470 2302 das
1526 2242 1780 2318 analoge
1839 2235 2318 2321 βεκκεσέληνος
2371 2242 2475 2301 Ar.
2518 2241 2678 2302 Nub.
2725 2237 2848 2300 398

605 2346 703 2405 fur
746 2329 1017 2424 ἀρχαῖος
1059 2344 1518 2417 hinzunehmen,
1564 2347 1777 2404 sammt
1821 2336 2302 2422 βεκκεσέληνος
2334 2340 2535 2423 λῆρος
2579 2344 2675 2405 bei
2708 2345 2848 2404 Plu—

603 2448 777 2508 tarch
820 2447 919 2507 fur
963 2447 1385 2525 altmodische,
1437 2446 1684 2508 alberne
1726 2465 1965 2524 possen.
2052 2449 2198 2508 Wer
2256 2447 2382 2507 sich
2443 2447 2553 2507 der
2608 2448 2855 2508 historie

603 2569 722 2611 von
767 2550 1237 2610 Psammetichos
1289 2550 1385 2610 bei
1427 2549 1700 2610 Herodot
1745 2547 1800 2626 2,
1845 2546 1884 2605 2
1942 2550 2237 2627 emnium,
2286 2594 2301 2609 .
2345 2595 2359 2610 .
2403 2594 2418 2610 .
2462 2549 2690 2610 konnte
2735 2551 2852 2611 wol

603 2651 825 2712 darauf
864 2652 1175 2729 versallen‚
1237 2652 1345 2712 das
1401 2645 1623 2729 βέκος,
1685 2671 1805 2712 was
1865 2654 1954 2712 sie
2010 2653 2166 2712 nach
2210 2654 2357 2713 zwei
2404 2653 2611 2728 iahreu
2659 2654 2851 2713 boren

600 2756 848 2832 hussen,
906 2755 965 2813 in
1014 2748 1494 2834 βεκκεσέληνος
1537 2773 1613 2815 zu
1659 2754 1881 2815 finden.
1926 2798 1941 2814 .
1985 2799 2000 2815 .
2044 2799 2059 2815 .
2102 2756 2185 2814 Es
2240 2755 2434 2816 reicht
2490 2755 2619 2832 hin,
2675 2773 2849 2816 wenn

605 2858 699 2918 die
762 2856 1091 2934 erzahlung
1155 2857 1215 2916 in
1275 2839 1713 2918 Griechenland
1772 2856 2096 2918 verbreitet
2155 2875 2359 2935 genug
2421 2875 2543 2916 war
2603 2874 2676 2917 zu
2742 2857 2851 2917 der

615 2958 1026 3038 moglichkeit,
1070 2959 1156 3019 sie
1188 2958 1247 3018 in
1278 2953 1755 3039 βεκκεσέληνος
1785 2962 1891 3020 mit
1920 2961 2052 3019 dem
2084 2960 2518 3020 anmasslichen
2540 2961 2851 3037 vot-geben

604 3064 712 3124 der
777 3062 1054 3124 Arkader
1114 3063 1175 3123 in
1241 3062 1624 3139 verbindung
1691 3081 1765 3124 zu
1832 3063 2098 3139 bringeu.
2203 3064 2379 3122 Danu
2457 3081 2582 3123 war
2651 3081 2717 3124 es
2778 3063 2850 3141 ja

603 3169 869 3225 {iusserat
914 3166 1229 3242 natfirlich‚
1275 3164 1448 3244 alles,
1503 3165 1744 3225 worauf
1780 3183 1916 3224 man
1963 3164 2080 3224 den
2125 3163 2432 3224 ausdruck
2478 3165 2847 3243 affluentiae,

601 3268 690 3328 als
765 3266 881 3327 den
948 3266 1267 3328 charakter
1332 3286 1449 3327 von
1515 3267 2051 3327 ammenmarchen*
2098 3285 2175 3326 an
2240 3267 2365 3327 sich
2440 3267 2693 3345 tragend
2770 3284 2845 3326 zu

602 3370 969 3430 bezeichnen
984 3362 1035 3428 “.

773 3472 997 3533 Eadem
1044 3472 1226 3551 igitur
1270 3492 1424 3552 quae
1470 3475 1637 3535 vocis
1668 3467 2087 3555 προσέληνος
2118 3476 2296 3536 etiam
2328 3476 2488 3536 illius
2515 3471 2844 3554 προσελα-

601 3580 790 3648 ψαῑος
851 3581 911 3635 et
970 3583 1185 3638 natura
1242 3583 1301 3637 et
1359 3578 1528 3655 origo
1590 3596 1719 3638 esse
1776 3578 2041 3657 videtur,
2116 3578 2279 3656 quod
2337 3577 2556 3638 suffixo
2613 3582 2843 3637 tantum

602 3679 815 3749 coloris
860 3680 1079 3764 poetici
1125 3697 1307 3744 causa
1348 3679 1555 3745 addito
1602 3680 1817 3744 differt.

773 3776 1063 3870 σημαία
1109 3783 1309 3847 lexicis
1352 3782 1732 3846 eximendum
1778 3801 1910 3843 esse
1955 3782 2209 3843 vidimus
2253 3801 2439 3861 supra
2481 3801 2538 3860 p.
2569 3780 2645 3838 41
2684 3800 2772 3858 sq.

727 3878 891 3945 ’60.
981 3889 1419 3964 σησαμαῖος
1463 3885 1613 3946 Luc.
1660 3886 1814 3945 Pisc.
1857 3883 1955 3945 41.
2042 3874 2179 3945 Δύο
2222 3890 2387 3963 μναῖ
2428 3873 2688 3962 ἑκάστῳ
2734 3879 2843 3942 ‹50-

600 3975 934 4066 θήσονται
980 3981 1092 4045 καὶ
1139 3991 1503 4066 σησαμαῖος
1544 3984 1869 4057 πλακοῦς.
1962 3988 2210 4065 Proprie
2254 3989 2585 4049 vocabatur
2636 3988 2845 4064 planta

602 4077 881 4169 σησάμη,
914 4090 1147 4149 fructus
1179 4079 1495 4169 σήσαμον,
1542 4109 1616 4150 ex
1648 4110 1769 4168 quo
1801 4090 1962 4150 facta
1989 4091 2129 4168 puls
2160 4080 2505 4170 σησάμιον,
2552 4084 2844 4169 σησαμίς,

601 4188 935 4270 σησαμοῦς
991 4189 1042 4265 (-
1060 4187 1365 4266 οὗντος),
1395 4183 1400 4188 ”
1429 4189 1703 4271 σησαμῆ.
1810 4192 1925 4254 Sed
1989 4193 2164 4253 etiam
2223 4192 2456 4253 fructus
2513 4193 2842 4270 posteriore

599 4295 949 4377 praesertim
1011 4299 1278 4379 tempore
1337 4296 1671 4355 vocabatur
1729 4284 2003 4379 σησάμη.
2066 4294 2181 4360 .Of.
2227 4295 2340 4353 ΕΜ
2386 4283 2839 4377 σησαμόεσσα]
