3166 4871
1042 288 1126 349 De
1160 293 1362 350 nomin.
1399 294 1457 349 in
1492 313 1657 361 -αιος,
1727 300 1761 363 S
1798 299 1845 351 5.
2490 304 2565 363 15

334 470 846 550 Dittenbergerus‚
886 473 1063 549 plane
1109 475 1339 533 nescio:
1384 493 1505 551 quo
1552 475 1612 534 in
1645 476 1940 535 vocabulo
1986 473 2231 535 difficile
2263 476 2355 535 est
2398 476 2566 536 dictu

332 579 524 635 utrum
573 574 874 651 digamma
917 576 1106 653 magis
1151 578 1226 636 sit
1273 577 1484 636 mirum
1531 596 1608 636 an
1655 596 1716 656 η.
1802 578 1921 639 Sed
1965 577 2265 654 digamma
2309 577 2564 638 fortasse

330 677 492 737 11111111
535 678 657 736 8119
703 677 950 737 consilio
996 680 1254 754 positum
1302 682 1394 737 est
1435 696 1615 754 quam
1661 685 1730 738 ut
1775 679 1924 739 duas
1954 680 2198 739 vocales
2246 679 2568 758 dirimeret,

328 780 424 840 vel
469 784 821 856 pertenuem
866 780 1120 856 aliquem
1168 780 1412 840 halitum
1456 780 1860 858 significaret,
1905 782 2077 841 cuius
2123 786 2396 841 naturam
2446 800 2565 841 non

318 882 442 959 jam
486 882 641 942 bene
685 884 1120 959 perspicerent:
1196 882 1270 942 cf.
1324 881 1651 942 Tstaotafo
1712 886 1771 943 in
1831 885 2005 943 inser.
2051 884 2251 961 θοι-9.,
2312 885 2460 942 fou
2506 885 2566 943 in

326 985 500 1043 inser.
544 985 721 1044 Locr.
752 984 852 1045 Oz.
898 982 1088 1058 (Ourt.
1142 985 1232 1043 Et.
1279 1005 1334 1045 n.
1381 981 1549 1059 606),
1595 985 1979 1045 timokare'vos
2024 1003 2135 1062 pro
2175 975 2568 1063 Τιμοχάριος

328 1087 509 1147 Inscr.
557 1087 739 1163 Cypr.
784 1086 1030 1147 Deecke
1075 1092 1135 1146 et
1178 1088 1408 1163 Sigism.
1452 1089 1513 1147 in
1546 1088 1710 1147 Cart:
1741 1088 1907 1148 stud.
1937 1087 2040 1165 VI,
2081 1106 2139 1146 n.
2169 1087 2329 1147 VIII.
2418 1087 2566 1147 Cum

325 1206 363 1266 η
404 1192 604 1250 autem
649 1189 752 1249 illo
798 1188 962 1265 quod
1005 1206 1041 1247 a
1071 1190 1347 1248 Dorismo
1394 1206 1770 1264 summopere
1813 1189 2057 1249 videtur
2099 1189 2444 1266 abhorrere,
2489 1188 2565 1248 cf.

323 1275 736 1370 Ἀμφιάρηος.
784 1309 820 1349 8
880 1290 1144 1350 Pindaro
1211 1290 1562 1350 adhibitum.
1672 1291 1954 1350 Fortasse
2023 1292 2194 1351 verbi
2256 1293 2564 1367 prototypi
2609 1283 2622 1295 “

323 1393 504 1469 stirps
551 1392 713 1469 apud
743 1394 1014 1454 Lacones
1061 1390 1181 1452 non
1229 1390 1341 1450 ῑλα
1385 1396 1518 1453 erat
1559 1392 1664 1452 sed
1713 1381 1834 1465 ias,
1878 1396 1946 1452 ut
1991 1380 2166 1470 ὁρέω
2213 1379 2434 1470 ὃρμέω
2487 1394 2564 1452 81.

324 1494 623 1573 dixerunt,
664 1494 811 1577 Α111.
856 1495 999 1554 Dor.
1046 1490 1201 1569 3103
1244 1494 1383 1553 hinc
1430 1485 1618 1572 ἵληος
1663 1493 1998 1554 derivatum
2043 1512 2152 1571 pro
2200 1485 2453 1566 ἱλε-ιος,
2500 1497 2567 1554 ut

323 1582 545 1675 ὄρηος,
589 1585 844 1675 λύκηος
884 1615 998 1673 pro
1043 1581 1278 1673 ὄρειος,
1321 1585 1621 1674 λύκειος.]

490 1687 962 1777 πολύγραος
1023 1698 1408 1776 multivorns‚
1474 1698 1638 1774 quod
1710 1697 1784 1756 ab
1845 1698 2136 1775 Hippoer.
2210 1704 2564 1774 usurpatum

322 1804 574 1860 testatur
632 1800 898 1860 Galenus
964 1800 1078 1859 lex.
1122 1819 1181 1877 p.
1227 1795 1386 1876 5463
1452 1799 1784 1859 derivatum
1851 1805 1945 1859 est
2005 1820 2042 1859 a
2100 1789 2285 1878 γράω
2351 1819 2564 1860 vorare

326 1900 571 1973 (Gallim.
615 1903 686 1961 t'r.
716 1899 884 1972 200).

492 1992 927 2062 Ναυσικάα
989 2022 1173 2079 quum
1220 2023 1256 2062 a
1300 1997 1472 2061 καίω
1534 2007 1601 2063 nt
1662 2003 1902 2079 quidam
1960 2008 2252 2080 putarunt
2297 2004 2562 2064 derivari

310 2125 445 2189 ,non
492 2123 672 2182 posse
716 2106 860 2169 mihi
904 2105 1230 2182 videretur,
1273 2106 1333 2164 in
1381 2105 1802 2165 dissertatione
1846 2123 1980 2164 mea
2024 2105 2100 2164 de
2142 2105 2362 2182 prioris
2407 2124 2563 2166 nom.

328 2226 515 2284 comp.
537 2190 726 2284 partis
754 2207 1111 2305 formatione
1156 2226 1214 2283 p.
1233 2204 1312 2267 37
1346 2212 1720 2284 putaveram,
1761 2224 1893 2265 καα
1925 2225 2001 2267 911
2030 2218 2205 2266 κασα
2232 2207 2454 2268 factum
2502 2212 2565 2269 et

330 2329 365 2368 a
394 2310 521 2369 rad.
551 2321 680 2367 κασ
710 2333 793 2355 =
824 2327 937 2369 scr.
970 2296 1113 2385 98119
1144 2308 1392 2368 laudare
1420 2308 1775 2386 praedicare
1807 2310 2138 2369 derivatum
2170 2327 2318 2369 esse.
2392 2308 2563 2382 Quae

330 2412 643 2491 explicatio
697 2430 1043 2490 quanquam
1101 2413 1371 2490 opusculi
1431 2411 1592 2472 illius
1638 2413 1984 2472 censoribus
2042 2412 2302 2489 placuit,
2361 2415 2560 2472 tamen

327 2533 487 2574 nunc
532 2514 675 2574 mihi
717 2514 873 2574 falsa
917 2531 1050 2574 esse
1096 2514 1362 2574 videtur:
1420 2519 1651 2574 rectum
1711 2514 1994 2574 viderunt
2036 2515 2269 2574 Pottius
2299 2514 2415 2573 ‘EF
2459 2513 2562 2573 ΙΙι

325 2614 437 2674 271
520 2622 582 2676 et
637 2618 707 2677 R.
762 2617 1260 2694 Peppmflllerus,
1334 2615 1556 2676 Gomm.
1615 2616 1723 2677 des
1783 2613 1884 2675 24.
1942 2615 2180 2676 Buches
2239 2616 2346 2675 der
2405 2616 2562 2692 Ilias,

324 2737 381 2794 p.
432 2715 567 2795 138,
615 2717 718 2794 qui
764 2706 1115 2776 Ναυσικάα
1172 2735 1248 2776 ex
1293 2711 1610 2793 καὶνυμαι
1656 2717 1947 2777 derivant.
2034 2718 2190 2777 Nam
2237 2721 2303 2777 ut
2350 2713 2559 2796 Μηδε-

327 2809 604 2898 σικάστη
652 2825 744 2880 est
784 2808 1018 2897 μήδεσι
1062 2813 1471 2898 κεκασμένη,
1529 2808 1756 2878 πολλὰ
1798 2809 2010 2897 μήδεα
2057 2812 2303 2892 εἰδυῖα,
2347 2823 2409 2880 et
2451 2804 2559 2878 'Io-

327 2911 535 3000 κάστη
581 2925 675 2981 est
716 2910 931 2999 ἰότητι
960 2915 1353 3001 κεκασμένη,
1398 2922 1487 2980 sic
1530 2910 1882 2979 Ναυσικάα
1927 2922 1976 2982 si
2019 2939 2057 2980 a
2099 2916 2413 2998 καίνυμαι
2460 2921 2560 2981 de·

325 3024 591 3100 scendit,
653 3027 745 3084 est
786 3011 1224 3102 Ναυσικάστη
1244 3068 1262 3095 ,
1308 3017 1509 3080 ναυσὶ
1553 3017 1959 3101 κεκαυμένη,
2025 3023 2188 3098 quod
2249 3022 2376 3083 fere
2422 3041 2560 3083 con·

323 3127 505 3186 sentit
547 3143 679 3185 cum
725 3123 1160 3201 significatione
1204 3113 1654 3193 ναυσικλυτός
1700 3141 1854 3199 quae
1887 3125 2181 3184 vocabulo
2228 3128 2403 3201 esset,
2445 3126 2496 3184 si
2525 3144 2563 3184 8

324 3241 449 3285 κασ
494 3226 907 3287 descenderet.
994 3220 1327 3303 Καὶνυμαι
1372 3229 1592 3302 autem,
1636 3229 1703 3285 ut
1736 3218 2008 3303 αἲνυμαι
2053 3220 2364 3303 ὄαίνυμαι
2407 3221 2559 3303 ψαί-

325 3344 523 3406 νυμαι
566 3346 680 3406 per
721 3329 856 3388 suff.
880 3344 967 3387 νυ
1011 3329 1347 3388 derivatum
1393 3333 1487 3388 est
1529 3346 1564 3387 a
1610 3329 1797 3404 stirpe
1841 3328 1903 3387 in
1935 3345 2004 3386 αι
2034 3313 2366 3406 desinente,
2406 3347 2561 3405 quae

321 3432 453 3509 ipsa
497 3430 790 3492 brevioris
821 3429 1049 3490 formae
1078 3431 1139 3489 in
1169 3447 1213 3487 α
1252 3429 1581 3490 desinentis
1611 3433 1704 3491 est
1732 3428 2111 3506 amplificatio
2142 3429 2562 3505 praesentialis

323 3531 512 3603 (Cart.
560 3533 740 3594 Verb.
783 3532 846 3611 Ι,
896 3529 1033 3592 163.
1106 3527 1274 3604 297).
1361 3533 1443 3592 Ut
1500 3526 1814 3609 δαίνυμαι
1878 3550 1915 3591 8
1958 3535 2029 3592 st.
2084 3526 2228 3606 δαι,
2290 3550 2445 3608 quae
2502 3533 2564 3592 iu

323 3629 612 3712 ὀάίομαι,
654 3635 805 3695 haec
848 3635 980 3712 ipsa
1022 3637 1220 3694 autem
1266 3652 1342 3693 ex
1386 3629 1488 3707 δα,
1532 3634 1696 3709 qnod
1741 3635 1802 3693 in
1847 3623 2256 3706 ἐ-ὁά-σαντο,
2301 3634 2387 3694 sic
2415 3628 2561 3692 xal-

322 3752 525 3813 νυμαι
566 3755 604 3796 8
647 3752 782 3808 και,
826 3752 928 3795 κα.
1020 3737 1101 3795 Et
1142 3738 1209 3795 ut
1249 3753 1288 3794 8
1315 3739 1387 3795 st.
1418 3729 1501 3794 δα
1546 3735 1823 3795 derivata
1867 3740 1961 3794 est
1990 3739 2063 3796 st.
2108 3731 2253 3808 δατ,
2297 3753 2453 3812 quae
2499 3737 2561 3796 in

325 3833 601 3912 δατ-ἕω,
647 3827 1022 3910 δάσσαντο,
1084 3831 1397 3896 δέδασται
1410 3867 1437 3909 ,-
1490 3838 1577 3897 sic
1622 3856 1659 3897 a
1703 3838 1887 3914 stirpe
1933 3854 2021 3895 xa
2066 3837 2339 3898 derivata
2377 3838 2564 3914 stirps

323 3955 470 4013 κατ,
513 3940 677 4000 1111119
704 3929 1163 4016 mavia-uesta,
1208 3931 1637 4011 ἐ-κέ-κασ-το,
1680 3927 2222 4017 Μηδεσι-κάσ-τη.
2313 3936 2564 3997 Ναυσι-

323 4031 453 4100 κάα
510 4043 699 4120 igitur
760 4039 1091 4100 derivatum
1151 4040 1388 4100 videtur
1443 4041 1521 4101 ab
1577 4041 1679 4100 1118
1722 4041 1909 4117 stirpe
1962 4025 2264 4117 primitiva
2319 4056 2407 4097 κα
2468 4040 2564 4098 vel

322 4161 454 4217 και,
499 4144 611 4205 sed
659 4162 779 4203 non
827 4143 944 4203 hoe
1004 4145 1195 4221 ipsum
1242 4143 1495 4204 feminae
1554 4161 1771 4203 nomen
1832 4142 1974 4203 inde
2019 4142 2353 4202 derivatum
2397 4143 2565 4217 puto,

322 4246 431 4307 sed
474 4247 649 4324 prins
692 4264 911 4305 nomen
954 4245 1064 4306 viri
1110 4238 1525 4314 Ναυσὶκαιος
1570 4246 1670 4306 vel
1713 4242 2148 4316 Navoaxajog,
2191 4241 2352 4302 unde
2383 4239 2562 4298 Ναυ-
