<?xml version="1.0" encoding="UTF-8"?>
<!DOCTYPE html PUBLIC "-//W3C//DTD XHTML 1.0 Transitional//EN"
    "http://www.w3.org/TR/xhtml1/DTD/xhtml1-transitional.dtd">
<html xmlns="http://www.w3.org/1999/xhtml" xml:lang="en" lang="en">
 <head>
  <title>
</title>
<meta http-equiv="Content-Type" content="text/html;charset=utf-8" />
  <meta name='ocr-system' content='tesseract 3.04.00' />
  <meta name='ocr-capabilities' content='ocr_page ocr_carea ocr_par ocr_line ocrx_word'/>
</head>
<body>
  <div class='ocr_page' id='page_1' title='image "./dissertationesp00hallgoog_0202.png"; bbox 0 0 3166 4871; ppageno 0'>
   <div class='ocr_carea' id='block_1_1' title="bbox 603 282 1859 348">
    <p class='ocr_par' dir='ltr' id='par_1_1' title="bbox 603 282 1859 348">
     <span class='ocr_line' id='line_1_1' title="bbox 603 282 1859 348; baseline -0.009 0"><span class='ocrx_word' id='word_1_1' title='bbox 603 285 726 348; x_wconf 72' lang='lat'>180</span> <span class='ocrx_word' id='word_1_2' title='bbox 1599 282 1859 338; x_wconf 81' lang='lat' dir='ltr'>Zacber</span> 
     </span>
    </p>
   </div>
   <div class='ocr_carea' id='block_1_2' title="bbox 599 453 2943 2588">
    <p class='ocr_par' dir='ltr' id='par_1_2' title="bbox 599 453 2943 2588">
     <span class='ocr_line' id='line_1_2' title="bbox 601 453 2859 540; baseline -0 -20"><span class='ocrx_word' id='word_1_3' title='bbox 601 481 648 520; x_wconf 89' lang='lat' dir='ltr'>s.</span> <span class='ocrx_word' id='word_1_4' title='bbox 679 455 1159 540; x_wconf 82' lang='lat' dir='ltr'>praetenditur“:</span> <span class='ocrx_word' id='word_1_5' title='bbox 1207 480 1339 521; x_wconf 86' lang='lat' dir='ltr'>nam</span> <span class='ocrx_word' id='word_1_6' title='bbox 1387 461 1686 521; x_wconf 83' lang='lat' dir='ltr'>vocabulo</span> <span class='ocrx_word' id='word_1_7' title='bbox 1732 459 1948 540; x_wconf 80' lang='grc' dir='ltr'><em>κῆπος</em></span> <span class='ocrx_word' id='word_1_8' title='bbox 1992 464 2184 539; x_wconf 91' lang='lat' dir='ltr'>ipsum</span> <span class='ocrx_word' id='word_1_9' title='bbox 2228 462 2554 539; x_wconf 82' lang='lat' dir='ltr'>significari</span> <span class='ocrx_word' id='word_1_10' title='bbox 2585 453 2859 519; x_wconf 73' lang='grc' dir='ltr'><strong><em>αἰδοῖον</em></strong></span> 
     </span>
     <span class='ocr_line' id='line_1_3' title="bbox 601 554 2859 643; baseline 0 -20"><span class='ocrx_word' id='word_1_11' title='bbox 601 564 724 635; x_wconf 83' lang='lat' dir='ltr'>(vel</span> <span class='ocrx_word' id='word_1_12' title='bbox 773 564 970 641; x_wconf 84' lang='lat' dir='ltr'>potius</span> <span class='ocrx_word' id='word_1_13' title='bbox 1014 554 1142 643; x_wconf 78' lang='grc' dir='ltr'>τήν</span> <span class='ocrx_word' id='word_1_14' title='bbox 1185 558 1502 643; x_wconf 81' lang='grc' dir='ltr'>τρὶχωσιν</span> <span class='ocrx_word' id='word_1_15' title='bbox 1546 562 1837 641; x_wconf 83' lang='lat' dir='ltr'>pudendi)</span> <span class='ocrx_word' id='word_1_16' title='bbox 1883 565 2182 641; x_wconf 77' lang='lat' dir='ltr'>intelligas</span> <span class='ocrx_word' id='word_1_17' title='bbox 2226 583 2301 624; x_wconf 84' lang='lat' dir='ltr'>ex</span> <span class='ocrx_word' id='word_1_18' title='bbox 2356 564 2534 624; x_wconf 77' lang='lat' dir='ltr'>simili</span> <span class='ocrx_word' id='word_1_19' title='bbox 2579 581 2694 623; x_wconf 82' lang='lat' dir='ltr'>usn</span> <span class='ocrx_word' id='word_1_20' title='bbox 2739 564 2859 623; x_wconf 86' lang='lat' dir='ltr'>Bo·</span> 
     </span>
     <span class='ocr_line' id='line_1_4' title="bbox 601 655 2857 746; baseline -0.002 -20"><span class='ocrx_word' id='word_1_21' title='bbox 601 685 942 745; x_wconf 87' lang='lat' dir='ltr'>manorum,</span> <span class='ocrx_word' id='word_1_22' title='bbox 997 666 1098 744; x_wconf 90' lang='lat' dir='ltr'>qui</span> <span class='ocrx_word' id='word_1_23' title='bbox 1144 667 1382 737; x_wconf 67' lang='lat' dir='ltr'>hortum</span> <span class='ocrx_word' id='word_1_24' title='bbox 1430 673 1679 743; x_wconf 74' lang='lat' dir='ltr'>vocant,</span> <span class='ocrx_word' id='word_1_25' title='bbox 1737 672 1799 727; x_wconf 89' lang='lat' dir='ltr'>et</span> <span class='ocrx_word' id='word_1_26' title='bbox 1852 686 1928 726; x_wconf 84' lang='lat' dir='ltr'>ex</span> <span class='ocrx_word' id='word_1_27' title='bbox 1970 655 2285 746; x_wconf 80' lang='grc' dir='ltr'>μελιηδής</span> <span class='ocrx_word' id='word_1_28' title='bbox 2326 660 2494 725; x_wconf 76' lang='grc' dir='ltr'><strong><em>ποία</em></strong></span> <span class='ocrx_word' id='word_1_29' title='bbox 2537 685 2635 743; x_wconf 85' lang='lat' dir='ltr'>ap.</span> <span class='ocrx_word' id='word_1_30' title='bbox 2679 664 2857 725; x_wconf 80' lang='lat' dir='ltr'>Pind.</span> 
     </span>
     <span class='ocr_line' id='line_1_5' title="bbox 600 757 2861 848; baseline -0.002 -20"><span class='ocrx_word' id='word_1_31' title='bbox 600 768 776 845; x_wconf 79' lang='lat' dir='ltr'>Pyth.</span> <span class='ocrx_word' id='word_1_32' title='bbox 800 769 900 845; x_wconf 82' lang='lat' dir='ltr'>IX,</span> <span class='ocrx_word' id='word_1_33' title='bbox 931 765 1029 828; x_wconf 85' lang='lat'>37.</span> <span class='ocrx_word' id='word_1_34' title='bbox 1094 770 1309 845; x_wconf 80' lang='lat' dir='ltr'>Neque</span> <span class='ocrx_word' id='word_1_35' title='bbox 1341 770 1529 845; x_wconf 79' lang='lat' dir='ltr'>magis</span> <span class='ocrx_word' id='word_1_36' title='bbox 1562 769 1780 846; x_wconf 85' lang='lat' dir='ltr'>placet,</span> <span class='ocrx_word' id='word_1_37' title='bbox 1812 768 1975 846; x_wconf 84' lang='lat' dir='ltr'>quod</span> <span class='ocrx_word' id='word_1_38' title='bbox 2006 769 2160 828; x_wconf 85' lang='lat' dir='ltr'>idem</span> <span class='ocrx_word' id='word_1_39' title='bbox 2196 769 2498 848; x_wconf 80' lang='lat' dir='ltr'>proponit,</span> <span class='ocrx_word' id='word_1_40' title='bbox 2526 757 2861 847; x_wconf 77' lang='grc' dir='ltr'>ἐφήβαιον</span> 
     </span>
     <span class='ocr_line' id='line_1_6' title="bbox 599 856 2859 949; baseline -0.001 -17"><span class='ocrx_word' id='word_1_41' title='bbox 599 870 943 949; x_wconf 80' lang='lat' dir='ltr'>siguificare</span> <span class='ocrx_word' id='word_1_42' title='bbox 988 889 1118 931; x_wconf 88' lang='lat' dir='ltr'>eam</span> <span class='ocrx_word' id='word_1_43' title='bbox 1165 875 1399 948; x_wconf 87' lang='lat' dir='ltr'>partem</span> <span class='ocrx_word' id='word_1_44' title='bbox 1453 872 1757 949; x_wconf 85' lang='lat' dir='ltr'>corporis,</span> <span class='ocrx_word' id='word_1_45' title='bbox 1812 890 1970 948; x_wconf 82' lang='lat' dir='ltr'>quae</span> <span class='ocrx_word' id='word_1_46' title='bbox 2030 868 2112 947; x_wconf 75' lang='grc' dir='ltr'>τῇ</span> <span class='ocrx_word' id='word_1_47' title='bbox 2170 856 2297 949; x_wconf 77' lang='grc' dir='ltr'>ἥβῃ</span> <span class='ocrx_word' id='word_1_48' title='bbox 2340 871 2664 942; x_wconf 79' lang='lat' dir='ltr'>incumbit,</span> <span class='ocrx_word' id='word_1_49' title='bbox 2722 871 2759 929; x_wconf 89' lang='lat' dir='ltr'>i.</span> <span class='ocrx_word' id='word_1_50' title='bbox 2801 888 2859 929; x_wconf 83' lang='lat' dir='ltr'>e.</span> 
     </span>
     <span class='ocr_line' id='line_1_7' title="bbox 600 963 2857 1052; baseline -0.001 -18"><span class='ocrx_word' id='word_1_51' title='bbox 600 976 778 1034; x_wconf 91' lang='lat' dir='ltr'>imum</span> <span class='ocrx_word' id='word_1_52' title='bbox 839 979 1128 1034; x_wconf 81' lang='lat' dir='ltr'>ventrem.</span> <span class='ocrx_word' id='word_1_53' title='bbox 1227 974 1380 1033; x_wconf 81' lang='lat' dir='ltr'>Nam</span> <span class='ocrx_word' id='word_1_54' title='bbox 1440 974 1793 1051; x_wconf 84' lang='lat' dir='ltr'>plerumque</span> <span class='ocrx_word' id='word_1_55' title='bbox 1853 963 2184 1052; x_wconf 80' lang='grc' dir='ltr'>ἐφήβαιον</span> <span class='ocrx_word' id='word_1_56' title='bbox 2240 974 2318 1035; x_wconf 88' lang='lat' dir='ltr'>de</span> <span class='ocrx_word' id='word_1_57' title='bbox 2377 975 2506 1050; x_wconf 87' lang='lat' dir='ltr'>ipso</span> <span class='ocrx_word' id='word_1_58' title='bbox 2565 970 2857 1051; x_wconf 85' lang='lat' dir='ltr'>pudendo</span> 
     </span>
     <span class='ocr_line' id='line_1_8' title="bbox 601 1075 2857 1161; baseline -0 -26"><span class='ocrx_word' id='word_1_59' title='bbox 601 1075 715 1135; x_wconf 86' lang='lat' dir='ltr'>dici</span> <span class='ocrx_word' id='word_1_60' title='bbox 763 1076 1042 1146; x_wconf 83' lang='lat' dir='ltr'>vidimus,</span> <span class='ocrx_word' id='word_1_61' title='bbox 1108 1082 1167 1136; x_wconf 89' lang='lat' dir='ltr'>et</span> <span class='ocrx_word' id='word_1_62' title='bbox 1211 1077 1389 1154; x_wconf 87' lang='lat' dir='ltr'>plane</span> <span class='ocrx_word' id='word_1_63' title='bbox 1435 1076 1644 1161; x_wconf 80' lang='lat' dir='ltr'>eadem</span> <span class='ocrx_word' id='word_1_64' title='bbox 1689 1076 2126 1153; x_wconf 78' lang='lat' dir='ltr'>significatione</span> <span class='ocrx_word' id='word_1_65' title='bbox 2172 1076 2443 1136; x_wconf 84' lang='lat' dir='ltr'>adbiberi</span> <span class='ocrx_word' id='word_1_66' title='bbox 2490 1095 2613 1153; x_wconf 81' lang='lat' dir='ltr'>qna</span> <span class='ocrx_word' id='word_1_67' title='bbox 2659 1076 2857 1152; x_wconf 86' lang='lat' dir='ltr'>ipsum</span> 
     </span>
     <span class='ocr_line' id='line_1_9' title="bbox 601 1164 2859 1257; baseline 0.001 -22"><span class='ocrx_word' id='word_1_68' title='bbox 601 1164 728 1257; x_wconf 82' lang='grc' dir='ltr'>ἥβη</span> <span class='ocrx_word' id='word_1_69' title='bbox 775 1179 849 1237; x_wconf 85' lang='lat' dir='ltr'>ab</span> <span class='ocrx_word' id='word_1_70' title='bbox 894 1179 997 1238; x_wconf 88' lang='lat' dir='ltr'>Ar.</span> <span class='ocrx_word' id='word_1_71' title='bbox 1028 1179 1186 1238; x_wconf 89' lang='lat' dir='ltr'>Nub.</span> <span class='ocrx_word' id='word_1_72' title='bbox 1218 1175 1362 1256; x_wconf 87' lang='grc'>976,</span> <span class='ocrx_word' id='word_1_73' title='bbox 1407 1178 1654 1239; x_wconf 81' lang='lat' dir='ltr'>Aristot.</span> <span class='ocrx_word' id='word_1_74' title='bbox 1685 1179 1972 1256; x_wconf 85' lang='lat' dir='ltr'>Hippocr.</span> <span class='ocrx_word' id='word_1_75' title='bbox 2011 1179 2085 1238; x_wconf 86' lang='lat' dir='ltr'>al.</span> <span class='ocrx_word' id='word_1_76' title='bbox 2114 1178 2454 1240; x_wconf 79' lang='lat' dir='ltr'>adhibetur.</span> <span class='ocrx_word' id='word_1_77' title='bbox 2540 1177 2859 1238; x_wconf 77' lang='lat' dir='ltr'>Putaverit</span> 
     </span>
     <span class='ocr_line' id='line_1_10' title="bbox 603 1270 2859 1360; baseline -0.001 -19"><span class='ocrx_word' id='word_1_78' title='bbox 603 1281 899 1359; x_wconf 81' lang='lat' dir='ltr'>quispiam</span> <span class='ocrx_word' id='word_1_79' title='bbox 947 1270 1275 1359; x_wconf 78' lang='grc' dir='ltr'>ἐφήβαιον</span> <span class='ocrx_word' id='word_1_80' title='bbox 1322 1281 1567 1359; x_wconf 87' lang='lat' dir='ltr'>proprie</span> <span class='ocrx_word' id='word_1_81' title='bbox 1614 1280 1950 1358; x_wconf 80' lang='lat' dir='ltr'>siguificare</span> <span class='ocrx_word' id='word_1_82' title='bbox 1994 1270 2122 1359; x_wconf 83' lang='grc' dir='ltr'>τὴν</span> <span class='ocrx_word' id='word_1_83' title='bbox 2148 1276 2469 1360; x_wconf 82' lang='grc' dir='ltr'>τρίχωσιν</span> <span class='ocrx_word' id='word_1_84' title='bbox 2497 1279 2678 1354; x_wconf 87' lang='lat' dir='ltr'>(Poll.</span> <span class='ocrx_word' id='word_1_85' title='bbox 2708 1280 2747 1339; x_wconf 89' lang='lat' dir='ltr'>l.</span> <span class='ocrx_word' id='word_1_86' title='bbox 2778 1278 2859 1353; x_wconf 83' lang='lat'>1.),</span> 
     </span>
     <span class='ocr_line' id='line_1_11' title="bbox 605 1367 2857 1461; baseline -0.001 -18"><span class='ocrx_word' id='word_1_87' title='bbox 605 1388 670 1443; x_wconf 89' lang='lat' dir='ltr'>ut</span> <span class='ocrx_word' id='word_1_88' title='bbox 698 1401 856 1459; x_wconf 87' lang='lat' dir='ltr'>quae</span> <span class='ocrx_word' id='word_1_89' title='bbox 888 1367 993 1458; x_wconf 73' lang='grc' dir='ltr'>ἐφ’</span> <span class='ocrx_word' id='word_1_90' title='bbox 1022 1369 1151 1461; x_wconf 78' lang='grc' dir='ltr'>ἥβῃ</span> <span class='ocrx_word' id='word_1_91' title='bbox 1182 1384 1275 1461; x_wconf 77' lang='lat' dir='ltr'>sit,</span> <span class='ocrx_word' id='word_1_92' title='bbox 1314 1383 1421 1443; x_wconf 87' lang='lat' dir='ltr'>sed</span> <span class='ocrx_word' id='word_1_93' title='bbox 1466 1384 1580 1444; x_wconf 88' lang='lat' dir='ltr'>boe</span> <span class='ocrx_word' id='word_1_94' title='bbox 1620 1385 1958 1461; x_wconf 79' lang='lat' dir='ltr'>quaesitum</span> <span class='ocrx_word' id='word_1_95' title='bbox 1998 1384 2256 1444; x_wconf 85' lang='lat' dir='ltr'>videtur.</span> <span class='ocrx_word' id='word_1_96' title='bbox 2343 1383 2857 1460; x_wconf 75' lang='lat' dir='ltr'>simplicissimum</span> 
     </span>
     <span class='ocr_line' id='line_1_12' title="bbox 608 1474 2858 1565; baseline 0 -21"><span class='ocrx_word' id='word_1_97' title='bbox 608 1486 746 1545; x_wconf 85' lang='lat' dir='ltr'>mibi</span> <span class='ocrx_word' id='word_1_98' title='bbox 793 1485 1032 1562; x_wconf 86' lang='lat' dir='ltr'>quidem</span> <span class='ocrx_word' id='word_1_99' title='bbox 1079 1485 1334 1562; x_wconf 82' lang='lat' dir='ltr'>videtur,</span> <span class='ocrx_word' id='word_1_100' title='bbox 1377 1474 1703 1564; x_wconf 80' lang='grc' dir='ltr'>ἐφήβαιον</span> <span class='ocrx_word' id='word_1_101' title='bbox 1748 1487 2067 1564; x_wconf 87' lang='lat' dir='ltr'>repetitum</span> <span class='ocrx_word' id='word_1_102' title='bbox 2111 1504 2244 1546; x_wconf 85' lang='lat' dir='ltr'>esse</span> <span class='ocrx_word' id='word_1_103' title='bbox 2283 1486 2357 1547; x_wconf 88' lang='lat' dir='ltr'>ab</span> <span class='ocrx_word' id='word_1_104' title='bbox 2388 1478 2637 1565; x_wconf 80' lang='grc' dir='ltr'><strong><em>ἔφηβος</em></strong></span> <span class='ocrx_word' id='word_1_105' title='bbox 2664 1483 2858 1561; x_wconf 80' lang='lat' dir='ltr'>(quod</span> 
     </span>
     <span class='ocr_line' id='line_1_13' title="bbox 605 1571 2943 1668; baseline 0 -21"><span class='ocrx_word' id='word_1_106' title='bbox 605 1607 740 1648; x_wconf 86' lang='lat' dir='ltr'>eum</span> <span class='ocrx_word' id='word_1_107' title='bbox 799 1587 1101 1666; x_wconf 80' lang='lat' dir='ltr'>signifieat</span> <span class='ocrx_word' id='word_1_108' title='bbox 1157 1587 1259 1664; x_wconf 86' lang='lat' dir='ltr'>qui</span> <span class='ocrx_word' id='word_1_109' title='bbox 1320 1571 1424 1663; x_wconf 72' lang='grc' dir='ltr'>ἐφ’</span> <span class='ocrx_word' id='word_1_110' title='bbox 1468 1572 1641 1668; x_wconf 80' lang='grc' dir='ltr'><strong><em>ἥβην</em></strong></span> <span class='ocrx_word' id='word_1_111' title='bbox 1686 1586 1908 1665; x_wconf 79' lang='lat' dir='ltr'>venit),</span> <span class='ocrx_word' id='word_1_112' title='bbox 1967 1594 2027 1648; x_wconf 87' lang='lat' dir='ltr'>et</span> <span class='ocrx_word' id='word_1_113' title='bbox 2079 1588 2142 1648; x_wconf 82' lang='lat' dir='ltr'>id</span> <span class='ocrx_word' id='word_1_114' title='bbox 2185 1588 2555 1666; x_wconf 71' lang='lat' dir='ltr'>significare,</span> <span class='ocrx_word' id='word_1_115' title='bbox 2609 1589 2674 1648; x_wconf 92' lang='lat' dir='ltr'>in</span> <span class='ocrx_word' id='word_1_116' title='bbox 2734 1606 2860 1665; x_wconf 88' lang='lat' dir='ltr'>quo</span> <span class='ocrx_word' id='word_1_117' title='bbox 2936 1650 2943 1655; x_wconf 54' lang='lat'><em>„</em></span> 
     </span>
     <span class='ocr_line' id='line_1_14' title="bbox 601 1691 2857 1769; baseline 0 -20"><span class='ocrx_word' id='word_1_118' title='bbox 601 1691 887 1768; x_wconf 80' lang='lat' dir='ltr'><strong>pubertas</strong></span> <span class='ocrx_word' id='word_1_119' title='bbox 941 1691 1193 1750; x_wconf 83' lang='lat' dir='ltr'>maxime</span> <span class='ocrx_word' id='word_1_120' title='bbox 1238 1691 1518 1767; x_wconf 82' lang='lat' dir='ltr'>cernitur,</span> <span class='ocrx_word' id='word_1_121' title='bbox 1565 1693 1599 1749; x_wconf 88' lang='lat' dir='ltr'>i.</span> <span class='ocrx_word' id='word_1_122' title='bbox 1631 1710 1679 1750; x_wconf 89' lang='lat' dir='ltr'>e.</span> <span class='ocrx_word' id='word_1_123' title='bbox 1726 1691 1963 1769; x_wconf 83' lang='lat' dir='ltr'><strong>pubem.</strong></span> <span class='ocrx_word' id='word_1_124' title='bbox 2047 1691 2415 1752; x_wconf 75' lang='lat' dir='ltr'>Tel-minatio</span> <span class='ocrx_word' id='word_1_125' title='bbox 2461 1707 2606 1761; x_wconf 85' lang='grc' dir='ltr'>αιος</span> <span class='ocrx_word' id='word_1_126' title='bbox 2653 1695 2857 1751; x_wconf 87' lang='lat' dir='ltr'>autem</span> 
     </span>
     <span class='ocr_line' id='line_1_15' title="bbox 604 1792 2858 1871; baseline -0 -19"><span class='ocrx_word' id='word_1_127' title='bbox 604 1793 899 1853; x_wconf 82' lang='lat' dir='ltr'>vocabulo</span> <span class='ocrx_word' id='word_1_128' title='bbox 978 1811 1106 1852; x_wconf 88' lang='lat' dir='ltr'>eam</span> <span class='ocrx_word' id='word_1_129' title='bbox 1190 1792 1266 1852; x_wconf 94' lang='lat' dir='ltr'>ob</span> <span class='ocrx_word' id='word_1_130' title='bbox 1337 1810 1578 1852; x_wconf 83' lang='lat' dir='ltr'>causam</span> <span class='ocrx_word' id='word_1_131' title='bbox 1662 1794 1776 1853; x_wconf 87' lang='lat' dir='ltr'>nisi</span> <span class='ocrx_word' id='word_1_132' title='bbox 1856 1794 2034 1867; x_wconf 73' lang='lat' dir='ltr'>fallor</span> <span class='ocrx_word' id='word_1_133' title='bbox 2103 1793 2342 1871; x_wconf 79' lang='lat' dir='ltr'>addita,</span> <span class='ocrx_word' id='word_1_134' title='bbox 2417 1793 2580 1870; x_wconf 87' lang='lat' dir='ltr'>quod</span> <span class='ocrx_word' id='word_1_135' title='bbox 2660 1792 2858 1869; x_wconf 85' lang='lat' dir='ltr'>ipsum</span> 
     </span>
     <span class='ocr_line' id='line_1_16' title="bbox 604 1879 2856 1975; baseline -0 -21"><span class='ocrx_word' id='word_1_136' title='bbox 604 1886 850 1975; x_wconf 81' lang='grc' dir='ltr'><strong><em>ἔφηβος</em></strong></span> <span class='ocrx_word' id='word_1_137' title='bbox 893 1895 968 1955; x_wconf 88' lang='lat' dir='ltr'>ab</span> <span class='ocrx_word' id='word_1_138' title='bbox 1013 1879 1136 1974; x_wconf 76' lang='grc' dir='ltr'>ἥβη</span> <span class='ocrx_word' id='word_1_139' title='bbox 1183 1895 1428 1955; x_wconf 85' lang='lat' dir='ltr'>ductum</span> <span class='ocrx_word' id='word_1_140' title='bbox 1475 1896 1652 1955; x_wconf 84' lang='lat' dir='ltr'>etiam</span> <span class='ocrx_word' id='word_1_141' title='bbox 1696 1895 2021 1974; x_wconf 73' lang='lat' dir='ltr'>sentirent,</span> <span class='ocrx_word' id='word_1_142' title='bbox 2064 1895 2321 1956; x_wconf 85' lang='lat' dir='ltr'>fortasse</span> <span class='ocrx_word' id='word_1_143' title='bbox 2366 1896 2543 1955; x_wconf 79' lang='lat' dir='ltr'>etiam</span> <span class='ocrx_word' id='word_1_144' title='bbox 2598 1894 2856 1954; x_wconf 84' lang='lat' dir='ltr'>eandem</span> 
     </span>
     <span class='ocr_line' id='line_1_17' title="bbox 603 1982 2941 2077; baseline 0.001 -21"><span class='ocrx_word' id='word_1_145' title='bbox 603 1998 772 2058; x_wconf 84' lang='lat' dir='ltr'>vocis</span> <span class='ocrx_word' id='word_1_146' title='bbox 817 1982 947 2077; x_wconf 79' lang='grc' dir='ltr'>ἥβη</span> <span class='ocrx_word' id='word_1_147' title='bbox 992 1995 1488 2074; x_wconf 82' lang='lat' dir='ltr'>significationem</span> <span class='ocrx_word' id='word_1_148' title='bbox 1533 1996 1710 2058; x_wconf 88' lang='lat' dir='ltr'>simul</span> <span class='ocrx_word' id='word_1_149' title='bbox 1756 1999 1814 2058; x_wconf 90' lang='lat' dir='ltr'>in</span> <span class='ocrx_word' id='word_1_150' title='bbox 1861 1999 2075 2058; x_wconf 84' lang='lat' dir='ltr'>animis</span> <span class='ocrx_word' id='word_1_151' title='bbox 2118 1997 2427 2058; x_wconf 83' lang='lat' dir='ltr'>habereut.</span> <span class='ocrx_word' id='word_1_152' title='bbox 2934 2058 2941 2065; x_wconf 77' lang='grc'><em>,</em></span> 
     </span>
     <span class='ocr_line' id='line_1_18' title="bbox 780 2084 2863 2178; baseline 0.001 -20"><span class='ocrx_word' id='word_1_153' title='bbox 780 2086 1155 2178; x_wconf 79' lang='grc' dir='ltr'><strong><em>ἧσυχαῑος</em></strong></span> <span class='ocrx_word' id='word_1_154' title='bbox 1208 2124 1292 2146; x_wconf 84' lang='lat'>=</span> <span class='ocrx_word' id='word_1_155' title='bbox 1345 2084 1593 2177; x_wconf 79' lang='grc' dir='ltr'><strong><em>ἥσυχος</em></strong></span> <span class='ocrx_word' id='word_1_156' title='bbox 1644 2101 1768 2160; x_wconf 82' lang='lat' dir='ltr'>Att.</span> <span class='ocrx_word' id='word_1_157' title='bbox 1861 2099 1976 2161; x_wconf 82' lang='lat' dir='ltr'>Sed</span> <span class='ocrx_word' id='word_1_158' title='bbox 2038 2100 2282 2160; x_wconf 83' lang='lat' dir='ltr'>dubium</span> <span class='ocrx_word' id='word_1_159' title='bbox 2343 2105 2541 2161; x_wconf 86' lang='lat' dir='ltr'>utrum</span> <span class='ocrx_word' id='word_1_160' title='bbox 2601 2099 2681 2161; x_wconf 76' lang='lat' dir='ltr'>ab</span> <span class='ocrx_word' id='word_1_161' title='bbox 2742 2100 2863 2160; x_wconf 89' lang='lat' dir='ltr'>hoc</span> 
     </span>
     <span class='ocr_line' id='line_1_19' title="bbox 605 2188 2653 2280; baseline -0.001 -19"><span class='ocrx_word' id='word_1_162' title='bbox 605 2202 904 2280; x_wconf 82' lang='lat' dir='ltr'>adjectivo</span> <span class='ocrx_word' id='word_1_163' title='bbox 948 2220 1024 2262; x_wconf 84' lang='lat' dir='ltr'>an</span> <span class='ocrx_word' id='word_1_164' title='bbox 1071 2202 1146 2262; x_wconf 84' lang='lat' dir='ltr'>ab</span> <span class='ocrx_word' id='word_1_165' title='bbox 1192 2201 1327 2263; x_wconf 84' lang='lat' dir='ltr'>adv.</span> <span class='ocrx_word' id='word_1_166' title='bbox 1369 2188 1587 2280; x_wconf 79' lang='grc' dir='ltr'><strong><em>ἡσυχῆ</em></strong></span> <span class='ocrx_word' id='word_1_167' title='bbox 1630 2202 1964 2262; x_wconf 82' lang='lat' dir='ltr'>derivatum</span> <span class='ocrx_word' id='word_1_168' title='bbox 2011 2201 2117 2279; x_wconf 80' lang='lat' dir='ltr'>sit3</span> <span class='ocrx_word' id='word_1_169' title='bbox 2161 2201 2238 2262; x_wconf 88' lang='lat' dir='ltr'>ef.</span> <span class='ocrx_word' id='word_1_170' title='bbox 2280 2201 2440 2263; x_wconf 83' lang='lat' dir='ltr'>infra</span> <span class='ocrx_word' id='word_1_171' title='bbox 2482 2201 2519 2273; x_wconf 61' lang='grc' dir='ltr'>ἃ</span> <span class='ocrx_word' id='word_1_172' title='bbox 2549 2197 2653 2263; x_wconf 83' lang='grc'>69.</span> 
     </span>
     <span class='ocr_line' id='line_1_20' title="bbox 775 2296 1713 2375; baseline 0.001 -12"><span class='ocrx_word' id='word_1_173' title='bbox 775 2297 1034 2373; x_wconf 82' lang='grc' dir='ltr'><strong><em>ἰσαῑος</em></strong></span> <span class='ocrx_word' id='word_1_174' title='bbox 1077 2329 1161 2351; x_wconf 81' lang='lat'>===</span> <span class='ocrx_word' id='word_1_175' title='bbox 1207 2296 1348 2375; x_wconf 79' lang='grc' dir='ltr'><strong><em>ἶσος</em></strong></span> <span class='ocrx_word' id='word_1_176' title='bbox 1391 2305 1523 2365; x_wconf 79' lang='lat' dir='ltr'>Nie-</span> <span class='ocrx_word' id='word_1_177' title='bbox 1569 2304 1713 2366; x_wconf 84' lang='lat' dir='ltr'>Call.</span> 
     </span>
     <span class='ocr_line' id='line_1_21' title="bbox 774 2390 2795 2486; baseline 0 -20"><span class='ocrx_word' id='word_1_178' title='bbox 774 2413 1299 2485; x_wconf 86' lang='grc' dir='ltr'><strong><em>καναστραῑα·</em></strong></span> <span class='ocrx_word' id='word_1_179' title='bbox 1346 2395 1543 2466; x_wconf 79' lang='grc' dir='ltr'><strong><em>κοῖλά</em></strong></span> <span class='ocrx_word' id='word_1_180' title='bbox 1586 2423 1741 2466; x_wconf 86' lang='grc' dir='ltr'>τινα</span> <span class='ocrx_word' id='word_1_181' title='bbox 1785 2390 2012 2486; x_wconf 75' lang='grc' dir='ltr'><strong><em>ἀγγεῖα</em></strong></span> <span class='ocrx_word' id='word_1_182' title='bbox 2054 2407 2221 2471; x_wconf 73' lang='lat' dir='ltr'>said.</span> <span class='ocrx_word' id='word_1_183' title='bbox 2263 2405 2326 2482; x_wconf 83' lang='lat' dir='ltr'>(a</span> <span class='ocrx_word' id='word_1_184' title='bbox 2366 2395 2795 2486; x_wconf 83' lang='grc' dir='ltr'><strong><em>κάναστρον).</em></strong></span> 
     </span>
     <span class='ocr_line' id='line_1_22' title="bbox 778 2497 1850 2588; baseline -0.001 -20"><span class='ocrx_word' id='word_1_185' title='bbox 778 2497 1243 2583; x_wconf 83' lang='grc' dir='ltr'><strong><em>[καστάναια</em></strong></span> <span class='ocrx_word' id='word_1_186' title='bbox 1289 2509 1358 2568; x_wconf 88' lang='lat' dir='ltr'>V.</span> <span class='ocrx_word' id='word_1_187' title='bbox 1404 2527 1588 2586; x_wconf 84' lang='lat' dir='ltr'>snpra</span> <span class='ocrx_word' id='word_1_188' title='bbox 1631 2529 1689 2588; x_wconf 90' lang='lat' dir='ltr'>p.</span> <span class='ocrx_word' id='word_1_189' title='bbox 1720 2509 1850 2582; x_wconf 79' lang='grc'><strong>45].</strong></span> 
     </span>
    </p>
   </div>
   <div class='ocr_carea' id='block_1_3' title="bbox 777 2607 2864 2692">
    <p class='ocr_par' dir='ltr' id='par_1_3' title="bbox 777 2607 2864 2692">
     <span class='ocr_line' id='line_1_23' title="bbox 777 2607 2864 2692; baseline 0.001 -22"><span class='ocrx_word' id='word_1_190' title='bbox 777 2629 871 2671; x_wconf 87' lang='grc' dir='ltr'><strong><em>κα</em></strong></span> <span class='ocrx_word' id='word_1_191' title='bbox 885 2607 1128 2691; x_wconf 79' lang='grc' dir='ltr'><strong><em>ρπαία</em></strong></span> <span class='ocrx_word' id='word_1_192' title='bbox 1191 2612 1522 2674; x_wconf 80' lang='lat' dir='ltr'>vocabatur</span> <span class='ocrx_word' id='word_1_193' title='bbox 1577 2613 1913 2674; x_wconf 70' lang='lat' dir='ltr'>saltationis</span> <span class='ocrx_word' id='word_1_194' title='bbox 1970 2629 2165 2690; x_wconf 81' lang='lat' dir='ltr'>genus</span> <span class='ocrx_word' id='word_1_195' title='bbox 2219 2613 2635 2691; x_wconf 73' lang='lat' dir='ltr'>Thessalicae,</span> <span class='ocrx_word' id='word_1_196' title='bbox 2695 2614 2864 2692; x_wconf 86' lang='lat' dir='ltr'>quod</span> 
     </span>
    </p>
   </div>
   <div class='ocr_carea' id='block_1_4' title="bbox 505 2703 2863 2794">
    <p class='ocr_par' dir='ltr' id='par_1_4' title="bbox 505 2703 2863 2794">
     <span class='ocr_line' id='line_1_24' title="bbox 505 2703 2863 2794; baseline 0 -18"><span class='ocrx_word' id='word_1_197' title='bbox 505 2703 514 2706; x_wconf 57' lang='grc'><strong>’</strong></span> <span class='ocrx_word' id='word_1_198' title='bbox 606 2715 893 2777; x_wconf 83' lang='lat' dir='ltr'>describit</span> <span class='ocrx_word' id='word_1_199' title='bbox 935 2716 1083 2774; x_wconf 88' lang='lat' dir='ltr'>Xen.</span> <span class='ocrx_word' id='word_1_200' title='bbox 1135 2716 1229 2793; x_wconf 87' lang='lat' dir='ltr'>VI,</span> <span class='ocrx_word' id='word_1_201' title='bbox 1283 2713 1329 2790; x_wconf 87' lang='lat' dir='ltr'>l,</span> <span class='ocrx_word' id='word_1_202' title='bbox 1378 2712 1432 2775; x_wconf 90' lang='lat'>7.</span> <span class='ocrx_word' id='word_1_203' title='bbox 1521 2715 1755 2775; x_wconf 86' lang='lat' dir='ltr'>Nomen</span> <span class='ocrx_word' id='word_1_204' title='bbox 1816 2715 2053 2793; x_wconf 83' lang='lat' dir='ltr'>accepit</span> <span class='ocrx_word' id='word_1_205' title='bbox 2093 2734 2132 2774; x_wconf 80' lang='lat' dir='ltr'>a</span> <span class='ocrx_word' id='word_1_206' title='bbox 2173 2705 2434 2794; x_wconf 75' lang='grc' dir='ltr'><strong><em>καρπός</em></strong></span> <span class='ocrx_word' id='word_1_207' title='bbox 2492 2716 2604 2776; x_wconf 89' lang='lat' dir='ltr'>nisi</span> <span class='ocrx_word' id='word_1_208' title='bbox 2668 2716 2863 2793; x_wconf 82' lang='lat' dir='ltr'>fallor,</span> 
     </span>
    </p>
   </div>
   <div class='ocr_carea' id='block_1_5' title="bbox 606 2791 2867 4341">
    <p class='ocr_par' dir='ltr' id='par_1_5' title="bbox 606 2791 2863 3103">
     <span class='ocr_line' id='line_1_25' title="bbox 606 2791 2863 2904; baseline 0.001 -27"><span class='ocrx_word' id='word_1_209' title='bbox 606 2819 751 2894; x_wconf 83' lang='lat' dir='ltr'>qnia</span> <span class='ocrx_word' id='word_1_210' title='bbox 794 2791 1083 2878; x_wconf 78' lang='lat' dir='ltr'>saltantes</span> <span class='ocrx_word' id='word_1_211' title='bbox 1128 2818 1515 2878; x_wconf 77' lang='lat' dir='ltr'>imitabantur</span> <span class='ocrx_word' id='word_1_212' title='bbox 1557 2818 1865 2895; x_wconf 79' lang='lat' dir='ltr'>agricolae</span> <span class='ocrx_word' id='word_1_213' title='bbox 1893 2819 2120 2879; x_wconf 85' lang='lat' dir='ltr'>arantis</span> <span class='ocrx_word' id='word_1_214' title='bbox 2148 2835 2284 2880; x_wconf 86' lang='lat' dir='ltr'>eum</span> <span class='ocrx_word' id='word_1_215' title='bbox 2314 2819 2548 2879; x_wconf 82' lang='lat' dir='ltr'>latrone</span> <span class='ocrx_word' id='word_1_216' title='bbox 2577 2837 2863 2904; x_wconf 81' lang='lat' dir='ltr'>pugnam.</span> 
     </span>
     <span class='ocr_line' id='line_1_26' title="bbox 613 2911 2863 2991; baseline -0.001 -11"><span class='ocrx_word' id='word_1_217' title='bbox 613 2921 976 2982; x_wconf 84' lang='lat' dir='ltr'>Vocabulum</span> <span class='ocrx_word' id='word_1_218' title='bbox 1023 2920 1261 2980; x_wconf 84' lang='lat' dir='ltr'>videtur</span> <span class='ocrx_word' id='word_1_219' title='bbox 1307 2937 1438 2981; x_wconf 82' lang='lat' dir='ltr'>esse</span> <span class='ocrx_word' id='word_1_220' title='bbox 1481 2920 1893 2981; x_wconf 81' lang='lat' dir='ltr'>thessalicum:</span> <span class='ocrx_word' id='word_1_221' title='bbox 1937 2911 2128 2981; x_wconf 83' lang='grc' dir='ltr'><strong><em>Μετὰ</em></strong></span> <span class='ocrx_word' id='word_1_222' title='bbox 2161 2917 2370 2986; x_wconf 79' lang='grc' dir='ltr'><strong><em>τοῦτο</em></strong></span> <span class='ocrx_word' id='word_1_223' title='bbox 2401 2914 2718 2991; x_wconf 75' lang='grc' dir='ltr'>Αἰνιᾶνες</span> <span class='ocrx_word' id='word_1_224' title='bbox 2744 2915 2863 2980; x_wconf 85' lang='grc' dir='ltr'><strong><em>καὶ</em></strong></span> 
     </span>
     <span class='ocr_line' id='line_1_27' title="bbox 607 3006 2861 3103; baseline -0.001 -19"><span class='ocrx_word' id='word_1_225' title='bbox 607 3011 962 3103; x_wconf 75' lang='grc' dir='ltr'><strong><em>Μάγνητες</em></strong></span> <span class='ocrx_word' id='word_1_226' title='bbox 983 3006 1384 3101; x_wconf 74' lang='grc' dir='ltr'><strong><em>ἀνέστησαν,</em></strong></span> <span class='ocrx_word' id='word_1_227' title='bbox 1424 3017 1490 3081; x_wconf 86' lang='grc' dir='ltr'>οι</span> <span class='ocrx_word' id='word_1_228' title='bbox 1514 3007 1871 3100; x_wconf 70' lang='grc' dir='ltr'><strong><em>ὠρχοῦντο</em></strong></span> <span class='ocrx_word' id='word_1_229' title='bbox 1894 3012 2024 3101; x_wconf 83' lang='grc' dir='ltr'>τὴν</span> <span class='ocrx_word' id='word_1_230' title='bbox 2046 3017 2389 3102; x_wconf 73' lang='grc' dir='ltr'><strong><em>καρπαίαν</em></strong></span> <span class='ocrx_word' id='word_1_231' title='bbox 2410 3016 2861 3103; x_wconf 77' lang='grc' dir='ltr'>καλουμένην.</span> 
     </span>
    </p>

    <p class='ocr_par' dir='ltr' id='par_1_6' title="bbox 607 3115 2863 3307">
     <span class='ocr_line' id='line_1_28' title="bbox 776 3115 2863 3206; baseline -0 -21"><span class='ocrx_word' id='word_1_232' title='bbox 776 3131 1118 3206; x_wconf 75' lang='grc' dir='ltr'><strong><em>κηπαϊος</em></strong></span> <span class='ocrx_word' id='word_1_233' title='bbox 1163 3125 1431 3187; x_wconf 83' lang='lat' dir='ltr'>Oleareh.</span> <span class='ocrx_word' id='word_1_234' title='bbox 1464 3127 1593 3186; x_wconf 86' lang='lat' dir='ltr'>Gal.</span> <span class='ocrx_word' id='word_1_235' title='bbox 1625 3127 1823 3186; x_wconf 80' lang='lat' dir='ltr'>Diosc.</span> <span class='ocrx_word' id='word_1_236' title='bbox 1868 3120 2173 3204; x_wconf 75' lang='grc' dir='ltr'><strong><em>κηκαία</em></strong></span> <span class='ocrx_word' id='word_1_237' title='bbox 2214 3143 2299 3185; x_wconf 85' lang='lat' dir='ltr'>sc.</span> <span class='ocrx_word' id='word_1_238' title='bbox 2338 3115 2521 3204; x_wconf 76' lang='grc' dir='ltr'><strong><em>θύρα</em></strong></span> <span class='ocrx_word' id='word_1_239' title='bbox 2548 3125 2863 3204; x_wconf 87' lang='lat' dir='ltr'>Hermipp.</span> 
     </span>
     <span class='ocr_line' id='line_1_29' title="bbox 607 3222 1872 3307; baseline -0.001 -19"><span class='ocrx_word' id='word_1_240' title='bbox 607 3228 780 3303; x_wconf 88' lang='lat' dir='ltr'>(com.</span> <span class='ocrx_word' id='word_1_241' title='bbox 826 3227 987 3301; x_wconf 61' lang='lat' dir='ltr'>vet).</span> <span class='ocrx_word' id='word_1_242' title='bbox 1074 3222 1376 3307; x_wconf 77' lang='grc' dir='ltr'><strong><em>κηπαία</em></strong></span> <span class='ocrx_word' id='word_1_243' title='bbox 1419 3228 1631 3305; x_wconf 84' lang='lat' dir='ltr'>planta</span> <span class='ocrx_word' id='word_1_244' title='bbox 1676 3227 1872 3288; x_wconf 87' lang='lat' dir='ltr'>Diose.</span> 
     </span>
    </p>

    <p class='ocr_par' dir='ltr' id='par_1_7' title="bbox 611 3317 2859 3511">
     <span class='ocr_line' id='line_1_30' title="bbox 775 3317 2859 3409; baseline 0.002 -21"><span class='ocrx_word' id='word_1_245' title='bbox 775 3337 1150 3408; x_wconf 83' lang='grc' dir='ltr'><strong><em>κιρραῑος</em></strong></span> <span class='ocrx_word' id='word_1_246' title='bbox 1193 3317 1378 3400; x_wconf 78' lang='grc' dir='ltr'><strong><em>οἶνος</em></strong></span> <span class='ocrx_word' id='word_1_247' title='bbox 1420 3348 1532 3407; x_wconf 87' lang='lat' dir='ltr'>pro</span> <span class='ocrx_word' id='word_1_248' title='bbox 1578 3319 1828 3409; x_wconf 84' lang='grc' dir='ltr'>κιρρός,</span> <span class='ocrx_word' id='word_1_249' title='bbox 1872 3330 2058 3391; x_wconf 84' lang='lat' dir='ltr'>schol.</span> <span class='ocrx_word' id='word_1_250' title='bbox 2104 3331 2237 3390; x_wconf 87' lang='lat' dir='ltr'>Nic.</span> <span class='ocrx_word' id='word_1_251' title='bbox 2281 3329 2431 3392; x_wconf 84' lang='lat' dir='ltr'>ther.</span> <span class='ocrx_word' id='word_1_252' title='bbox 2476 3327 2600 3388; x_wconf 79' lang='lat'>519</span> <span class='ocrx_word' id='word_1_253' title='bbox 2645 3329 2725 3391; x_wconf 84' lang='lat' dir='ltr'>ad</span> <span class='ocrx_word' id='word_1_254' title='bbox 2762 3349 2859 3392; x_wconf 82' lang='lat' dir='ltr'>ex-</span> 
     </span>
     <span class='ocr_line' id='line_1_31' title="bbox 611 3420 1567 3511; baseline -0.002 -18"><span class='ocrx_word' id='word_1_255' title='bbox 611 3425 958 3511; x_wconf 79' lang='lat' dir='ltr'>plicandum</span> <span class='ocrx_word' id='word_1_256' title='bbox 1003 3420 1319 3509; x_wconf 72' lang='grc' dir='ltr'>κιρράδος,</span> <span class='ocrx_word' id='word_1_257' title='bbox 1363 3424 1567 3511; x_wconf 76' lang='grc' dir='ltr'><strong><em>οἲνης.</em></strong></span> 
     </span>
    </p>

    <p class='ocr_par' dir='ltr' id='par_1_8' title="bbox 778 3531 1726 3605">
     <span class='ocr_line' id='line_1_32' title="bbox 778 3531 1726 3605; baseline 0.002 -13"><span class='ocrx_word' id='word_1_258' title='bbox 778 3532 1145 3604; x_wconf 82' lang='grc' dir='ltr'><strong><em>κοιλαῖος</em></strong></span> <span class='ocrx_word' id='word_1_259' title='bbox 1187 3557 1272 3580; x_wconf 76' lang='lat'>==</span> <span class='ocrx_word' id='word_1_260' title='bbox 1315 3531 1550 3605; x_wconf 82' lang='grc' dir='ltr'><strong><em>κοῖλος</em></strong></span> <span class='ocrx_word' id='word_1_261' title='bbox 1596 3534 1726 3597; x_wconf 85' lang='lat' dir='ltr'>Gal.</span> 
     </span>
    </p>

    <p class='ocr_par' dir='ltr' id='par_1_9' title="bbox 606 3627 2867 4341">
     <span class='ocr_line' id='line_1_33' title="bbox 777 3627 2861 3716; baseline 0.001 -22"><span class='ocrx_word' id='word_1_262' title='bbox 777 3633 1274 3714; x_wconf 81' lang='grc' dir='ltr'><strong><em>κολουραῑος.</em></strong></span> <span class='ocrx_word' id='word_1_263' title='bbox 1366 3636 1523 3698; x_wconf 84' lang='lat' dir='ltr'>Cau.-</span> <span class='ocrx_word' id='word_1_264' title='bbox 1558 3636 1630 3697; x_wconf 89' lang='lat' dir='ltr'>fr.</span> <span class='ocrx_word' id='word_1_265' title='bbox 1675 3633 1763 3696; x_wconf 78' lang='lat'>66</span> <span class='ocrx_word' id='word_1_266' title='bbox 1804 3629 1880 3697; x_wconf 76' lang='grc' dir='ltr'>ἐν</span> <span class='ocrx_word' id='word_1_267' title='bbox 1919 3631 2044 3715; x_wconf 80' lang='grc' dir='ltr'>μὲν</span> <span class='ocrx_word' id='word_1_268' title='bbox 2088 3627 2215 3716; x_wconf 82' lang='grc' dir='ltr'>γὰρ</span> <span class='ocrx_word' id='word_1_269' title='bbox 2268 3633 2572 3716; x_wconf 77' lang='grc' dir='ltr'>Τροιζῆνι</span> <span class='ocrx_word' id='word_1_270' title='bbox 2615 3636 2861 3697; x_wconf 78' lang='grc' dir='ltr'><strong><em>κολου-</em></strong></span> 
     </span>
     <span class='ocr_line' id='line_1_34' title="bbox 606 3725 2859 3819; baseline 0.004 -23"><span class='ocrx_word' id='word_1_271' title='bbox 606 3732 760 3818; x_wconf 75' lang='grc' dir='ltr'>ραίη</span> <span class='ocrx_word' id='word_1_272' title='bbox 816 3725 951 3798; x_wconf 81' lang='grc' dir='ltr'>ὑπὸ</span> <span class='ocrx_word' id='word_1_273' title='bbox 1014 3733 1225 3818; x_wconf 75' lang='grc' dir='ltr'><strong><em>πέτρῃ</em></strong></span> <span class='ocrx_word' id='word_1_274' title='bbox 1288 3736 1462 3819; x_wconf 82' lang='grc' dir='ltr'><strong><em>Θῆκε</em></strong></span> <span class='ocrx_word' id='word_1_275' title='bbox 1519 3729 1649 3799; x_wconf 81' lang='grc' dir='ltr'>οὐν</span> <span class='ocrx_word' id='word_1_276' title='bbox 1707 3727 2088 3818; x_wconf 73' lang='grc' dir='ltr'>ἆρπίδεσσι,</span> <span class='ocrx_word' id='word_1_277' title='bbox 2148 3759 2232 3801; x_wconf 84' lang='lat' dir='ltr'>sc.</span> <span class='ocrx_word' id='word_1_278' title='bbox 2290 3743 2532 3818; x_wconf 87' lang='lat' dir='ltr'>Aegeus</span> <span class='ocrx_word' id='word_1_279' title='bbox 2590 3740 2859 3817; x_wconf 70' lang='lat' dir='ltr'>gladium</span> 
     </span>
     <span class='ocr_line' id='line_1_35' title="bbox 607 3840 2863 3922; baseline 0 -20"><span class='ocrx_word' id='word_1_280' title='bbox 607 3841 727 3902; x_wconf 90' lang='lat' dir='ltr'>filio</span> <span class='ocrx_word' id='word_1_281' title='bbox 788 3840 1164 3904; x_wconf 84' lang='lat' dir='ltr'>destinatum.</span> <span class='ocrx_word' id='word_1_282' title='bbox 1262 3843 1441 3906; x_wconf 82' lang='lat' dir='ltr'>Hunc</span> <span class='ocrx_word' id='word_1_283' title='bbox 1498 3843 1695 3904; x_wconf 90' lang='lat' dir='ltr'>locum</span> <span class='ocrx_word' id='word_1_284' title='bbox 1754 3847 2029 3920; x_wconf 84' lang='lat' dir='ltr'>spectant</span> <span class='ocrx_word' id='word_1_285' title='bbox 2087 3844 2321 3922; x_wconf 84' lang='lat' dir='ltr'>glossae</span> <span class='ocrx_word' id='word_1_286' title='bbox 2379 3862 2476 3921; x_wconf 84' lang='lat' dir='ltr'>ap.</span> <span class='ocrx_word' id='word_1_287' title='bbox 2519 3843 2729 3904; x_wconf 77' lang='lat' dir='ltr'>Tzetz.</span> <span class='ocrx_word' id='word_1_288' title='bbox 2786 3844 2863 3903; x_wconf 86' lang='lat' dir='ltr'>ad</span> 
     </span>
     <span class='ocr_line' id='line_1_36' title="bbox 607 3930 2865 4025; baseline 0 -22"><span class='ocrx_word' id='word_1_289' title='bbox 607 3943 760 4020; x_wconf 89' lang='lat' dir='ltr'>Lyc.</span> <span class='ocrx_word' id='word_1_290' title='bbox 807 3940 928 4001; x_wconf 76' lang='lat'>494</span> <span class='ocrx_word' id='word_1_291' title='bbox 975 3930 1113 4004; x_wconf 76' lang='grc' dir='ltr'>ὑπὸ</span> <span class='ocrx_word' id='word_1_292' title='bbox 1159 3939 1394 4025; x_wconf 79' lang='grc' dir='ltr'><strong><em>κοίλην</em></strong></span> <span class='ocrx_word' id='word_1_293' title='bbox 1436 3939 1716 4023; x_wconf 80' lang='grc' dir='ltr'><strong><em>πέτραν,</em></strong></span> <span class='ocrx_word' id='word_1_294' title='bbox 1760 3945 1923 4007; x_wconf 83' lang='lat' dir='ltr'>Suid.</span> <span class='ocrx_word' id='word_1_295' title='bbox 1952 3940 2319 4025; x_wconf 74' lang='grc' dir='ltr'><strong><em>κολουραία</em></strong></span> <span class='ocrx_word' id='word_1_296' title='bbox 2360 3940 2602 4024; x_wconf 54' lang='grc' dir='ltr'><strong><em>πέτρα</em></strong></span> <span class='ocrx_word' id='word_1_297' title='bbox 2649 3939 2865 4025; x_wconf 76' lang='grc' dir='ltr'><strong><em>κοίλη,</em></strong></span> 
     </span>
     <span class='ocr_line' id='line_1_37' title="bbox 606 4033 2863 4130; baseline 0.001 -25"><span class='ocrx_word' id='word_1_298' title='bbox 606 4040 1004 4126; x_wconf 79' lang='grc' dir='ltr'><strong><em>κεκαμμένη,</em></strong></span> <span class='ocrx_word' id='word_1_299' title='bbox 1048 4033 1090 4125; x_wconf 85' lang='grc' dir='ltr'><em>ἢ</em></span> <span class='ocrx_word' id='word_1_300' title='bbox 1126 4037 1528 4130; x_wconf 78' lang='grc' dir='ltr'><strong><em>στρογγύλη,</em></strong></span> <span class='ocrx_word' id='word_1_301' title='bbox 1568 4036 1757 4126; x_wconf 80' lang='grc' dir='ltr'><strong><em>,παρὰ</em></strong></span> <span class='ocrx_word' id='word_1_302' title='bbox 1788 4038 2212 4127; x_wconf 77' lang='grc' dir='ltr'>Καλλιμάχῳ.</span> <span class='ocrx_word' id='word_1_303' title='bbox 2281 4049 2573 4126; x_wconf 81' lang='lat' dir='ltr'>Hesych.:</span> <span class='ocrx_word' id='word_1_304' title='bbox 2618 4046 2863 4118; x_wconf 76' lang='grc' dir='ltr'><strong><em>κολου·</em></strong></span> 
     </span>
     <span class='ocr_line' id='line_1_38' title="bbox 606 4135 2866 4232; baseline 0 -22"><span class='ocrx_word' id='word_1_305' title='bbox 606 4143 740 4229; x_wconf 80' lang='grc' dir='ltr'>ρέη.</span> <span class='ocrx_word' id='word_1_306' title='bbox 809 4138 1080 4228; x_wconf 79' lang='grc' dir='ltr'>κολοβή.</span> <span class='ocrx_word' id='word_1_307' title='bbox 1146 4139 1470 4230; x_wconf 80' lang='grc' dir='ltr'>νεωτάτη.</span> <span class='ocrx_word' id='word_1_308' title='bbox 1546 4145 1871 4232; x_wconf 78' lang='grc' dir='ltr'><strong><em>κολουρίᾳ</em></strong></span> <span class='ocrx_word' id='word_1_309' title='bbox 1893 4163 1906 4176; x_wconf 89' lang='grc'><em>·</em></span> <span class='ocrx_word' id='word_1_310' title='bbox 1965 4148 2046 4227; x_wconf 78' lang='grc' dir='ltr'>τῇ</span> <span class='ocrx_word' id='word_1_311' title='bbox 2089 4135 2442 4232; x_wconf 69' lang='grc' dir='ltr'><strong><em>ἀποτομία.</em></strong></span> <span class='ocrx_word' id='word_1_312' title='bbox 2506 4138 2866 4230; x_wconf 81' lang='grc' dir='ltr'><strong><em>Κόλουρος</em></strong></span> 
     </span>
     <span class='ocr_line' id='line_1_39' title="bbox 609 4251 2867 4341; baseline 0 -27"><span class='ocrx_word' id='word_1_313' title='bbox 609 4253 856 4332; x_wconf 87' lang='lat' dir='ltr'>proprie</span> <span class='ocrx_word' id='word_1_314' title='bbox 899 4251 1198 4333; x_wconf 83' lang='lat' dir='ltr'>significat</span> <span class='ocrx_word' id='word_1_315' title='bbox 1243 4252 1436 4314; x_wconf 84' lang='lat' dir='ltr'>cauda</span> <span class='ocrx_word' id='word_1_316' title='bbox 1480 4252 1748 4332; x_wconf 86' lang='lat' dir='ltr'>orbatus,</span> <span class='ocrx_word' id='word_1_317' title='bbox 1793 4257 1917 4314; x_wconf 86' lang='lat' dir='ltr'>tum</span> <span class='ocrx_word' id='word_1_318' title='bbox 1949 4255 2193 4314; x_wconf 87' lang='lat' dir='ltr'>omnino</span> <span class='ocrx_word' id='word_1_319' title='bbox 2222 4254 2867 4341; x_wconf 19' lang='lat' dir='ltr'>truncatum-mutilus.</span> 
     </span>
    </p>
   </div>
   <div class='ocr_carea' id='block_1_6' title="bbox 3154 531 3160 1998">
    <p class='ocr_par' dir='ltr' id='par_1_10' title="bbox 3154 531 3160 1998">
     <span class='ocr_line' id='line_1_40' title="bbox 3154 531 3160 1998; baseline 0 0"><span class='ocrx_word' id='word_1_320' title='bbox 3154 531 3160 1998; x_wconf 95' lang='lat' dir='ltr'> </span> 
     </span>
    </p>
   </div>
   <div class='ocr_carea' id='block_1_7' title="bbox 3155 3694 3159 4727">
    <p class='ocr_par' dir='ltr' id='par_1_11' title="bbox 3155 3694 3159 4727">
     <span class='ocr_line' id='line_1_41' title="bbox 3155 3694 3159 4727; baseline 0 0"><span class='ocrx_word' id='word_1_321' title='bbox 3155 3694 3159 4727; x_wconf 95' lang='lat' dir='ltr'> </span> 
     </span>
    </p>
   </div>
  </div>
 </body>
</html>
