3166 4871
504 278 623 340 122

672 451 735 527 b)
781 454 943 534 Sept.
989 461 1130 519 895.
1175 451 1515 517 διαντείαν
1560 449 1769 534 λέγεις
1813 444 2074 533 δόμοισι
2118 459 2228 515 ete.

588 576 875 635 praesens
906 559 1292 621 referendum
1326 566 1416 622 est
1446 559 1521 620 ad
1554 578 1645 636 ea,
1689 577 1843 636 quae
1887 558 2288 637 praecedunt,
2324 564 2392 619 ut
2434 561 2742 635 exspecta·

584 661 773 720 veris:
820 652 1047 738 ἔλεξας
1092 664 1243 723 sieut
1287 662 1551 739 Choeph.
1582 666 1726 724 434.

501 763 666 822 Pers.
713 766 852 824 245.
1011 754 1196 824 δεινά
1249 781 1358 824 τοι
1422 759 1634 844 λέγεις
1676 795 1762 804 —
1811 764 2054 824 nuntius
2099 781 2245 825 vero
2287 764 2402 823 iam
2459 760 2744 839 loquendi

588 862 761 924 finem
809 866 967 926 feeit.

504 965 645 1026 ibid.
692 971 835 1031 989.
1015 959 1211 1049 ἴυγγά
1252 987 1366 1049 μοι
1413 953 1553 1050 δῆτ’

1016 1056 1295 1151 άγαθοῦν
1341 1061 1604 1151 ἑτάρων
1648 1059 2188 1150 ὑπομιμνήσκεις,

1013 1160 1245 1234 ἄλαστ’
1291 1160 1544 1234 ἄλαστα
1588 1163 1840 1252 στυγνὰ
1886 1162 2199 1251 πρόκακα
2246 1166 2481 1249 λέγων.

504 1276 617 1352 Ag.
665 1280 804 1336 351.
1013 1267 1228 1357 γύναι,
1273 1261 1420 1337 κατ’
1464 1265 1681 1356 ἄνδρα
1724 1259 2022 1354 σώφρον’
2067 1259 2416 1354 εὐφρόνως
2461 1268 2689 1353 λέγεις.

595 1377 828 1439 Chorus
873 1379 1200 1457 respondet
1243 1380 1690 1458 Clytemestrae,
1735 1397 1892 1457 quae
1939 1377 2114 1440 modo
2159 1379 2358 1439 loeuta
2403 1384 2509 1438 est.

507 1480 772 1557 Oboeph.
797 1486 977 1543 1444.
1020 1477 1225 1562 λέγεις
1283 1480 1611 1562 πατρῷον
1686 1471 1934 1562 μόρον,
2006 1481 2386 1542 referendum
2447 1499 2593 1540 vero
2661 1483 2753 1539 est

590 1583 736 1643 illud
784 1578 990 1664 λέγεις
1035 1587 1110 1645 ad
1157 1604 1370 1646 versus
1412 1584 1846 1663 praecedentes
1891 1588 2269 1661 439—443,
2330 1583 2550 1661 quibus
2596 1582 2752 1660 Aga-

595 1688 920 1747 memnonis
965 1687 1182 1747 eaedes
1229 1688 1595 1765 deploratur.

508 1786 715 1865 Suppl.
761 1793 899 1851 500.
1017 1769 1092 1849 εὖ
1134 1780 1261 1871 γὰρ
1307 1773 1344 1850 ὃ
1390 1785 1581 1866 ξένος
1626 1784 1820 1870 λέγει.

510 1892 708 1952 Prom.
759 1896 897 1954 101.
1019 1888 1241 1953 καίτοι
1284 1888 1352 1952 τί
1397 1909 1597 1972 φημι,·

509 1994 618 2071 Ag.
670 1999 849 2056 1613.
1017 1987 1100 2056 σύ
1147 1981 1206 2055 δ’
1250 1984 1463 2075 ἄνδρα
1508 1984 1706 2056 τόνδε
1751 1987 1877 2073 φῂς
1907 1981 2086 2055 ἑκών
2119 2000 2590 2068 κατακτανεῖν,
2637 1993 2750 2053 Ae·

595 2098 794 2176 gistbo
817 2100 1145 2177 respondet
1169 2101 1417 2179 ehorus;
1448 2099 1544 2160 ille
1568 2118 1713 2161 vero
1737 2102 2005 2160 oratione
2031 2098 2232 2159 habita
2256 2097 2551 2158 nunciam
2577 2099 2754 2156 tacet.

513 2200 677 2259 Pers.
724 2205 865 2262 276.
1019 2193 1459 2262 κατθανόντα
1507 2195 1714 2281 λέγεις
1760 2195 2082 2280 φέρεσθαι
2131 2205 2243 2261 ete.

599 2305 846 2363 nuntius
892 2306 1060 2366 euius
1102 2304 1179 2364 ad
1225 2306 1410 2366 verba
1456 2306 1604 2366 haee
1648 2306 1996 2367 referuntur
2051 2303 2339 2382 loquendi
2398 2301 2573 2362 modo
2618 2301 2758 2362 feeit

596 2404 788 2466 finem.

513 2505 672 2585 Sept.
717 2514 859 2572 400.
1022 2506 1128 2570 καὶ
1179 2502 1386 2570 νύκτα
1431 2500 1687 2591 ταύτην
1729 2495 1812 2591 ἢν
1860 2503 2073 2590 λέγεις
2116 2515 2230 2570 ete.

1024 2614 1098 2673 ef.
1142 2613 1303 2692 Sept.
1349 2618 1491 2676 553.
1536 2598 1618 2672 ὃν
1663 2606 1889 2691 λέγεις.

514 2716 679 2774 Pers.
727 2717 867 2777 986.
1020 2711 1302 2794 Πέρσαις
1345 2749 1429 2756 —-
1475 2707 1651 2776 κακὰ
1693 2705 2008 2794 πρόκακα
2056 2708 2278 2794 λέγεις.

516 2819 628 2895 Ag.
676 2823 817 2880 315.
1031 2814 1274 2900 τέκμαρ
1322 2817 1593 2879 τοιοῦτο
1640 2805 1980 2898 σύμβολόν
2021 2836 2091 2877 τε
2142 2812 2249 2877 σοὶ
2297 2810 2468 2896 λέγω
2514 2820 2626 2876 ete.

604 2921 662 2981 in
707 2920 825 2982 fine
872 2924 1177 3002 orationis,
1223 2942 1343 3000 qua
1376 2924 1772 3001 Clytemestra
1803 2924 1975 2999 ignes
2003 2922 2224 2983 Troiae
2254 2919 2759 2998 expugnationem

604 3024 778 3086 solito
826 3026 998 3086 eitius
1041 3027 1377 3087 indicantes
1423 3026 1717 3087 describit.

520 3128 657 3188 ibid.
703 3133 843 3190 545.
986 3126 1237 3188 ποθεῖν
1281 3124 1646 3188 ποθοῦντα
1691 3118 1890 3207 τήνδε
1932 3122 2060 3206 γῆν
2106 3115 2398 3206 στρατὸν
2440 3116 2649 3204 λέγεις
2678 3156 2760 3164 --

606 3233 662 3291 ἰη
709 3232 1160 3312 stiolnomythia,
1222 3251 1377 3311 quae
1429 3231 1680 3304 dieitur3
1736 3233 1898 3291 vices
1957 3228 2365 3307 interrogandi
2412 3233 2471 3289 et
2514 3245 2759 3306 respon-

606 3334 784 3394 dendi
832 3337 1135 3413 praesenti
1182 3355 1300 3396 nou
1350 3335 1729 3396 mediocriter
1772 3334 1994 3395 favent.

522 3436 662 3496 ibid.
711 3441 892 3498 1129.
1032 3428 1422 3513 δολοφόνου
1467 3432 1745 3517 λέβητος
1787 3426 1992 3514 τύχαν
2040 3448 2146 3494 σοι
2193 3429 2383 3513 λέγω.

522 3539 784 3616 Choeph.
836 3543 972 3600 181.
1032 3524 1156 3616 οὔχ
1200 3522 1409 3619 ἧσσον
1454 3525 1841 3619 εὐδάκρυτά
1879 3555 1993 3617 μοι
2039 3533 2250 3616 λέγεις
2296 3526 2472 3596 τάδε.

693 3642 883 3701 Etiam
949 3644 1006 3701 in
1067 3643 1662 3720 interrogationibus,
1734 3644 1790 3702 in
1859 3641 2077 3719 quibus
2135 3642 2419 3700 aoristnm
2484 3639 2762 3700 usitatum

524 3763 657 3806 esse
700 3745 1081 3805 videbamus:

526 3848 637 3925 Ag.
686 3851 826 3909 268.
1041 3844 1184 3918 πῶς
1229 3838 1378 3926 φῂςς
1421 3841 1710 3926 πέφευγε
1758 3835 2014 3918 τοῦπος
2060 3838 2128 3921 ἐξ
2174 3829 2497 3916 ἀπιστίας.

524 3950 664 4010 ibid.
711 3955 847 4012 634.
1037 3945 1184 4021 πῶς
1228 3936 1355 4029 γὰρ
1401 3945 1611 4030 λέγεις
1652 3945 1943 4029 χειμῶνα
2135 3941 2365 4008 ἐλθεῖν
2410 3953 2520 4008 ete.

528 4052 730 4132 Suppl.
778 4058 916 4116 332.
1035 4049 1097 4112 τί
1143 4038 1269 4131 φῂς
1314 4046 1646 4113 ἱκνεῖσθαι
1693 4039 1898 4113 τῶνδ’
1946 4037 2256 4132 άγωνίων
2302 4046 2525 4121 θεῶν,·
2569 4083 2652 4090 -—-

527 4159 723 4218 Prom.
773 4161 910 4219 101.
1034 4152 1255 4216 καίτοι
1299 4152 1365 4215 τί
1409 4174 1608 4239 φημι;
1654 4158 1815 4235 quod
1863 4158 2196 4234 exemplum
2240 4157 2353 4215 iam
2399 4172 2583 4230 supra
2614 4172 2768 4214 eom·

615 4261 1088 4324 memoravimus.
2500 4245 2506 4250 ⁴
