<?xml version="1.0" encoding="UTF-8"?>
<!DOCTYPE html PUBLIC "-//W3C//DTD XHTML 1.0 Transitional//EN"
    "http://www.w3.org/TR/xhtml1/DTD/xhtml1-transitional.dtd">
<html xmlns="http://www.w3.org/1999/xhtml" xml:lang="en" lang="en">
 <head>
  <title>
</title>
<meta http-equiv="Content-Type" content="text/html;charset=utf-8" />
  <meta name='ocr-system' content='tesseract 3.04.00' />
  <meta name='ocr-capabilities' content='ocr_page ocr_carea ocr_par ocr_line ocrx_word'/>
</head>
<body>
  <div class='ocr_page' id='page_1' title='image "./dissertationesp00hallgoog_0206.png"; bbox 0 0 3166 4871; ppageno 0'>
   <div class='ocr_carea' id='block_1_1' title="bbox 550 273 1797 341">
    <p class='ocr_par' dir='ltr' id='par_1_1' title="bbox 550 273 1797 341">
     <span class='ocr_line' id='line_1_1' title="bbox 550 273 1797 341; baseline -0.01 -2"><span class='ocrx_word' id='word_1_1' title='bbox 550 280 673 341; x_wconf 66' lang='lat'>18⁴</span> <span class='ocrx_word' id='word_1_2' title='bbox 1537 273 1797 329; x_wconf 79' lang='lat' dir='ltr'>Zaoher</span> 
     </span>
    </p>
   </div>
   <div class='ocr_carea' id='block_1_2' title="bbox 532 439 2797 4327">
    <p class='ocr_par' dir='ltr' id='par_1_2' title="bbox 540 439 2796 1233">
     <span class='ocr_line' id='line_1_2' title="bbox 546 439 2790 532; baseline -0.002 -18"><span class='ocrx_word' id='word_1_3' title='bbox 546 453 940 530; x_wconf 83' lang='lat' dir='ltr'>descendere,</span> <span class='ocrx_word' id='word_1_4' title='bbox 1001 451 1076 512; x_wconf 84' lang='lat' dir='ltr'>of.</span> <span class='ocrx_word' id='word_1_5' title='bbox 1120 448 1420 522; x_wconf 78' lang='grc' dir='ltr'><strong><em>πελλᾶς</em></strong></span> <span class='ocrx_word' id='word_1_6' title='bbox 1463 439 1501 512; x_wconf 82' lang='grc' dir='ltr'>ὁ</span> <span class='ocrx_word' id='word_1_7' title='bbox 1557 446 1778 532; x_wconf 80' lang='grc' dir='ltr'><em>γέρων</em></span> <span class='ocrx_word' id='word_1_8' title='bbox 1823 444 1936 511; x_wconf 77' lang='grc' dir='ltr'>ἐπὶ</span> <span class='ocrx_word' id='word_1_9' title='bbox 1980 441 2379 530; x_wconf 79' lang='grc' dir='ltr'><em>σκώμματος</em></span> <span class='ocrx_word' id='word_1_10' title='bbox 2423 453 2564 514; x_wconf 79' lang='lat' dir='ltr'>Are.</span> <span class='ocrx_word' id='word_1_11' title='bbox 2608 450 2713 531; x_wconf 77' lang='lat'>22,</span> <span class='ocrx_word' id='word_1_12' title='bbox 2753 451 2790 511; x_wconf 83' lang='lat'><strong>2</strong></span> 
     </span>
     <span class='ocr_line' id='line_1_3' title="bbox 544 544 2792 635; baseline 0 -19"><span class='ocrx_word' id='word_1_13' title='bbox 544 565 604 617; x_wconf 85' lang='lat' dir='ltr'>et</span> <span class='ocrx_word' id='word_1_14' title='bbox 645 551 925 630; x_wconf 69' lang='grc' dir='ltr'>πέλλας,</span> <span class='ocrx_word' id='word_1_15' title='bbox 979 549 1319 635; x_wconf 80' lang='grc' dir='ltr'>πέλλητος</span> <span class='ocrx_word' id='word_1_16' title='bbox 1361 544 1744 634; x_wconf 73' lang='grc' dir='ltr'><strong><em>πρεσβύτης</em></strong></span> <span class='ocrx_word' id='word_1_17' title='bbox 1793 556 2048 633; x_wconf 79' lang='lat' dir='ltr'>Hesyeh.</span> <span class='ocrx_word' id='word_1_18' title='bbox 2134 555 2393 615; x_wconf 90' lang='lat' dir='ltr'>Dubium</span> <span class='ocrx_word' id='word_1_19' title='bbox 2454 558 2612 616; x_wconf 87' lang='lat' dir='ltr'>enim</span> <span class='ocrx_word' id='word_1_20' title='bbox 2673 575 2792 617; x_wconf 81' lang='lat' dir='ltr'>non</span> 
     </span>
     <span class='ocr_line' id='line_1_4' title="bbox 545 657 2792 737; baseline 0 -18"><span class='ocrx_word' id='word_1_21' title='bbox 545 665 653 737; x_wconf 84' lang='lat' dir='ltr'>est,</span> <span class='ocrx_word' id='word_1_22' title='bbox 697 658 1029 723; x_wconf 60' lang='lat' dir='ltr'>senemsio</span> <span class='ocrx_word' id='word_1_23' title='bbox 1072 663 1350 718; x_wconf 80' lang='lat' dir='ltr'>vocatum</span> <span class='ocrx_word' id='word_1_24' title='bbox 1408 675 1540 717; x_wconf 87' lang='lat' dir='ltr'>esse</span> <span class='ocrx_word' id='word_1_25' title='bbox 1581 664 1837 737; x_wconf 81' lang='lat' dir='ltr'>propter</span> <span class='ocrx_word' id='word_1_26' title='bbox 1882 675 2064 723; x_wconf 78' lang='lat' dir='ltr'>canos</span> <span class='ocrx_word' id='word_1_27' title='bbox 2120 657 2390 734; x_wconf 78' lang='lat' dir='ltr'><strong>capillos.</strong></span> <span class='ocrx_word' id='word_1_28' title='bbox 2475 657 2597 719; x_wconf 87' lang='lat' dir='ltr'>Sed</span> <span class='ocrx_word' id='word_1_29' title='bbox 2642 660 2792 720; x_wconf 82' lang='lat' dir='ltr'>veri-</span> 
     </span>
     <span class='ocr_line' id='line_1_5' title="bbox 542 750 2796 838; baseline -0.001 -16"><span class='ocrx_word' id='word_1_30' title='bbox 542 762 790 823; x_wconf 78' lang='lat' dir='ltr'>similius</span> <span class='ocrx_word' id='word_1_31' title='bbox 834 768 925 821; x_wconf 87' lang='lat' dir='ltr'>est</span> <span class='ocrx_word' id='word_1_32' title='bbox 967 758 1284 830; x_wconf 76' lang='grc' dir='ltr'>πελλαῖος</span> <span class='ocrx_word' id='word_1_33' title='bbox 1329 763 1609 837; x_wconf 86' lang='lat' dir='ltr'>quoniam</span> <span class='ocrx_word' id='word_1_34' title='bbox 1657 750 2053 836; x_wconf 64' lang='lat' dir='ltr'>significatum</span> <span class='ocrx_word' id='word_1_35' title='bbox 2096 760 2514 838; x_wconf 82' lang='lat' dir='ltr'>primigenium</span> <span class='ocrx_word' id='word_1_36' title='bbox 2546 762 2796 821; x_wconf 81' lang='lat' dir='ltr'>retinnit</span> 
     </span>
     <span class='ocr_line' id='line_1_6' title="bbox 542 850 2794 938; baseline -0 -13"><span class='ocrx_word' id='word_1_37' title='bbox 542 884 662 925; x_wconf 88' lang='lat' dir='ltr'>non</span> <span class='ocrx_word' id='word_1_38' title='bbox 708 883 746 924; x_wconf 88' lang='lat' dir='ltr'>a</span> <span class='ocrx_word' id='word_1_39' title='bbox 782 864 1052 923; x_wconf 84' lang='lat' dir='ltr'>derivato</span> <span class='ocrx_word' id='word_1_40' title='bbox 1096 859 1344 933; x_wconf 76' lang='grc' dir='ltr'><strong><em>πελλᾶς</em></strong></span> <span class='ocrx_word' id='word_1_41' title='bbox 1402 863 1509 921; x_wconf 83' lang='lat' dir='ltr'>sed</span> <span class='ocrx_word' id='word_1_42' title='bbox 1565 881 1603 920; x_wconf 87' lang='lat' dir='ltr'>a</span> <span class='ocrx_word' id='word_1_43' title='bbox 1663 862 1964 938; x_wconf 80' lang='lat' dir='ltr'>primitivo</span> <span class='ocrx_word' id='word_1_44' title='bbox 2023 850 2273 932; x_wconf 72' lang='grc' dir='ltr'><strong><em>πελλός</em></strong></span> <span class='ocrx_word' id='word_1_45' title='bbox 2337 862 2582 923; x_wconf 75' lang='lat' dir='ltr'>ductum</span> <span class='ocrx_word' id='word_1_46' title='bbox 2646 882 2794 924; x_wconf 84' lang='lat' dir='ltr'>esse.</span> 
     </span>
     <span class='ocr_line' id='line_1_7' title="bbox 541 953 2794 1042; baseline -0.003 -13"><span class='ocrx_word' id='word_1_47' title='bbox 541 967 819 1029; x_wconf 85' lang='lat' dir='ltr'>Ceterum</span> <span class='ocrx_word' id='word_1_48' title='bbox 863 953 1113 1035; x_wconf 84' lang='grc' dir='ltr'><strong><em>πελλός</em></strong></span> <span class='ocrx_word' id='word_1_49' title='bbox 1158 982 1232 1025; x_wconf 87' lang='lat' dir='ltr'>ex</span> <span class='ocrx_word' id='word_1_50' title='bbox 1288 963 1521 1037; x_wconf 63' lang='lat' dir='ltr'>majog</span> <span class='ocrx_word' id='word_1_51' title='bbox 1580 970 1812 1042; x_wconf 84' lang='lat' dir='ltr'>natum,</span> <span class='ocrx_word' id='word_1_52' title='bbox 1873 968 1933 1022; x_wconf 86' lang='lat' dir='ltr'>et</span> <span class='ocrx_word' id='word_1_53' title='bbox 1987 968 2308 1041; x_wconf 78' lang='lat' dir='ltr'>cognatum</span> <span class='ocrx_word' id='word_1_54' title='bbox 2370 983 2505 1024; x_wconf 83' lang='lat' dir='ltr'>cum</span> <span class='ocrx_word' id='word_1_55' title='bbox 2562 954 2794 1035; x_wconf 84' lang='grc' dir='ltr'><strong><em>πελιός</em></strong></span> 
     </span>
     <span class='ocr_line' id='line_1_8' title="bbox 541 1057 2790 1141; baseline -0 -13"><span class='ocrx_word' id='word_1_56' title='bbox 541 1058 859 1138; x_wconf 74' lang='grc' dir='ltr'>πελιδνός</span> <span class='ocrx_word' id='word_1_57' title='bbox 899 1057 1163 1139; x_wconf 83' lang='grc' dir='ltr'>πολιός,</span> <span class='ocrx_word' id='word_1_58' title='bbox 1209 1069 1306 1128; x_wconf 86' lang='lat' dir='ltr'>lat.</span> <span class='ocrx_word' id='word_1_59' title='bbox 1343 1069 1572 1141; x_wconf 79' lang='lat' dir='ltr'>palleo,</span> <span class='ocrx_word' id='word_1_60' title='bbox 1619 1069 1913 1141; x_wconf 74' lang='lat' dir='ltr'>pallidus,</span> <span class='ocrx_word' id='word_1_61' title='bbox 1951 1068 2184 1141; x_wconf 76' lang='lat' dir='ltr'>pull-us,</span> <span class='ocrx_word' id='word_1_62' title='bbox 2229 1067 2429 1127; x_wconf 84' lang='lat' dir='ltr'>theod.</span> <span class='ocrx_word' id='word_1_63' title='bbox 2473 1075 2592 1128; x_wconf 82' lang='lat' dir='ltr'>vet.</span> <span class='ocrx_word' id='word_1_64' title='bbox 2630 1069 2790 1141; x_wconf 79' lang='lat' dir='ltr'>fale.</span> 
     </span>
     <span class='ocr_line' id='line_1_9' title="bbox 540 1166 1129 1233; baseline -0.007 0"><span class='ocrx_word' id='word_1_65' title='bbox 540 1172 704 1233; x_wconf 87' lang='lat' dir='ltr'>Curt.</span> <span class='ocrx_word' id='word_1_66' title='bbox 748 1173 840 1231; x_wconf 88' lang='lat' dir='ltr'>Et.</span> <span class='ocrx_word' id='word_1_67' title='bbox 885 1191 942 1231; x_wconf 88' lang='lat' dir='ltr'>n.</span> <span class='ocrx_word' id='word_1_68' title='bbox 988 1166 1129 1229; x_wconf 83' lang='lat'>352.</span> 
     </span>
    </p>

    <p class='ocr_par' dir='ltr' id='par_1_3' title="bbox 710 1261 2425 1351">
     <span class='ocr_line' id='line_1_10' title="bbox 710 1261 2425 1351; baseline -0.002 -18"><span class='ocrx_word' id='word_1_69' title='bbox 710 1267 1180 1343; x_wconf 77' lang='grc' dir='ltr'>πελιδυαῑος</span> <span class='ocrx_word' id='word_1_70' title='bbox 1216 1296 1307 1351; x_wconf 16' lang='lat'>⁴=</span> <span class='ocrx_word' id='word_1_71' title='bbox 1350 1261 1670 1342; x_wconf 79' lang='grc' dir='ltr'>πελιδνός</span> <span class='ocrx_word' id='word_1_72' title='bbox 1712 1273 1913 1332; x_wconf 81' lang='lat' dir='ltr'>Noun.</span> <span class='ocrx_word' id='word_1_73' title='bbox 1957 1274 2129 1331; x_wconf 87' lang='lat' dir='ltr'>Dion.</span> <span class='ocrx_word' id='word_1_74' title='bbox 2177 1270 2235 1343; x_wconf 77' lang='lat'>4,</span> <span class='ocrx_word' id='word_1_75' title='bbox 2282 1269 2425 1331; x_wconf 88' lang='grc'><strong>371.</strong></span> 
     </span>
    </p>

    <p class='ocr_par' dir='ltr' id='par_1_4' title="bbox 709 1363 2002 1456">
     <span class='ocr_line' id='line_1_11' title="bbox 709 1363 2002 1456; baseline -0.002 -21"><span class='ocrx_word' id='word_1_76' title='bbox 709 1375 1057 1456; x_wconf 85' lang='grc' dir='ltr'><em>πηλαϊος</em></span> <span class='ocrx_word' id='word_1_77' title='bbox 1100 1376 1299 1435; x_wconf 84' lang='lat' dir='ltr'>luteus</span> <span class='ocrx_word' id='word_1_78' title='bbox 1346 1377 1503 1434; x_wconf 83' lang='lat' dir='ltr'>Man.</span> <span class='ocrx_word' id='word_1_79' title='bbox 1547 1363 1778 1451; x_wconf 77' lang='grc' dir='ltr'><em>ἰχθύες</em></span> <span class='ocrx_word' id='word_1_80' title='bbox 1822 1376 2002 1435; x_wconf 89' lang='lat' dir='ltr'>Paus.</span> 
     </span>
    </p>

    <p class='ocr_par' dir='ltr' id='par_1_5' title="bbox 714 1476 2114 1558">
     <span class='ocr_line' id='line_1_12' title="bbox 714 1476 2114 1558; baseline -0.002 -19"><span class='ocrx_word' id='word_1_81' title='bbox 714 1476 1123 1558; x_wconf 88' lang='grc' dir='ltr'><em>Πρασαῑος</em></span> <span class='ocrx_word' id='word_1_82' title='bbox 1166 1496 1322 1537; x_wconf 90' lang='lat' dir='ltr'>nom.</span> <span class='ocrx_word' id='word_1_83' title='bbox 1369 1495 1572 1554; x_wconf 87' lang='lat' dir='ltr'>propr.</span> <span class='ocrx_word' id='word_1_84' title='bbox 1616 1496 1801 1536; x_wconf 83' lang='lat' dir='ltr'>ranae</span> <span class='ocrx_word' id='word_1_85' title='bbox 1846 1478 1905 1535; x_wconf 87' lang='lat' dir='ltr'>in</span> <span class='ocrx_word' id='word_1_86' title='bbox 1952 1479 2114 1537; x_wconf 86' lang='lat' dir='ltr'>Batr.</span> 
     </span>
    </p>

    <p class='ocr_par' dir='ltr' id='par_1_6' title="bbox 712 1572 1780 1660">
     <span class='ocr_line' id='line_1_13' title="bbox 712 1572 1780 1660; baseline -0.002 -19"><span class='ocrx_word' id='word_1_87' title='bbox 712 1572 1192 1660; x_wconf 73' lang='grc' dir='ltr'><em>ῥουσσαῖοςῬ</em></span> <span class='ocrx_word' id='word_1_88' title='bbox 1237 1578 1313 1639; x_wconf 85' lang='lat' dir='ltr'>of.</span> <span class='ocrx_word' id='word_1_89' title='bbox 1357 1572 1544 1657; x_wconf 80' lang='lat' dir='ltr'>supra</span> <span class='ocrx_word' id='word_1_90' title='bbox 1589 1599 1648 1657; x_wconf 89' lang='lat' dir='ltr'>p.</span> <span class='ocrx_word' id='word_1_91' title='bbox 1682 1577 1780 1639; x_wconf 81' lang='lat'>45.</span> 
     </span>
    </p>

    <p class='ocr_par' dir='ltr' id='par_1_7' title="bbox 712 1681 2148 1767">
     <span class='ocr_line' id='line_1_14' title="bbox 712 1681 2148 1767; baseline -0.001 -24"><span class='ocrx_word' id='word_1_92' title='bbox 712 1681 1159 1752; x_wconf 85' lang='grc' dir='ltr'><em>Σευτλαϊος</em></span> <span class='ocrx_word' id='word_1_93' title='bbox 1201 1701 1357 1767; x_wconf 82' lang='lat' dir='ltr'>nom.</span> <span class='ocrx_word' id='word_1_94' title='bbox 1401 1698 1606 1759; x_wconf 86' lang='lat' dir='ltr'>propr.</span> <span class='ocrx_word' id='word_1_95' title='bbox 1652 1700 1836 1741; x_wconf 83' lang='lat' dir='ltr'>ranae</span> <span class='ocrx_word' id='word_1_96' title='bbox 1881 1682 1943 1741; x_wconf 90' lang='lat' dir='ltr'>in</span> <span class='ocrx_word' id='word_1_97' title='bbox 1986 1683 2148 1741; x_wconf 87' lang='lat' dir='ltr'>Batr.</span> 
     </span>
    </p>

    <p class='ocr_par' dir='ltr' id='par_1_8' title="bbox 615 1773 2105 1866">
     <span class='ocr_line' id='line_1_15' title="bbox 615 1773 2105 1866; baseline 0.001 -22"><span class='ocrx_word' id='word_1_98' title='bbox 615 1776 628 1787; x_wconf 74' lang='grc'><strong><em>’</em></strong></span> <span class='ocrx_word' id='word_1_99' title='bbox 714 1786 1178 1866; x_wconf 81' lang='grc' dir='ltr'><strong><em>[σησαμαῖος</em></strong></span> <span class='ocrx_word' id='word_1_100' title='bbox 1224 1805 1260 1846; x_wconf 88' lang='lat' dir='ltr'>a</span> <span class='ocrx_word' id='word_1_101' title='bbox 1305 1773 1562 1865; x_wconf 82' lang='grc' dir='ltr'><em>σησάμη</em></span> <span class='ocrx_word' id='word_1_102' title='bbox 1614 1783 1688 1844; x_wconf 80' lang='lat' dir='ltr'>of.</span> <span class='ocrx_word' id='word_1_103' title='bbox 1732 1803 1788 1860; x_wconf 90' lang='lat' dir='ltr'>p.</span> <span class='ocrx_word' id='word_1_104' title='bbox 1826 1781 1945 1841; x_wconf 83' lang='lat'>160</span> <span class='ocrx_word' id='word_1_105' title='bbox 1969 1783 2105 1862; x_wconf 89' lang='lat' dir='ltr'>sq.].</span> 
     </span>
    </p>

    <p class='ocr_par' dir='ltr' id='par_1_9' title="bbox 538 1875 2796 2784">
     <span class='ocr_line' id='line_1_16' title="bbox 711 1875 2795 1964; baseline 0 -16"><span class='ocrx_word' id='word_1_106' title='bbox 711 1893 1097 1958; x_wconf 81' lang='grc' dir='ltr'><em>σκοταῖος</em></span> <span class='ocrx_word' id='word_1_107' title='bbox 1157 1907 1194 1947; x_wconf 87' lang='lat' dir='ltr'>a.</span> <span class='ocrx_word' id='word_1_108' title='bbox 1253 1875 1494 1957; x_wconf 81' lang='grc' dir='ltr'><em>σκότος</em></span> <span class='ocrx_word' id='word_1_109' title='bbox 1552 1885 1731 1960; x_wconf 78' lang='lat' dir='ltr'>(decl.</span> <span class='ocrx_word' id='word_1_110' title='bbox 1775 1889 1875 1964; x_wconf 89' lang='lat' dir='ltr'>lI.,</span> <span class='ocrx_word' id='word_1_111' title='bbox 1927 1906 2105 1964; x_wconf 87' lang='lat' dir='ltr'>quam</span> <span class='ocrx_word' id='word_1_112' title='bbox 2152 1887 2505 1948; x_wconf 80' lang='lat' dir='ltr'>vocabulum</span> <span class='ocrx_word' id='word_1_113' title='bbox 2553 1905 2795 1964; x_wconf 85' lang='lat' dir='ltr'>semper</span> 
     </span>
     <span class='ocr_line' id='line_1_17' title="bbox 538 1986 2796 2068; baseline -0.002 -16"><span class='ocrx_word' id='word_1_114' title='bbox 538 1992 809 2068; x_wconf 88' lang='lat' dir='ltr'>sequitur</span> <span class='ocrx_word' id='word_1_115' title='bbox 868 1990 1027 2068; x_wconf 77' lang='lat' dir='ltr'>apud</span> <span class='ocrx_word' id='word_1_116' title='bbox 1074 1991 1422 2066; x_wconf 83' lang='lat' dir='ltr'>Homerum,</span> <span class='ocrx_word' id='word_1_117' title='bbox 1484 1990 1839 2066; x_wconf 82' lang='lat' dir='ltr'>plerumque</span> <span class='ocrx_word' id='word_1_118' title='bbox 1899 1990 2062 2067; x_wconf 79' lang='lat' dir='ltr'>apud</span> <span class='ocrx_word' id='word_1_119' title='bbox 2120 1986 2378 2062; x_wconf 76' lang='lat' dir='ltr'>Atticos)</span> <span class='ocrx_word' id='word_1_120' title='bbox 2438 1989 2796 2067; x_wconf 80' lang='lat' dir='ltr'>derivatum,</span> 
     </span>
     <span class='ocr_line' id='line_1_18' title="bbox 540 2091 2794 2172; baseline -0.001 -18"><span class='ocrx_word' id='word_1_121' title='bbox 540 2095 846 2172; x_wconf 83' lang='lat' dir='ltr'>egregium</span> <span class='ocrx_word' id='word_1_122' title='bbox 894 2098 988 2154; x_wconf 89' lang='lat' dir='ltr'>est</span> <span class='ocrx_word' id='word_1_123' title='bbox 1030 2093 1462 2169; x_wconf 86' lang='lat' dir='ltr'>testimoninm,</span> <span class='ocrx_word' id='word_1_124' title='bbox 1521 2111 1681 2168; x_wconf 88' lang='lat' dir='ltr'>quae</span> <span class='ocrx_word' id='word_1_125' title='bbox 1736 2092 1813 2151; x_wconf 88' lang='lat' dir='ltr'>sit</span> <span class='ocrx_word' id='word_1_126' title='bbox 1868 2093 1929 2151; x_wconf 87' lang='lat' dir='ltr'>in</span> <span class='ocrx_word' id='word_1_127' title='bbox 1975 2092 2284 2153; x_wconf 77' lang='lat' dir='ltr'>vocabulis</span> <span class='ocrx_word' id='word_1_128' title='bbox 2327 2091 2658 2152; x_wconf 74' lang='lat' dir='ltr'>formandis</span> <span class='ocrx_word' id='word_1_129' title='bbox 2701 2093 2794 2152; x_wconf 79' lang='lat' dir='ltr'>vis</span> 
     </span>
     <span class='ocr_line' id='line_1_19' title="bbox 541 2194 2791 2274; baseline -0.001 -17"><span class='ocrx_word' id='word_1_130' title='bbox 541 2197 875 2274; x_wconf 77' lang='lat' dir='ltr'>analogiae.</span> <span class='ocrx_word' id='word_1_131' title='bbox 949 2196 999 2255; x_wconf 83' lang='lat' dir='ltr'><strong>E</strong></span> <span class='ocrx_word' id='word_1_132' title='bbox 1043 2196 1236 2256; x_wconf 83' lang='lat' dir='ltr'>bonae</span> <span class='ocrx_word' id='word_1_133' title='bbox 1281 2195 1495 2255; x_wconf 85' lang='lat' dir='ltr'>aetatis</span> <span class='ocrx_word' id='word_1_134' title='bbox 1540 2194 1938 2271; x_wconf 78' lang='lat' dir='ltr'>scriptoribus</span> <span class='ocrx_word' id='word_1_135' title='bbox 1979 2194 2131 2254; x_wconf 87' lang='lat' dir='ltr'>enim</span> <span class='ocrx_word' id='word_1_136' title='bbox 2163 2213 2199 2254; x_wconf 89' lang='lat' dir='ltr'>a</span> <span class='ocrx_word' id='word_1_137' title='bbox 2229 2195 2356 2255; x_wconf 89' lang='lat' dir='ltr'>solo</span> <span class='ocrx_word' id='word_1_138' title='bbox 2386 2194 2791 2269; x_wconf 73' lang='lat' dir='ltr'>Xenophonte</span> 
     </span>
     <span class='ocr_line' id='line_1_20' title="bbox 545 2292 2793 2375; baseline -0.004 -16"><span class='ocrx_word' id='word_1_139' title='bbox 545 2303 868 2375; x_wconf 83' lang='lat' dir='ltr'>usurpatur</span> <span class='ocrx_word' id='word_1_140' title='bbox 933 2296 1074 2372; x_wconf 88' lang='lat' dir='ltr'>(An.</span> <span class='ocrx_word' id='word_1_141' title='bbox 1120 2295 1177 2375; x_wconf 84' lang='lat'>4,</span> <span class='ocrx_word' id='word_1_142' title='bbox 1228 2296 1287 2374; x_wconf 86' lang='lat'>1,</span> <span class='ocrx_word' id='word_1_143' title='bbox 1332 2294 1391 2356; x_wconf 86' lang='lat'>5.</span> <span class='ocrx_word' id='word_1_144' title='bbox 1442 2294 1539 2356; x_wconf 88' lang='grc'>10.</span> <span class='ocrx_word' id='word_1_145' title='bbox 1583 2298 1734 2357; x_wconf 75' lang='lat' dir='ltr'>nist.</span> <span class='ocrx_word' id='word_1_146' title='bbox 1778 2315 1868 2373; x_wconf 83' lang='lat' dir='ltr'>gr.</span> <span class='ocrx_word' id='word_1_147' title='bbox 1912 2295 1976 2375; x_wconf 83' lang='lat'>4,</span> <span class='ocrx_word' id='word_1_148' title='bbox 2024 2296 2088 2375; x_wconf 85' lang='lat'>5,</span> <span class='ocrx_word' id='word_1_149' title='bbox 2128 2292 2233 2356; x_wconf 63' lang='lat'>48.</span> <span class='ocrx_word' id='word_1_150' title='bbox 2277 2298 2414 2373; x_wconf 80' lang='lat' dir='ltr'>Cyr.</span> <span class='ocrx_word' id='word_1_151' title='bbox 2460 2293 2517 2375; x_wconf 85' lang='lat'>7,</span> <span class='ocrx_word' id='word_1_152' title='bbox 2568 2295 2621 2375; x_wconf 92' lang='grc'>1,</span> <span class='ocrx_word' id='word_1_153' title='bbox 2669 2294 2793 2374; x_wconf 85' lang='grc'>45),</span> 
     </span>
     <span class='ocr_line' id='line_1_21' title="bbox 540 2374 2793 2478; baseline -0 -17"><span class='ocrx_word' id='word_1_154' title='bbox 540 2374 727 2461; x_wconf 55' lang='lat' dir='ltr'>et‘ita</span> <span class='ocrx_word' id='word_1_155' title='bbox 771 2405 998 2460; x_wconf 87' lang='lat' dir='ltr'>tantum</span> <span class='ocrx_word' id='word_1_156' title='bbox 1046 2403 1110 2460; x_wconf 85' lang='lat' dir='ltr'>ut</span> <span class='ocrx_word' id='word_1_157' title='bbox 1155 2418 1290 2460; x_wconf 83' lang='lat' dir='ltr'>eum</span> <span class='ocrx_word' id='word_1_158' title='bbox 1335 2399 1652 2478; x_wconf 75' lang='lat' dir='ltr'>significet,</span> <span class='ocrx_word' id='word_1_159' title='bbox 1696 2400 1798 2477; x_wconf 90' lang='lat' dir='ltr'>qui</span> <span class='ocrx_word' id='word_1_160' title='bbox 1844 2400 1953 2461; x_wconf 85' lang='lat' dir='ltr'>sub</span> <span class='ocrx_word' id='word_1_161' title='bbox 2001 2417 2320 2477; x_wconf 80' lang='lat' dir='ltr'>vesperum</span> <span class='ocrx_word' id='word_1_162' title='bbox 2365 2398 2591 2477; x_wconf 85' lang='lat' dir='ltr'>aliquid</span> <span class='ocrx_word' id='word_1_163' title='bbox 2632 2398 2793 2477; x_wconf 78' lang='lat' dir='ltr'>facit,</span> 
     </span>
     <span class='ocr_line' id='line_1_22' title="bbox 539 2498 2789 2582; baseline -0 -19"><span class='ocrx_word' id='word_1_164' title='bbox 539 2510 607 2563; x_wconf 83' lang='lat' dir='ltr'>ut</span> <span class='ocrx_word' id='word_1_165' title='bbox 636 2503 714 2563; x_wconf 87' lang='lat' dir='ltr'>ad</span> <span class='ocrx_word' id='word_1_166' title='bbox 761 2503 1096 2580; x_wconf 77' lang='lat' dir='ltr'>analogiam</span> <span class='ocrx_word' id='word_1_167' title='bbox 1144 2503 1403 2580; x_wconf 89' lang='lat' dir='ltr'>illorum,</span> <span class='ocrx_word' id='word_1_168' title='bbox 1447 2498 1850 2582; x_wconf 75' lang='grc' dir='ltr'>δευτεραῖος,</span> <span class='ocrx_word' id='word_1_169' title='bbox 1894 2509 2296 2582; x_wconf 78' lang='grc' dir='ltr'><em>προτεραῑος</em></span> <span class='ocrx_word' id='word_1_170' title='bbox 2326 2507 2438 2563; x_wconf 86' lang='lat' dir='ltr'>oet.</span> <span class='ocrx_word' id='word_1_171' title='bbox 2468 2503 2789 2563; x_wconf 85' lang='lat' dir='ltr'>formatum</span> 
     </span>
     <span class='ocr_line' id='line_1_23' title="bbox 542 2604 2794 2684; baseline 0 -19"><span class='ocrx_word' id='word_1_172' title='bbox 542 2623 675 2665; x_wconf 87' lang='lat' dir='ltr'>esse</span> <span class='ocrx_word' id='word_1_173' title='bbox 721 2605 1040 2682; x_wconf 77' lang='lat' dir='ltr'>intelligas.</span> <span class='ocrx_word' id='word_1_174' title='bbox 1129 2604 1308 2681; x_wconf 86' lang='lat' dir='ltr'><strong>Apud</strong></span> <span class='ocrx_word' id='word_1_175' title='bbox 1354 2605 1720 2682; x_wconf 80' lang='lat' dir='ltr'>posteriores</span> <span class='ocrx_word' id='word_1_176' title='bbox 1766 2604 2019 2684; x_wconf 85' lang='lat' dir='ltr'>demum,</span> <span class='ocrx_word' id='word_1_177' title='bbox 2061 2605 2237 2665; x_wconf 83' lang='lat' dir='ltr'>Diod.</span> <span class='ocrx_word' id='word_1_178' title='bbox 2268 2607 2441 2664; x_wconf 89' lang='lat' dir='ltr'>Dion.</span> <span class='ocrx_word' id='word_1_179' title='bbox 2472 2606 2604 2665; x_wconf 89' lang='lat' dir='ltr'>Hal.</span> <span class='ocrx_word' id='word_1_180' title='bbox 2636 2607 2794 2666; x_wconf 79' lang='lat' dir='ltr'>Plut.</span> 
     </span>
     <span class='ocr_line' id='line_1_24' title="bbox 539 2696 2115 2784; baseline -0.001 -18"><span class='ocrx_word' id='word_1_181' title='bbox 539 2707 696 2767; x_wconf 88' lang='lat' dir='ltr'>idem</span> <span class='ocrx_word' id='word_1_182' title='bbox 743 2705 1043 2784; x_wconf 82' lang='lat' dir='ltr'>signifieat</span> <span class='ocrx_word' id='word_1_183' title='bbox 1088 2707 1246 2784; x_wconf 89' lang='lat' dir='ltr'>quod</span> <span class='ocrx_word' id='word_1_184' title='bbox 1294 2696 1562 2777; x_wconf 85' lang='grc' dir='ltr'><em>σκότιος</em></span> <span class='ocrx_word' id='word_1_185' title='bbox 1605 2709 1709 2769; x_wconf 84' lang='lat' dir='ltr'>vel</span> <span class='ocrx_word' id='word_1_186' title='bbox 1755 2697 2115 2778; x_wconf 74' lang='grc' dir='ltr'><em>σκοτεινάς.</em></span> 
     </span>
    </p>

    <p class='ocr_par' dir='ltr' id='par_1_10' title="bbox 537 2797 2794 3093">
     <span class='ocr_line' id='line_1_25' title="bbox 714 2797 2794 2890; baseline 0.001 -22"><span class='ocrx_word' id='word_1_187' title='bbox 714 2802 1118 2882; x_wconf 79' lang='grc' dir='ltr'><em>[σταδιαὶα</em></span> <span class='ocrx_word' id='word_1_188' title='bbox 1173 2797 1346 2888; x_wconf 85' lang='grc' dir='ltr'><strong><em>μάχη</em></strong></span> <span class='ocrx_word' id='word_1_189' title='bbox 1393 2829 1488 2887; x_wconf 85' lang='lat' dir='ltr'>ap.</span> <span class='ocrx_word' id='word_1_190' title='bbox 1533 2812 1648 2871; x_wconf 85' lang='lat' dir='ltr'>Ios.</span> <span class='ocrx_word' id='word_1_191' title='bbox 1693 2810 1840 2870; x_wconf 81' lang='lat' dir='ltr'>Luc.</span> <span class='ocrx_word' id='word_1_192' title='bbox 1884 2810 2058 2887; x_wconf 67' lang='lat' dir='ltr'>Poll„</span> <span class='ocrx_word' id='word_1_193' title='bbox 2114 2829 2151 2870; x_wconf 88' lang='lat' dir='ltr'>a</span> <span class='ocrx_word' id='word_1_194' title='bbox 2196 2805 2458 2888; x_wconf 76' lang='grc' dir='ltr'><em>σταδὶα,</em></span> <span class='ocrx_word' id='word_1_195' title='bbox 2500 2829 2558 2870; x_wconf 88' lang='lat' dir='ltr'>v.</span> <span class='ocrx_word' id='word_1_196' title='bbox 2602 2828 2794 2890; x_wconf 86' lang='lat' dir='ltr'>supra</span> 
     </span>
     <span class='ocr_line' id='line_1_26' title="bbox 537 2906 2792 2990; baseline 0 -18"><span class='ocrx_word' id='word_1_197' title='bbox 537 2932 595 2990; x_wconf 88' lang='lat' dir='ltr'>p.</span> <span class='ocrx_word' id='word_1_198' title='bbox 623 2909 760 2972; x_wconf 87' lang='lat'>170.</span> <span class='ocrx_word' id='word_1_199' title='bbox 782 2942 869 2953; x_wconf 88' lang='lat'>--</span> <span class='ocrx_word' id='word_1_200' title='bbox 893 2910 1121 2973; x_wconf 82' lang='lat' dir='ltr'>Suffixo</span> <span class='ocrx_word' id='word_1_201' title='bbox 1147 2928 1281 2970; x_wconf 88' lang='grc' dir='ltr'><em>ιαιο</em></span> <span class='ocrx_word' id='word_1_202' title='bbox 1309 2912 1564 2972; x_wconf 81' lang='lat' dir='ltr'>formata</span> <span class='ocrx_word' id='word_1_203' title='bbox 1586 2912 1871 2973; x_wconf 87' lang='lat' dir='ltr'>videntur</span> <span class='ocrx_word' id='word_1_204' title='bbox 1901 2906 2096 2971; x_wconf 78' lang='grc' dir='ltr'>σταό</span> <span class='ocrx_word' id='word_1_205' title='bbox 2107 2930 2130 2970; x_wconf 91' lang='grc' dir='ltr'>ι</span> <span class='ocrx_word' id='word_1_206' title='bbox 2145 2919 2225 2970; x_wconf 83' lang='lat' dir='ltr'>al</span> <span class='ocrx_word' id='word_1_207' title='bbox 2233 2929 2319 2982; x_wconf 91' lang='grc' dir='ltr'><em>ος</em></span> <span class='ocrx_word' id='word_1_208' title='bbox 2354 2913 2528 2972; x_wconf 87' lang='lat' dir='ltr'>stadii</span> <span class='ocrx_word' id='word_1_209' title='bbox 2554 2932 2792 2973; x_wconf 84' lang='lat' dir='ltr'>mensu-</span> 
     </span>
     <span class='ocr_line' id='line_1_27' title="bbox 538 3002 2719 3093; baseline -0.001 -19"><span class='ocrx_word' id='word_1_210' title='bbox 538 3034 663 3074; x_wconf 92' lang='lat' dir='ltr'>ram</span> <span class='ocrx_word' id='word_1_211' title='bbox 708 3033 994 3093; x_wconf 85' lang='lat' dir='ltr'>aequans,</span> <span class='ocrx_word' id='word_1_212' title='bbox 1040 3032 1173 3073; x_wconf 84' lang='lat' dir='ltr'>cum</span> <span class='ocrx_word' id='word_1_213' title='bbox 1220 3016 1563 3092; x_wconf 82' lang='lat' dir='ltr'>compositis</span> <span class='ocrx_word' id='word_1_214' title='bbox 1606 3002 2068 3092; x_wconf 76' lang='grc' dir='ltr'><em>ἡμισταδιαῖος</em></span> <span class='ocrx_word' id='word_1_215' title='bbox 2111 3010 2719 3086; x_wconf 76' lang='grc' dir='ltr'><em>πεντασταδιαῖος].</em></span> 
     </span>
    </p>

    <p class='ocr_par' dir='ltr' id='par_1_11' title="bbox 706 3110 2380 3204">
     <span class='ocr_line' id='line_1_28' title="bbox 706 3110 2380 3204; baseline -0.001 -28"><span class='ocrx_word' id='word_1_216' title='bbox 706 3122 1082 3197; x_wconf 83' lang='grc' dir='ltr'><em>τριταῖος</em></span> <span class='ocrx_word' id='word_1_217' title='bbox 1127 3136 1238 3195; x_wconf 90' lang='lat' dir='ltr'>pro</span> <span class='ocrx_word' id='word_1_218' title='bbox 1284 3110 1508 3196; x_wconf 74' lang='grc' dir='ltr'><em>τρίτος</em></span> <span class='ocrx_word' id='word_1_219' title='bbox 1557 3118 1696 3204; x_wconf 81' lang='lat' dir='ltr'>Eur.</span> <span class='ocrx_word' id='word_1_220' title='bbox 1785 3116 1873 3175; x_wconf 84' lang='lat' dir='ltr'>cf.</span> <span class='ocrx_word' id='word_1_221' title='bbox 1917 3134 2106 3194; x_wconf 87' lang='lat' dir='ltr'>supra</span> <span class='ocrx_word' id='word_1_222' title='bbox 2150 3135 2206 3194; x_wconf 87' lang='lat' dir='ltr'>p.</span> <span class='ocrx_word' id='word_1_223' title='bbox 2244 3112 2380 3177; x_wconf 82' lang='lat'>162.</span> 
     </span>
    </p>

    <p class='ocr_par' dir='ltr' id='par_1_12' title="bbox 702 3206 2328 3300">
     <span class='ocr_line' id='line_1_29' title="bbox 702 3206 2328 3300; baseline 0 -21"><span class='ocrx_word' id='word_1_224' title='bbox 702 3226 1092 3300; x_wconf 78' lang='grc' dir='ltr'><em>χερσαῖος</em></span> <span class='ocrx_word' id='word_1_225' title='bbox 1135 3219 1210 3279; x_wconf 84' lang='lat' dir='ltr'>ab</span> <span class='ocrx_word' id='word_1_226' title='bbox 1255 3206 1296 3298; x_wconf 81' lang='grc' dir='ltr'><em>ἡ</em></span> <span class='ocrx_word' id='word_1_227' title='bbox 1341 3214 1577 3298; x_wconf 80' lang='grc' dir='ltr'><em>χέρσος</em></span> <span class='ocrx_word' id='word_1_228' title='bbox 1623 3219 1974 3296; x_wconf 85' lang='lat' dir='ltr'>derivatum,</span> <span class='ocrx_word' id='word_1_229' title='bbox 2019 3217 2163 3279; x_wconf 84' lang='lat' dir='ltr'>Hdt.</span> <span class='ocrx_word' id='word_1_230' title='bbox 2204 3218 2328 3279; x_wconf 76' lang='lat' dir='ltr'>Att.</span> 
     </span>
    </p>

    <p class='ocr_par' dir='ltr' id='par_1_13' title="bbox 532 3321 2797 4327">
     <span class='ocr_line' id='line_1_30' title="bbox 705 3321 2794 3402; baseline -0 -20"><span class='ocrx_word' id='word_1_231' title='bbox 705 3340 960 3402; x_wconf 86' lang='grc' dir='ltr'><em>χορτα</em></span> <span class='ocrx_word' id='word_1_232' title='bbox 980 3328 1100 3391; x_wconf 86' lang='grc' dir='ltr'><em>τος</em></span> <span class='ocrx_word' id='word_1_233' title='bbox 1146 3321 1477 3382; x_wconf 79' lang='lat' dir='ltr'>vocabatur</span> <span class='ocrx_word' id='word_1_234' title='bbox 1521 3322 1726 3381; x_wconf 84' lang='lat' dir='ltr'>tunica</span> <span class='ocrx_word' id='word_1_235' title='bbox 1763 3321 2013 3397; x_wconf 83' lang='lat' dir='ltr'>hirsuta,</span> <span class='ocrx_word' id='word_1_236' title='bbox 2058 3321 2296 3398; x_wconf 84' lang='lat' dir='ltr'>qualem</span> <span class='ocrx_word' id='word_1_237' title='bbox 2328 3322 2513 3382; x_wconf 85' lang='lat' dir='ltr'>Sileni</span> <span class='ocrx_word' id='word_1_238' title='bbox 2540 3322 2600 3380; x_wconf 87' lang='lat' dir='ltr'>iu</span> <span class='ocrx_word' id='word_1_239' title='bbox 2631 3321 2794 3381; x_wconf 85' lang='lat' dir='ltr'>ludis</span> 
     </span>
     <span class='ocr_line' id='line_1_31' title="bbox 536 3408 2793 3502; baseline -0.001 -16"><span class='ocrx_word' id='word_1_240' title='bbox 536 3426 813 3502; x_wconf 78' lang='lat' dir='ltr'>satyricis</span> <span class='ocrx_word' id='word_1_241' title='bbox 857 3424 1189 3502; x_wconf 73' lang='lat' dir='ltr'>gestabant,</span> <span class='ocrx_word' id='word_1_242' title='bbox 1233 3442 1391 3500; x_wconf 83' lang='lat' dir='ltr'>qnae</span> <span class='ocrx_word' id='word_1_243' title='bbox 1438 3425 1614 3483; x_wconf 82' lang='lat' dir='ltr'>etiam</span> <span class='ocrx_word' id='word_1_244' title='bbox 1647 3408 2070 3501; x_wconf 76' lang='grc' dir='ltr'><em>ἁμφίμαλλος</em></span> <span class='ocrx_word' id='word_1_245' title='bbox 2105 3411 2318 3501; x_wconf 77' lang='grc' dir='ltr'><em>χιτών</em></span> <span class='ocrx_word' id='word_1_246' title='bbox 2348 3424 2793 3501; x_wconf 81' lang='lat' dir='ltr'>appellabatur.</span> 
     </span>
     <span class='ocr_line' id='line_1_32' title="bbox 537 3522 2794 3606; baseline -0.001 -18"><span class='ocrx_word' id='word_1_247' title='bbox 537 3528 687 3588; x_wconf 90' lang='lat' dir='ltr'>Poll.</span> <span class='ocrx_word' id='word_1_248' title='bbox 731 3525 803 3606; x_wconf 73' lang='lat'>4,</span> <span class='ocrx_word' id='word_1_249' title='bbox 861 3523 992 3585; x_wconf 83' lang='lat'>118.</span> <span class='ocrx_word' id='word_1_250' title='bbox 1051 3528 1124 3586; x_wconf 90' lang='lat' dir='ltr'>D.</span> <span class='ocrx_word' id='word_1_251' title='bbox 1169 3526 1300 3585; x_wconf 86' lang='lat' dir='ltr'>Hal.</span> <span class='ocrx_word' id='word_1_252' title='bbox 1348 3527 1417 3585; x_wconf 89' lang='lat' dir='ltr'>A.</span> <span class='ocrx_word' id='word_1_253' title='bbox 1464 3528 1530 3585; x_wconf 84' lang='lat' dir='ltr'>R.</span> <span class='ocrx_word' id='word_1_254' title='bbox 1577 3524 1643 3604; x_wconf 86' lang='lat'>7,</span> <span class='ocrx_word' id='word_1_255' title='bbox 1690 3523 1788 3584; x_wconf 79' lang='lat'>72.</span> <span class='ocrx_word' id='word_1_256' title='bbox 1848 3528 2015 3586; x_wconf 80' lang='lat' dir='ltr'>Eust.</span> <span class='ocrx_word' id='word_1_257' title='bbox 2072 3545 2130 3603; x_wconf 88' lang='lat' dir='ltr'>p.</span> <span class='ocrx_word' id='word_1_258' title='bbox 2178 3522 2370 3604; x_wconf 78' lang='lat'><strong>1166,</strong></span> <span class='ocrx_word' id='word_1_259' title='bbox 2415 3525 2514 3585; x_wconf 72' lang='lat'>53.</span> <span class='ocrx_word' id='word_1_260' title='bbox 2601 3526 2794 3585; x_wconf 78' lang='lat' dir='ltr'>Voca-</span> 
     </span>
     <span class='ocr_line' id='line_1_33' title="bbox 533 3617 2795 3708; baseline -0 -18"><span class='ocrx_word' id='word_1_261' title='bbox 533 3630 736 3690; x_wconf 89' lang='lat' dir='ltr'>bulum</span> <span class='ocrx_word' id='word_1_262' title='bbox 800 3631 944 3707; x_wconf 90' lang='lat' dir='ltr'>quin</span> <span class='ocrx_word' id='word_1_263' title='bbox 1006 3648 1042 3688; x_wconf 90' lang='lat' dir='ltr'>a</span> <span class='ocrx_word' id='word_1_264' title='bbox 1095 3617 1339 3708; x_wconf 88' lang='grc' dir='ltr'><em>χόρτος</em></span> <span class='ocrx_word' id='word_1_265' title='bbox 1385 3627 1719 3688; x_wconf 84' lang='lat' dir='ltr'>derivatum</span> <span class='ocrx_word' id='word_1_266' title='bbox 1764 3630 1868 3706; x_wconf 86' lang='lat' dir='ltr'>sit,</span> <span class='ocrx_word' id='word_1_267' title='bbox 1927 3629 2171 3689; x_wconf 89' lang='lat' dir='ltr'>dubium</span> <span class='ocrx_word' id='word_1_268' title='bbox 2234 3647 2364 3689; x_wconf 87' lang='lat' dir='ltr'>esse</span> <span class='ocrx_word' id='word_1_269' title='bbox 2410 3647 2530 3688; x_wconf 85' lang='lat' dir='ltr'>non</span> <span class='ocrx_word' id='word_1_270' title='bbox 2576 3633 2795 3706; x_wconf 72' lang='lat' dir='ltr'>potest,</span> 
     </span>
     <span class='ocr_line' id='line_1_34' title="bbox 536 3730 2794 3809; baseline -0.001 -16"><span class='ocrx_word' id='word_1_271' title='bbox 536 3733 642 3793; x_wconf 89' lang='lat' dir='ltr'>sed</span> <span class='ocrx_word' id='word_1_272' title='bbox 702 3733 777 3792; x_wconf 90' lang='lat' dir='ltr'>de</span> <span class='ocrx_word' id='word_1_273' title='bbox 840 3731 1085 3809; x_wconf 81' lang='lat' dir='ltr'>propria</span> <span class='ocrx_word' id='word_1_274' title='bbox 1143 3730 1576 3809; x_wconf 79' lang='lat' dir='ltr'>significatione</span> <span class='ocrx_word' id='word_1_275' title='bbox 1638 3730 1956 3790; x_wconf 83' lang='lat' dir='ltr'>admodum</span> <span class='ocrx_word' id='word_1_276' title='bbox 2016 3731 2353 3807; x_wconf 82' lang='lat' dir='ltr'>ambigitur.</span> <span class='ocrx_word' id='word_1_277' title='bbox 2439 3731 2529 3790; x_wconf 82' lang='lat' dir='ltr'>Ea</span> <span class='ocrx_word' id='word_1_278' title='bbox 2588 3731 2663 3790; x_wconf 87' lang='lat' dir='ltr'>de</span> <span class='ocrx_word' id='word_1_279' title='bbox 2724 3749 2794 3791; x_wconf 85' lang='lat' dir='ltr'>re</span> 
     </span>
     <span class='ocr_line' id='line_1_35' title="bbox 536 3828 2794 3911; baseline -0.001 -14"><span class='ocrx_word' id='word_1_280' title='bbox 536 3840 812 3897; x_wconf 76' lang='lat' dir='ltr'>accurate</span> <span class='ocrx_word' id='word_1_281' title='bbox 872 3839 941 3894; x_wconf 90' lang='lat' dir='ltr'>ut</span> <span class='ocrx_word' id='word_1_282' title='bbox 1002 3835 1158 3895; x_wconf 86' lang='lat' dir='ltr'>solet</span> <span class='ocrx_word' id='word_1_283' title='bbox 1216 3835 1339 3911; x_wconf 84' lang='lat' dir='ltr'>egit</span> <span class='ocrx_word' id='word_1_284' title='bbox 1387 3835 1774 3911; x_wconf 83' lang='lat' dir='ltr'>Wieselerus‚</span> <span class='ocrx_word' id='word_1_285' title='bbox 1834 3834 1942 3894; x_wconf 85' lang='lat' dir='ltr'>das</span> <span class='ocrx_word' id='word_1_286' title='bbox 2000 3833 2359 3911; x_wconf 84' lang='lat' dir='ltr'>Satyrspiel‚</span> <span class='ocrx_word' id='word_1_287' title='bbox 2420 3853 2479 3911; x_wconf 92' lang='lat' dir='ltr'>p.</span> <span class='ocrx_word' id='word_1_288' title='bbox 2523 3828 2633 3911; x_wconf 82' lang='lat'>93,</span> <span class='ocrx_word' id='word_1_289' title='bbox 2693 3834 2794 3894; x_wconf 83' lang='lat' dir='ltr'>oui</span> 
     </span>
     <span class='ocr_line' id='line_1_36' title="bbox 540 3923 2797 4015; baseline -0.002 -15"><span class='ocrx_word' id='word_1_290' title='bbox 540 3945 738 4000; x_wconf 80' lang='lat' dir='ltr'>tamen</span> <span class='ocrx_word' id='word_1_291' title='bbox 800 3955 1036 4014; x_wconf 84' lang='lat' dir='ltr'>nequeo</span> <span class='ocrx_word' id='word_1_292' title='bbox 1097 3937 1482 4015; x_wconf 87' lang='lat' dir='ltr'>adstipulari,</span> <span class='ocrx_word' id='word_1_293' title='bbox 1542 3954 1724 4015; x_wconf 80' lang='lat' dir='ltr'>quum</span> <span class='ocrx_word' id='word_1_294' title='bbox 1782 3936 1971 3996; x_wconf 82' lang='lat' dir='ltr'>dieat:</span> <span class='ocrx_word' id='word_1_295' title='bbox 2034 3940 2387 4014; x_wconf 70' lang='lat' dir='ltr'>„xoptalog</span> <span class='ocrx_word' id='word_1_296' title='bbox 2439 3923 2653 4013; x_wconf 77' lang='grc' dir='ltr'><em>χιτών</em></span> <span class='ocrx_word' id='word_1_297' title='bbox 2714 3936 2797 3996; x_wconf 82' lang='lat' dir='ltr'>ist</span> 
     </span>
     <span class='ocr_line' id='line_1_37' title="bbox 536 4038 2793 4118; baseline -0.002 -15"><span class='ocrx_word' id='word_1_298' title='bbox 536 4042 631 4103; x_wconf 87' lang='lat' dir='ltr'>ein</span> <span class='ocrx_word' id='word_1_299' title='bbox 680 4041 901 4118; x_wconf 82' lang='lat' dir='ltr'>ohiton,</span> <span class='ocrx_word' id='word_1_300' title='bbox 945 4041 1054 4100; x_wconf 85' lang='lat' dir='ltr'>der</span> <span class='ocrx_word' id='word_1_301' title='bbox 1096 4039 1196 4101; x_wconf 75' lang='lat' dir='ltr'>fur</span> <span class='ocrx_word' id='word_1_302' title='bbox 1243 4040 1358 4100; x_wconf 90' lang='lat' dir='ltr'>den</span> <span class='ocrx_word' id='word_1_303' title='bbox 1405 4038 1656 4100; x_wconf 81' lang='lat' dir='ltr'>viehhof</span> <span class='ocrx_word' id='word_1_304' title='bbox 1693 4039 1841 4099; x_wconf 89' lang='lat' dir='ltr'>oder</span> <span class='ocrx_word' id='word_1_305' title='bbox 1882 4038 2091 4099; x_wconf 87' lang='lat' dir='ltr'>besser</span> <span class='ocrx_word' id='word_1_306' title='bbox 2134 4039 2232 4098; x_wconf 81' lang='lat' dir='ltr'>fflr</span> <span class='ocrx_word' id='word_1_307' title='bbox 2277 4038 2392 4099; x_wconf 84' lang='lat' dir='ltr'>den</span> <span class='ocrx_word' id='word_1_308' title='bbox 2436 4038 2793 4115; x_wconf 71' lang='lat' dir='ltr'>weideplatz</span> 
     </span>
     <span class='ocr_line' id='line_1_38' title="bbox 532 4141 2795 4220; baseline -0.002 -15"><span class='ocrx_word' id='word_1_309' title='bbox 532 4146 607 4205; x_wconf 88' lang='lat' dir='ltr'>im</span> <span class='ocrx_word' id='word_1_310' title='bbox 667 4144 889 4220; x_wconf 85' lang='lat' dir='ltr'>freien,</span> <span class='ocrx_word' id='word_1_311' title='bbox 948 4142 1044 4203; x_wconf 79' lang='lat' dir='ltr'>fur</span> <span class='ocrx_word' id='word_1_312' title='bbox 1102 4143 1220 4204; x_wconf 88' lang='lat' dir='ltr'>den</span> <span class='ocrx_word' id='word_1_313' title='bbox 1280 4141 1622 4203; x_wconf 84' lang='lat' dir='ltr'>anfenthalt</span> <span class='ocrx_word' id='word_1_314' title='bbox 1676 4141 1752 4201; x_wconf 91' lang='lat' dir='ltr'>im</span> <span class='ocrx_word' id='word_1_315' title='bbox 1816 4141 2007 4201; x_wconf 82' lang='lat' dir='ltr'>walde</span> <span class='ocrx_word' id='word_1_316' title='bbox 2066 4141 2214 4203; x_wconf 86' lang='lat' dir='ltr'>oder</span> <span class='ocrx_word' id='word_1_317' title='bbox 2268 4141 2378 4201; x_wconf 85' lang='lat' dir='ltr'>auf</span> <span class='ocrx_word' id='word_1_318' title='bbox 2426 4141 2560 4202; x_wconf 88' lang='lat' dir='ltr'>dem</span> <span class='ocrx_word' id='word_1_319' title='bbox 2610 4141 2795 4201; x_wconf 84' lang='lat' dir='ltr'>lando</span> 
     </span>
     <span class='ocr_line' id='line_1_39' title="bbox 536 4223 2793 4327; baseline -0.001 -20"><span class='ocrx_word' id='word_1_320' title='bbox 536 4257 732 4327; x_wconf 80' lang='lat' dir='ltr'>passt‚</span> <span class='ocrx_word' id='word_1_321' title='bbox 793 4248 902 4307; x_wconf 81' lang='lat' dir='ltr'>wie</span> <span class='ocrx_word' id='word_1_322' title='bbox 949 4232 1266 4326; x_wconf 78' lang='grc' dir='ltr'><em>ἀγοραῖος</em></span> <span class='ocrx_word' id='word_1_323' title='bbox 1305 4233 1516 4323; x_wconf 79' lang='grc' dir='ltr'><em>χιτών</em></span> <span class='ocrx_word' id='word_1_324' title='bbox 1562 4245 1654 4305; x_wconf 86' lang='lat' dir='ltr'>eiu</span> <span class='ocrx_word' id='word_1_325' title='bbox 1701 4245 1934 4324; x_wconf 75' lang='lat' dir='ltr'>chiton,</span> <span class='ocrx_word' id='word_1_326' title='bbox 1995 4244 2263 4304; x_wconf 81' lang='lat' dir='ltr'>welohen</span> <span class='ocrx_word' id='word_1_327' title='bbox 2322 4263 2460 4305; x_wconf 80' lang='lat' dir='ltr'>man</span> <span class='ocrx_word' id='word_1_328' title='bbox 2505 4223 2617 4304; x_wconf 70' lang='lat' dir='ltr'>auf</span> <span class='ocrx_word' id='word_1_329' title='bbox 2653 4242 2793 4304; x_wconf 86' lang='lat' dir='ltr'>dem</span> 
     </span>
    </p>
   </div>
   <div class='ocr_carea' id='block_1_3' title="bbox 3147 153 3153 1970">
    <p class='ocr_par' dir='ltr' id='par_1_14' title="bbox 3147 153 3153 1970">
     <span class='ocr_line' id='line_1_40' title="bbox 3147 153 3153 1970; baseline 0 0"><span class='ocrx_word' id='word_1_330' title='bbox 3147 153 3153 1970; x_wconf 95' lang='lat' dir='ltr'> </span> 
     </span>
    </p>
   </div>
   <div class='ocr_carea' id='block_1_4' title="bbox 3149 3584 3153 4830">
    <p class='ocr_par' dir='ltr' id='par_1_15' title="bbox 3149 3584 3153 4830">
     <span class='ocr_line' id='line_1_41' title="bbox 3149 3584 3153 4830; baseline 0 0"><span class='ocrx_word' id='word_1_331' title='bbox 3149 3584 3153 4830; x_wconf 95' lang='lat' dir='ltr'> </span> 
     </span>
    </p>
   </div>
  </div>
 </body>
</html>
