3166 4871
2507 296 2629 356 425

557 464 620 539 6)
666 468 894 526 Plinius
953 467 1189 527 scribit:
1250 467 1509 527 metilius
1550 468 1801 546 Crispus
1845 468 2158 546 municeps
2219 486 2419 529 mens:
2494 471 2631 529 huic

386 587 498 646 ego
543 569 808 629 ordinem
853 571 1312 646 impetraveram
1357 575 1541 647 atque
1585 573 1761 631 etiam
1794 571 2200 649 proficiscenti
2234 572 2631 648 quadraginta

387 671 550 731 milia
610 689 911 732 nummum
981 672 1057 734 ad
1118 673 1532 733 instruendum
1593 673 2051 751 ornandumque
2113 675 2492 735 donaveram.
2545 705 2630 714 —

386 771 586 851 (epist.
628 774 726 832 VI.
772 773 875 835 25.
919 774 1208 852 epistolae
1251 775 1313 834 in
1360 794 1552 835 annos
1598 794 1655 852 p.
1702 775 1805 837 Ch.
1852 774 2148 838 97-108
2194 775 2578 850 referuntur.)

560 873 623 948 7)
667 877 886 936 Florus
929 877 1104 936 dicit:
1164 878 1397 954 Nempe
1450 878 1497 938 si
1548 879 1689 938 mihi
1747 881 2039 938 maximus
2083 879 2407 958 imperator
2451 881 2631 940 vitem

387 977 449 1038 id
511 983 602 1038 est
662 983 900 1039 centum
969 980 1237 1039 homines
1303 979 1606 1055 regendos
1671 980 2055 1059 tradidisset,
2132 1001 2252 1042 non
2317 983 2633 1043 mediocris

391 1082 581 1141 honos
626 1081 863 1142 habitus
910 1081 1050 1140 mihi
1096 1082 1424 1160 videretur3
1471 1083 1620 1151 cedo
1651 1084 1701 1142 si
1732 1083 2193 1160 praefecturam,
2238 1086 2633 1146 tribunatum:

390 1201 606 1261 nempe
649 1184 806 1243 idem
851 1184 1077 1262 honos,
1135 1185 1246 1245 nisi
1293 1184 1457 1260 quod
1504 1203 1733 1246 merces
1779 1186 2046 1263 amplior.
2137 1184 2375 1260 (Florus
2420 1187 2635 1267 fragm.
2708 1189 2718 1200 '

392 1286 584 1346 Halm.
626 1305 683 1363 p.
733 1283 895 1358 108).

562 1385 627 1461 8)
670 1390 737 1447 P.
795 1388 1047 1449 Helvius
1106 1390 1395 1449 Pertinax
1459 1392 1883 1466 grammaticen
1960 1390 2270 1469 professus
2333 1396 2453 1462 est;
2525 1392 2635 1453 sed

394 1509 526 1550 cum
585 1492 645 1550 in
708 1510 780 1551 ea
840 1493 1035 1551 minus
1088 1497 1376 1569 quaestus
1436 1492 1792 1569 proficeret,
1853 1512 1963 1570 per
2007 1495 2344 1554 Lollianum
2392 1497 2634 1555 Avitum

393 1594 764 1653 consularem
809 1595 1021 1670 virum,
1064 1596 1253 1672 patris
1315 1599 1653 1671 patronum,
1708 1595 1968 1656 ducendi
2015 1596 2241 1656 ordinis
2286 1586 2634 1674 dignitatem

392 1697 624 1774 petiit.
655 1738 670 1754 .
699 1739 713 1755 .
760 1697 899 1756 dein
960 1698 1302 1774 praefectus
1373 1699 1638 1758 cohortis
1714 1701 1774 1758 in
1844 1697 2078 1774 Syriam
2153 1699 2462 1776 profectus
2531 1705 2638 1760 est.

391 1796 697 1872 (Pertinax
741 1800 1069 1877 imperator
1110 1819 1162 1860 a.
1213 1805 1331 1863 187
1376 1819 1434 1877 p.
1468 1801 1571 1862 Oh.
1661 1799 1788 1861 Ser.
1833 1802 1967 1862 hist.
2013 1803 2166 1878 Aug.
2209 1806 2349 1862 102.
2382 1807 2458 1863 12
2504 1805 2639 1863 .Ῑοι·-

395 1901 515 1960 dan
560 1907 619 1961 et
663 1901 1124 1979 Eyssenhardt).

568 2002 631 2076 9)
678 2005 846 2064 locus
875 2005 1236 2083 notissimus,
1279 2006 1381 2065 ubi
1416 2007 1740 2065 Maecenas
1773 2005 1848 2064 de
1880 2006 2300 2066 constituenda
2329 1993 2638 2083 republica

394 2108 742 2167 consultans
801 2097 1073 2184 fingitur:
1144 2091 1737 2185 Ἐσγραφέσθωσαν
1805 2100 1893 2182 (ἐς
1951 2093 2080 2186 τὴν
2139 2097 2449 2185 βουλην),
2508 2127 2636 2167 xcxv

397 2198 912 2287 λελοχαγηκότες
972 2202 1145 2279 τινὲς
1204 2201 1279 2267 ἐν
1337 2216 1482 2280 τοῖς
1538 2207 1920 2280 πολιτικοῖς
1964 2203 2449 2286 στρατοπέδοις
2493 2189 2637 2283 ὦσι,

393 2296 579 2388 πλὴν
624 2308 766 2368 τῶν
809 2303 884 2368 ἐν
924 2308 1023 2388 τῷ
1070 2311 1450 2389 τεταγμένῳ
1496 2303 2040 2388 ἐστρατευμένων
2071 2343 2156 2351 —-
2187 2341 2268 2350 —
2317 2303 2391 2369 ἐκ
2438 2306 2508 2371 δὲ
2557 2298 2634 2390 δὴ

395 2410 537 2471 τῶν
610 2396 703 2470 ἀπ
784 2397 980 2491 ἀρχῆς
1061 2402 1794 2493 ἑκατονταρχησάντων
1866 2398 2072 2472 ου’ὸὲν
2161 2405 2406 2473 κωλύει
2478 2405 2639 2487 τοὺς

395 2505 976 2592 ἐλλογιμωτάτους
1006 2503 1237 2573 αὐτῶν
1267 2505 1811 2593 μεταλαμβάνειν.
1903 2514 2043 2589 (Dio
2089 2516 2330 2577 Cassius
2376 2519 2503 2577 LII.
2538 2521 2638 2579 25.

347 2688 356 2698 .
397 2619 489 2676 Ex
536 2618 628 2676 his
672 2618 903 2694 verbis,
964 2636 1039 2678 ne
1087 2618 1232 2695 quid
1281 2618 1356 2678 de
1416 2620 1673 2695 Augusti
1738 2624 1933 2680 aetate
1995 2621 2418 2697 concludatur,
2477 2628 2640 2682 recte

398 2726 598 2780 monet
643 2722 1009 2798 Marquardt.
1054 2722 1091 2781 1.
1138 2740 1183 2781 c.
1230 2742 1288 2799 p.
1333 2727 1476 2784 366.
1523 2724 1602 2791 1.)

1026 2893 1102 2946 Β.
1169 2893 1509 2960 Exempla
1553 2892 2017 2960 epigraphica.

574 3007 634 3083 1)
680 3008 796 3067 Sex
850 3010 1120 3068 Pilonius
1163 3010 1473 3070 Modestus
1520 3005 1558 3069 7
1606 3011 1720 3087 leg.
1773 3011 1858 3070 IV
1901 3011 1968 3069 F.
2012 3012 2078 3070 F.
2122 3010 2213 3070 111
2277 3012 2428 3070 hast.
2487 3018 2643 3088 post.

399 3133 538 3172 ann.
582 3111 881 3192 XXXVII.
942 3111 1210 3172 ordinem
1256 3099 1493 3189 accepit
1550 3132 1626 3172 ex
1694 3113 1893 3189 equite
1939 3115 2208 3172 Romano
2265 3114 2538 3173 militavit
2581 3114 2641 3174 in

404 3218 518 3293 leg.
550 3215 665 3275 VII
709 3260 725 3274 .
755 3260 768 3273 .
815 3215 1128 3293 stipendiis
1159 3215 1585 3275 centurionicis
1616 3216 1814 3274 XVIII
1861 3216 2413 3293 (Sarmizegetusae.
2445 3216 2639 3277 deser.

400 3320 747 3378 Mommsen.
823 3318 882 3379 C.
916 3321 960 3378 Ι.
991 3320 1059 3379 L.
1106 3319 1207 3379 111.
1257 3321 1439 3379 1480.
1486 3319 1682 3378 Wilm.
1734 3322 1913 3379 1591.
1960 3320 2207 3379 Henzen
2261 3317 2471 3392 3455).

575 3419 637 3495 2)
684 3422 754 3494 Q.
800 3421 1171 3481 Enibondius
1219 3424 1537 3482 Montanus
1582 3465 1595 3479 .
1625 3465 1641 3482 .
1687 3414 1725 3478 7
1757 3422 2068 3482 ordinatus
2113 3441 2188 3483 ex
2234 3441 2326 3500 eq.
2356 3424 2519 3482 Rom.
2567 3422 2643 3484 ab

403 3524 642 3583 domino
673 3526 812 3600 imp.
843 3525 918 3582 M.
959 3526 1103 3584 Aur.
1140 3522 1467 3584 Antonino.
1532 3524 1983 3593 (Villavecchia.
2059 3525 2119 3585 O.
2154 3526 2193 3583 1.
2227 3526 2293 3585 L.
2344 3527 2411 3585 V.
2459 3529 2642 3587 7865.

402 3627 651 3686 Henzen
701 3622 908 3697 6772.)

575 3727 638 3803 3)
670 3720 755 3788 D.
820 3731 894 3787 M.
943 3730 1019 3786 M.
1072 3729 1245 3788 Aelio
1292 3728 1686 3789 Caesioniano
1747 3730 1814 3787 P.
1858 3730 1925 3788 P.
1987 3729 2364 3790 Amastriano
2419 3748 2493 3789 ex
2552 3748 2644 3806 eq.

403 3832 473 3890 R.
517 3849 654 3890 ann.
699 3830 876 3889 LXV.
943 3829 1191 3907 (Trojae
1236 3849 1426 3908 prope
1472 3831 1807 3891 Luceriam.
1880 3831 1924 3890 Ι.
1953 3831 2020 3889 R.
2053 3833 2129 3892 N.
2178 3828 2384 3903 1072.)

576 3930 641 4005 4)
688 3932 751 3992 Ο.
802 3932 1000 3992 Julius
1059 3932 1348 3992 Oarianus
1405 3952 1461 4011 p.
1519 3951 1577 4010 p.
1628 3934 1655 3993 1
1717 3934 1829 4009 leg.
1887 3934 2021 3993 Ital.
2082 3952 2155 3993 ex
2213 3953 2303 4011 eq.
2361 3935 2646 3994 Romano.

404 4032 770 4108 (Buknresti.
843 4033 905 4093 C.
934 4034 981 4093 1.
1010 4035 1076 4093 L.
1124 4033 1215 4094 ΙΙΙ
1262 4032 1428 4107 750).
