3166 4871
2502 307 2618 367 177

378 480 573 556 poetis
618 479 958 539 inserviisse
994 478 1100 539 sed
1143 480 1421 541 liberiore
1468 478 1821 540 condicione
1867 480 1957 538 usi
1993 496 2237 538 munere
2282 496 2393 539 suo
2433 478 2623 539 functi

380 580 718 642 videantur.

553 683 726 743 Haud
793 685 998 744 mirum
1061 685 1274 762 igitur,
1348 683 1507 761 quod
1573 684 1649 745 de
1710 684 1904 760 quarti
1968 684 2336 761 potissimum
2397 684 2623 744 saeculi

383 786 769 863 histrionum,
826 786 901 846 de
961 787 1180 863 quibus
1224 805 1385 847 nuuc
1446 786 1746 863 agendum
1792 788 1929 856 erit,
1990 787 2109 846 vita
2154 792 2215 846 et
2259 792 2387 846 arte
2445 787 2626 863 plura

383 892 703 949 memoriae
735 889 954 949 tradita
983 894 1124 949 sunt
1172 908 1348 967 quam
1383 888 1459 949 de
1490 890 1708 966 prioris
1738 890 1951 949 aetatis
1982 889 2269 948 fabularm
2310 889 2627 949 actoribus·

550 992 906 1052 'l‘ransituro
953 992 1096 1050 mihi
1139 991 1219 1052 ad
1265 991 1588 1052 histriones
1627 992 1986 1067 posteriores
2031 991 2239 1052 eadem
2285 994 2398 1062 via,
2444 1011 2621 1070 quam

382 1110 571 1171 supra
601 1096 721 1172 inii,
765 1094 1054 1172 progredi
1082 1094 1289 1172 placet
1334 1095 1415 1153 ita
1448 1103 1512 1154 ut
1555 1095 1694 1153 item
1727 1092 1803 1154 de
1848 1093 2290 1169 tragoediarum
2322 1094 2625 1155 actoribus

380 1197 570 1272 primo
619 1197 767 1272 loco,
813 1196 1004 1257 altero
1051 1196 1345 1273 disputem
1393 1196 1468 1256 de
1514 1195 1757 1257 comicis
1802 1195 2200 1256 histrionibus.

551 1300 640 1359 Ac
670 1298 922 1375 primum
971 1298 1208 1376 quidem
1243 1297 1588 1358 nominandi
1631 1304 1775 1359 suut
1806 1297 2261 1376 Callippides
2305 1301 2365 1358 et
2407 1298 2622 1359 Nico·

382 1405 658 1462 stratus
689 1401 957 1480 ejusdem
988 1403 1198 1462 aetatis
1231 1399 1545 1477 (Polyaen.
1576 1405 1822 1478 strateg.
1850 1402 1946 1470 VI,
1975 1405 2083 1477 103
2129 1402 2277 1462 ch.
2308 1419 2497 1480 symp.
2525 1403 2626 1477 Vl,

384 1507 450 1579 33
495 1504 600 1580 111,
634 1483 737 1577 1‘1)
782 1503 1222 1581 tragoediarum
1257 1510 1494 1565 actores
1535 1504 1867 1581 clarissimi,
1913 1506 2013 1580 qui
2044 1509 2294 1581 propter
2323 1505 2625 1582 egregiam

382 1606 601 1682 agendi
662 1606 1007 1667 facultatem
1071 1606 1294 1666 crebris
1355 1607 1632 1667 laudibus
1693 1606 2105 1667 celebrantur:
2168 1608 2227 1666 ln
2292 1607 2625 1685 principum

384 1709 735 1770 histrionum
784 1711 1145 1786 tragicorum
1182 1727 1428 1773 numero
1474 1710 1778 1770 ducuntur
1824 1730 1858 1766 a
1903 1709 2224 1769 Plutarcho
2269 1709 2398 1769 loco
2441 1727 2629 1786 supra

385 1811 626 1873 laudato
683 1810 783 1886 (de
827 1813 978 1889 glor.
1023 1813 1162 1872 Ath.
1204 1812 1297 1885 6):
1343 1805 1687 1891 ,,τραγικοὶ
1747 1794 2042 1880 <fathore
2098 1798 2461 1888 ὑποκριταὶ
2514 1804 2628 1869 καὶ

383 1900 838 1993 Νικόστρατοι
883 1909 990 1972 καὶ
1044 1907 1502 1974 Καλλιππίδαι
1548 1907 1660 1972 καὶ
1702 1908 2077 1972 Μυννίσκοι
2125 1906 2237 1971 καὶ
2287 1902 2629 1990 Θεόδωροι

383 2010 490 2073 καὶ
527 2011 757 2075 Πῶλοι
799 2010 1177 2075 συνίτωσαν
1224 2060 1236 2073 .
1287 2060 1298 2072 .
1355 2011 1403 2074 .“

555 2120 623 2178 In
671 2123 798 2178 arte
844 2119 1182 2179 exercenda
1225 2120 1384 2179 iuter
1444 2137 1510 2178 sc
1554 2119 1873 2178 consociati
1921 2118 2288 2195 Callippides
2348 2124 2407 2179 et
2452 2120 2627 2179 Nico-

384 2226 612 2282 stratus
645 2225 1049 2282 memorantur
1077 2240 1115 2282 a
1137 2222 1442 2299 Polyaeno
1474 2219 1862 2299 (strateg.V1‚
1892 2218 2012 2294 10),
2044 2222 2147 2299 qui
2180 2221 2254 2281 ab
2279 2221 2626 2282 Alexandro

387 2324 643 2400 quodam
694 2325 955 2385 castellis
987 2325 1213 2386 Aeoliis
1258 2324 1567 2403 praefecto
1598 2323 1673 2383 ad
1722 2324 1961 2384 fabulas
2004 2323 2271 2401 agendas
2301 2324 2628 2385 conductos

387 2446 491 2489 eos
534 2446 667 2488 esse
696 2426 880 2489 tradit
923 2427 1014 2489 his
1045 2428 1272 2489 verbis:
1326 2411 1793 2507 ,Ἀλέξανδρος
1822 2416 2245 2509 φρούραρχος
2287 2422 2431 2487 τῶν
2475 2421 2625 2506 περὶ

385 2520 511 2611 τὴν
564 2522 852 2592 Αἰολίδα
904 2526 1179 2612 χωρίων
1238 2519 1756 2608 μισθωσάμενος
1811 2527 1953 2589 τῶν
2005 2514 2121 2590 ἀπ’
2173 2513 2417 2602 Ἰωνὶας
2469 2522 2630 2603 τούς

386 2620 697 2714 ἀρίστους
730 2618 1120 2715 ἀγωνιστὰς,
1151 2619 1449 2715 αὐλητὰς
1479 2628 1603 2712 μὲν
1638 2627 2065 2713 θέρσανδρον
2094 2628 2209 2693 καὶ
2239 2623 2631 2711 Φιλόξενον,

385 2723 755 2816 ὑποκριτὰς
794 2730 864 2796 δὲ·
895 2732 1373 2818 Καλλιππίδην
1402 2730 1514 2796 καὶ
1544 2726 2035 2818 Νικόστρατον,
2068 2731 2240 2797 θέαν
2269 2726 2625 2817 ἐπήγγειλε.

390 2831 568 2920 Πρὸς
617 2834 740 2919 μὲν
782 2831 908 2920 τὴν
970 2829 1176 2915 δόξαν
1218 2836 1362 2901 τῶν
1423 2824 1817 2917 ἀγωνιστῶν
1879 2834 2297 2918 συνέδραμον
2355 2831 2429 2897 ἐκ
2485 2834 2631 2897 τῶν

387 2937 677 3022 πλησίον
719 2932 992 3001 πόλεων
1037 2929 1350 3013 ἅπαντες.
1433 2927 1609 3001 Ἐπεὶ
1654 2936 1726 3002 ὀὲ-
1769 2939 2019 3023 πλῆρες
2061 2932 2144 3000 τὸ
2187 2935 2484 3020 θέατρον
2528 2921 2629 3020 ἦν,

387 3033 787 3123 περιστήσας
815 3030 1228 3122 στρατιώτας
1255 3039 1366 3102 καὶ
1394 3034 1557 3114 τούς
1590 3033 1984 3122 βαρβάρους,
2027 3024 2283 3122 μεθ’ὦν
2313 3027 2629 3123 ἐφρούρει

387 3135 472 3204 τὰ
508 3140 742 3226 χωρία,
785 3136 1047 3218 πάντας
1088 3132 1249 3217 τοὺς
1293 3135 1547 3217 θεατὰς
1592 3132 1947 3219 συλλαβών
2003 3130 2232 3216 αὐτοῖς
2274 3140 2459 3204 παισὶ
2516 3140 2629 3204 καὶ

390 3243 671 3327 γυναιξὶ,
715 3237 927 3328 λύτρα
970 3234 1228 3327 μεγάλα
1269 3239 1499 3321 λαβών
1538 3238 1702 3318 τοί-ς
1744 3242 1865 3327 μὲν
1912 3233 2266 3320 ἀπέλυσεν,
2311 3234 2514 3319 αὐτὸς
2560 3241 2631 3307 δὲ

386 3340 474 3410 τὰ
511 3347 725 3430 χωρία
774 3347 1070 3431 θίβρωνι
1112 3341 1461 3430 παραδοὺς
1506 3337 1914 3432 άπηλλάγη.“
2003 3351 2180 3426 Quod
2239 3358 2377 3412 ante
2421 3370 2473 3410 a.
2504 3356 2627 3412 392

387 3452 612 3514 factum
660 3472 793 3515 esse
836 3459 1092 3533 apparet
1135 3473 1168 3514 e
1219 3455 1368 3515 Xen.
1397 3454 1552 3514 Heli.
1587 3453 1687 3531 Ν,
1718 3457 1776 3531 8,
1811 3456 1907 3531 18,
1950 3454 2050 3514 ubi
2099 3453 2343 3513 alterius
2375 3454 2629 3513 tibicinis

392 3557 763 3616 'l‘hersaudri
808 3562 870 3617 et
909 3557 1239 3617 Thibronis
1284 3558 1505 3616 mentio
1550 3555 1648 3632 fit3
1709 3575 1899 3632 quare
1957 3556 2108 3616 male
2160 3553 2513 3615 Wclckerus
2570 3554 2632 3628 (l.

390 3659 426 3718 Ι.
470 3677 526 3735 p.
576 3657 762 3731 1241)
829 3677 951 3719 rem
1012 3677 1049 3718 a
1107 3659 1416 3735 Polyaeno
1475 3658 1754 3718 traditam
1799 3658 2131 3718 Alexandri
2187 3659 2389 3735 Magni
2447 3660 2629 3720 aetati

390 3762 610 3822 tribuit.
2296 3844 2303 3849 ·

561 3864 744 3926 Iidem
775 3866 906 3926 sine
939 3864 1119 3926 dubio
1150 3863 1471 3925 laudantur
1500 3882 1536 3924 a
1565 3864 1917 3924 Philodamo
1964 3858 2175 3942 (,,περὶ
2221 3855 2634 3944 ῥητορικῆςί,

390 3968 505 4027 vol.
549 3967 794 4028 Hercul.
840 3968 950 4027 col.
980 3967 1147 4045 XVI,
1206 3966 1298 4027 ed.
1345 3967 1498 4028 Gros
1542 3986 1602 4045 p.
1650 3962 1756 4039 32)
1816 3968 1950 4028 loco
2012 3966 2331 4027 admodum
2397 3967 2632 4027 mutilo:

389 4070 754 4147 disputatum
780 4078 872 4130 est
893 4077 1073 4130 antea
1102 4070 1176 4129 de
1209 4070 1477 4147 corporis
1507 4069 1567 4128 in
1603 4068 1996 4130 declamando
2029 4069 2249 4139 habitu,
2280 4076 2631 4129 enumerata

390 4173 786 4249 sophistarum
849 4178 1201 4251 praecepta,
1261 4174 1548 4232 monitum
1607 4192 1643 4230 a
1705 4171 2088 4247 Philodemo,
2150 4177 2476 4247 praccepta
2532 4172 2630 4231 illa

392 4275 695 4350 requirere
741 4277 993 4335 virtutes
1038 4274 1324 4352 quasdam
1375 4276 1628 4351 nativas,
1671 4273 1835 4333 velut
1878 4257 2180 4351 εὖμέλεια
2235 4269 2464 4352 φωνῆς
2515 4268 2627 4331 καὶ
