3166 4871
1107 337 1194 393 Do
1228 337 1427 392 nomin.
1462 337 1522 392 in
1555 312 1726 402 mag.
1798 341 1831 404 s
1868 343 1950 392 τε.
2533 346 2657 406 229

397 516 755 576 vocabatur.
842 515 1081 576 Deinde
1128 517 1318 593 magis
1364 516 1676 594 magisque
1721 518 2060 595 praevaluit
2098 519 2316 596 opini0‚
2363 518 2657 578 hominem

400 618 483 678 ab
529 619 642 678 hoc
686 617 979 683 daemone
1023 620 1240 697 agitari
1284 622 1345 679 et
1388 621 1616 680 vexari.
1690 622 1832 681 Mox
1875 610 2375 699 προςτρόπαιος
2415 622 2659 682 omniuo

401 720 558 781 nihil
601 719 768 781 aliud
815 721 1213 798 significabat,
1273 721 1387 781 nisi
1447 721 1800 783 daemonem
1855 722 2160 783 funestum
2220 727 2281 783 et
2321 724 2538 799 iratum
2583 742 2658 784 ex

400 823 633 883 scelere
688 824 820 899 ipso
878 818 941 884 et
999 823 1292 900 sanguiue
1352 826 1568 884 mortui
1628 824 1972 903 oriundum,
2031 827 2133 902 qui
2196 827 2523 887 occisorem
2581 825 2658 886 de

399 925 607 985 occiso
652 925 1062 986 ulcisceretur.
1149 927 1225 986 Et
1268 944 1453 1003 quum
1496 927 1614 987 alia
1643 928 1898 1004 imagine
1928 928 2057 1006 ipse
2088 928 2323 988 occisus
2352 928 2658 989 videretur

401 1027 614 1087 ulcisci
659 1034 909 1090 mortem
941 1046 1128 1106 suam,
1174 1027 1340 1089 vides
1372 1047 1551 1105 quam
1582 1028 1758 1089 facile
1788 1028 1865 1089 ad
1896 1048 2020 1091 rem
2044 1030 2169 1107 jam
2201 1049 2394 1107 paene
2438 1048 2655 1108 aequa-

395 1130 520 1191 lem
564 1118 876 1192 transferri
919 1108 1444 1208 potuerit'nomeu
1492 1131 1657 1208 quod
1703 1133 1945 1210 proprie
2000 1151 2125 1193 rem
2170 1134 2354 1210 plane
2398 1134 2655 1193 alienam

395 1233 865 1310 significaverat.
2223 1282 2231 1303 .

579 1338 788 1397 Restat
817 1338 885 1396 ut
914 1354 1270 1414 quaeramus
1299 1356 1378 1397 an
1410 1340 1574 1397 recte
1597 1335 1762 1413 apud
1783 1336 2151 1414 Aeschylum
2184 1337 2223 1397 l.
2242 1338 2280 1397 1.
2311 1336 2482 1410 (Cho.
2506 1333 2655 1410 287)

387 1439 526 1516 jam
574 1438 728 1499 hanc
770 1439 940 1500 vocis
985 1438 1480 1515 significationem
1528 1450 1769 1500 exstare
1813 1444 2069 1517 putent·
2134 1440 2512 1501 Dissentiunt
2544 1440 2654 1499 viri

395 1542 587 1601 docti.
645 1542 1017 1603 Scholiastae
1038 1541 1164 1620 jam
1196 1540 1452 1602 vidimus
1483 1531 1644 1612 τοὺς
1672 1536 2215 1621 προςτροπαίους
2256 1560 2389 1603 esse
2420 1543 2655 1602 occisos

393 1644 728 1704 vindictam
772 1662 810 1703 a
851 1644 996 1705 Iove
1041 1647 1331 1721 petentes.
1419 1645 1565 1705 Item
1604 1645 1779 1704 Well.
1812 1645 1989 1704 Diud.
2020 1645 2081 1704 in
2113 1645 2229 1705 lex.
2262 1649 2321 1704 et
2351 1643 2560 1705 Blomf.
2591 1645 2651 1703 in

392 1746 588 1823 gloss.
617 1751 889 1807 vertunt:
932 1746 1208 1824 supplex.
1298 1746 1521 1807 Eadem
1561 1747 1863 1807 sententia
1894 1753 1988 1807 est
2016 1747 2250 1807 Franzii
2281 1745 2505 1819 (belebt
2533 1764 2653 1806 von

393 1851 596 1909 bitten
643 1849 750 1909 der
791 1850 868 1909 im
914 1849 1267 1927 geschlecht
1309 1846 1678 1925 gesallenen)
1725 1854 1785 1909 et
1830 1849 2131 1911 Clauseni.
2203 1848 2319 1910 Sed
2350 1848 2653 1910 Stanleius

395 1970 588 2029 quum
633 1953 812 2013 vertit
868 1953 1016 2030 „qui
1078 1951 1667 2029 consanguineorum
1726 1952 2152 2012 sceleratorum
2199 1971 2377 2012 manu
2424 1950 2652 2012 cecide-

395 2047 609 2132 runt“,
661 2055 746 2115 sic
791 2054 1117 2119 construit:
1179 2051 1322 2112 τῶν
1366 2046 1763 2133 ἐνερτέρων,
1816 2043 2289 2113 πεπτωκότων
2334 2046 2408 2113 ἐκ
2453 2069 2651 2131 προς-

391 2150 753 2232 τροπαίων
797 2149 871 2215 ἐν
916 2151 1092 2235 γένει
1138 2155 1201 2231 (i.
1231 2176 1282 2216 e.
1327 2149 1639 2234 ἐγγενῶν,
1685 2174 1741 2215 v.
1785 2156 1972 2217 Stanl.
2016 2162 2077 2217 et
2116 2155 2308 2233 ·Abr.),
2351 2160 2411 2216 et
2450 2142 2652 2232 προς-

396 2248 738 2337 τρόπαιον
788 2260 1073 2336 intelligit
1130 2276 1264 2320 esse
1325 2260 1673 2336 scelestum,
1734 2259 2129 2338 piacularem,
2186 2258 2653 2319 interfectorem.

396 2362 571 2423 Idem
630 2366 835 2423 censet
894 2359 964 2422 Ο.
1010 2362 1225 2422 Muller
1283 2360 1477 2433 (Eum.
1541 2357 1702 2433 135).
1805 2362 1997 2421 Etiam
2054 2362 2209 2422 Weil
2270 2363 2426 2422 hanc
2484 2361 2654 2422 vocis

397 2466 760 2527 sententiam
827 2483 960 2526 esse
1025 2468 1226 2542 putat,
1285 2464 1389 2525 sed
1452 2464 1638 2542 paulo
1697 2465 1869 2524 aliter
1922 2466 2189 2526 construi
2237 2466 2445 2541 jubet:
2506 2459 2651 2522 τῶν

395 2560 773 2646 ἐνερτέρων
818 2561 892 2628 ἐν
935 2562 1110 2646 γένει
1153 2556 1629 2627 πεπτωκότων
1673 2560 1748 2626 ἐκ
1777 2561 2322 2646 προς-τροπαίων,
2368 2586 2504 2627 nam
2538 2569 2652 2627 hoc

393 2672 538 2732 loco
582 2671 727 2730 nihil
771 2672 1062 2732 interesse
1107 2674 1306 2730 utrum
1340 2689 1376 2729 a
1416 2671 1688 2745 cognatis
1733 2689 1808 2730 an
1856 2671 1931 2731 ab
1978 2671 2186 2731 alienis
2232 2670 2448 2731 caedes
2491 2670 2653 2729 facta

397 2775 512 2851 sit,
571 2773 710 2833 dum
771 2775 820 2834 is
873 2774 972 2850 qui
1032 2771 1382 2833 interfectus
1442 2777 1536 2832 est
1594 2774 1671 2832 sit
1714 2777 2003 2850 cognatus
2048 2772 2133 2833 illi
2177 2774 2280 2850 qui
2325 2771 2651 2832 vindictam

393 2877 673 2954 negligit,
730 2868 804 2934 ἐν
846 2869 1020 2954 γένει
1074 2861 1470 2944 πεπτωκώς.
1573 2875 1793 2935 Parum
1854 2877 2290 2953 circumspecte
2350 2876 2443 2934 vir
2500 2874 2652 2934 alias

395 2979 839 3057 sagacissimus.
925 2980 1080 3039 Nam
1142 2978 1374 3038 occisos
1433 2981 1722 3053 cognatos
1787 2995 1918 3039 csse
1976 2978 2060 3037 illi
2119 2979 2219 3055 qui
2275 2976 2438 3037 vind.
2495 2977 2652 3053 negl.

393 3101 513 3161 per
545 3099 611 3141 se
641 3081 1013 3158 intelligitur,
1039 3099 1224 3157 quum
1256 3097 1378 3140 non
1408 3084 1802 3157 cognatorum
1834 3080 2138 3141 hominum
2172 3078 2650 3139 ulciscendorum

395 3184 632 3246 nullum
677 3184 987 3245 videretur
1031 3183 1279 3244 Graecis
1323 3182 1585 3244 officium
1630 3199 1796 3243 esse:
1851 3186 2061 3242 contra
2105 3174 2180 3241 ἐν
2225 3175 2401 3259 γένει
2445 3180 2650 3241 addito

391 3287 478 3348 ad
511 3279 588 3346 ἐκ
615 3303 890 3365 προςτρ.
926 3288 1112 3347 multo
1144 3286 1435 3346 scelerum
1469 3285 1729 3347 foeditas
1759 3291 2032 3363 angetur,
2061 3289 2122 3345 et
2152 3285 2335 3344 multo
2366 3283 2650 3342 maiorem

393 3409 535 3451 eam
580 3390 655 3449 ob
700 3408 823 3450 rem
867 3389 1201 3450 occisorum
1259 3389 1434 3465 iram,
1496 3388 1682 3448 multo
1744 3387 1944 3448 acrius
2005 3405 2208 3449 eorum
2265 3379 2461 3459 βέλος
2519 3402 2651 3445 esse

392 3497 654 3570 oportet.
741 3492 884 3553 Mihi
945 3492 1184 3551 omnino
1246 3491 1396 3550 haec
1456 3491 1754 3552 sententia
1815 3491 1999 3551 multo
2057 3488 2371 3567 pulchrior
2414 3488 2652 3548 videtur

394 3594 828 3671 Aeschyloque
888 3593 1125 3671 dignior
1183 3611 1358 3670 quam
1419 3593 1528 3653 illa
1572 3611 1750 3670 quam
1797 3593 2244 3671 amplectuntur
2290 3591 2652 3652 scholiastae

393 3699 749 3759 sectatores.
836 3697 972 3756 Huc
1016 3695 1253 3756 accedit
1297 3714 1442 3757 usus
1488 3696 1953 3773 praepositionis
2001 3688 2090 3754 ἐκ.
2168 3696 2321 3754 Nam
2368 3686 2443 3752 ἐκ
2487 3693 2650 3771 apud

390 3800 667 3878 tragicos
724 3817 907 3877 saepe
964 3799 1243 3876 usurpari
1309 3798 1386 3858 ad
1444 3802 1751 3859 auctorem
1813 3797 2218 3859 denotandum
2267 3802 2327 3858 et
2371 3795 2651 3873 conjungi

392 3922 537 3964 cum
596 3903 868 3979 passivo,
929 3904 995 3961 ut
1054 3902 1114 3960 in
1176 3920 1260 3961 or.
1304 3919 1485 3978 prosa
1543 3888 1707 3974 ὑπό,
1765 3906 1970 3961 notum
2018 3905 2138 3979 est,
2201 3900 2275 3960 cf.
2320 3900 2481 3977 Sept.
2526 3894 2649 3955 805

391 4001 725 4064 τεθνᾶσιν
785 3996 860 4062 ἐκ
909 4000 1129 4081 χερῶν
1189 3988 1663 4063 αὐτοκτόνων,
1693 4009 1752 4064 et
1812 4004 1997 4064 multa
2050 4004 2128 4063 al.
2171 4022 2267 4080 ap.
2312 4001 2489 4062 Diud.
2535 4001 2652 4060 lex.

391 4108 617 4169 Aesch.
662 4127 708 4167 s.
753 4126 809 4167 v.
853 4111 913 4167 et
956 4107 1073 4167 ΕΠ.
1161 4109 1374 4183 Itaque
1436 4107 1582 4167 hacc
1641 4106 1863 4167 locutio
1924 4106 2245 4182 unicuique
2304 4105 2504 4165 statim
2551 4103 2652 4163 oh·

391 4214 682 4271 versatur
741 4210 900 4270 hunc
962 4211 1158 4271 locum
1218 4210 1457 4286 legenti.
1569 4211 1794 4270 Contra
1855 4210 2005 4269 mira
2064 4213 2223 4268 esset
2267 4206 2518 4282 locuti0,
2584 4203 2654 4280 si,

391 4331 586 4393 quum
634 4312 808 4375 modo
853 4312 1076 4374 dictum
1124 4318 1312 4374 esset:
1356 4306 1553 4385 βέλος
1582 4309 1725 4371 τῶν
1754 4304 2145 4391 ἐνερτέρων,
2193 4308 2408 4369 deinde
2453 4308 2650 4374 denuo
