3166 4871
543 265 667 328 294

538 457 687 500 vera
730 457 935 500 eorum
980 439 1133 500 ratio
1178 442 1287 499 est.
1374 438 1726 499 Aristoteles
1780 455 1915 499 cum
1968 439 2029 499 in
2074 438 2364 516 Euripide
2421 458 2591 500 suam
2634 440 2790 500 vitu-

538 541 736 619 perari
797 541 1132 602 doctrinam
1195 541 1455 619 videret,
1512 541 1847 601 admirabili
1907 541 2240 618 sagacitate
2295 546 2358 601 et
2400 546 2531 605 arte
2575 542 2786 602 adver-

537 644 745 721 sarios,
790 662 944 720 qnae
975 648 1038 704 et
1064 644 1178 721 ipsi
1208 647 1270 703 et
1300 644 1587 704 universa
1614 644 1852 703 theatra
1879 643 2100 703 talibus
2130 644 2417 720 spectatis
2459 634 2787 722 tragoediis

537 747 888 823 sensissent,
965 744 1439 806 commonefecit.
1553 746 1790 823 Nempe
1855 745 2190 806 concedere
2255 746 2583 824 debebant,
2656 748 2787 807 illas

538 848 790 909 maxime
842 849 1104 926 tragicas
1157 866 1477 925 apparere:
1545 847 1607 908 id
1666 846 1827 926 quod
1883 865 1955 907 eo
2001 849 2141 925 plus
2186 850 2468 910 momenti
2513 848 2790 929 habebat,
2864 840 2870 847 ’

538 949 701 1028 quod
745 951 933 1012 invito
977 952 1196 1029 animo,
1242 951 1469 1029 quippe
1515 951 1620 1028 qui
1664 950 1887 1028 duplici
1934 950 2164 1029 fabula,
2205 951 2267 1011 in
2314 970 2435 1029 qua
2477 952 2683 1030 probis
2727 956 2788 1012 et

533 1052 822 1131 improbis
851 1054 996 1113 viris
1028 1054 1329 1114 contraria
1358 1054 1666 1130 eveniunt,
1708 1053 1896 1130 magis
1934 1051 2288 1130 gauderent,
2334 1053 2786 1115 confitebantur.

534 1154 793 1216 Tantum
855 1156 1039 1232 igitur
1096 1155 1293 1233 abest,
1351 1160 1420 1215 ut
1461 1156 1666 1215 verbis
1711 1155 1834 1216 illis
1891 1148 2004 1214 ἐπὶ
2047 1149 2189 1213 τῶν
2233 1152 2501 1235 σκηνῶν
2543 1173 2604 1215 x.
2636 1174 2693 1214 τ.
2726 1155 2783 1215 ἶ.

536 1259 838 1318 minuatur
882 1262 941 1318 et
983 1257 1289 1318 recidatur
1334 1258 1639 1335 Euripidis
1681 1258 1832 1335 laus,
1877 1265 1945 1318 ut
1986 1259 2243 1319 maxime
2288 1259 2375 1319 eis
2403 1259 2786 1333 confirmetur

538 1365 601 1420 et
643 1360 952 1438 probetur.

706 1463 1081 1523 Postremum
1131 1462 1273 1523 illud
1307 1462 1485 1522 nobis'
1510 1462 1970 1523 examinandum
1995 1463 2258 1539 videtur,
2303 1464 2465 1540 quod
2495 1464 2784 1526 Schwabe

536 1569 597 1626 et
640 1561 1034 1638 Susemih127)
1089 1567 1338 1625 auctore
1382 1564 1543 1626 Oron
1590 1564 1966 1626 contendunt
2009 1565 2353 1643 Euripidem
2401 1573 2607 1627 nostro
2650 1567 2782 1627 loco

822 1699 943 1706 -----

704 1763 774 1827 ¹⁷)
818 1760 1095 1816 Susemihl
1152 1759 1288 1816 haec
1347 1761 1512 1828 dicit,
1561 1762 1597 1815 l.
1634 1761 1670 1814 l.
1709 1763 1823 1815 247.
1869 1757 1946 1817 A.
1999 1764 2110 1817 126.
2191 1755 2409 1824 „Allem
2454 1758 2782 1818 Anscheine

537 1846 679 1903 nach
717 1863 833 1901 war
868 1846 957 1902 ein
995 1844 1427 1915 ungliicklicher
1461 1845 1740 1916 Ausgang
1774 1845 1928 1901 nicht
1963 1846 2214 1916 hiiuflger
2251 1847 2341 1902 bei
2363 1846 2663 1915 Euripides
2697 1847 2781 1901 als

534 1932 627 1987 bei
666 1931 983 2003 Aeschylos
1019 1932 1136 1987 und
1171 1930 1494 2001 Sophocles,
1533 1932 1647 1986 und
1686 1947 1746 1986 es
1783 1932 2002 2012 scheint
2036 1931 2234 1999 daher,
2269 1931 2402 1986 dasz
2439 1930 2781 1997 Aristoteles

532 2016 652 2072 11161
687 2014 949 2072 vielmeh'r
984 2016 1145 2072 einen
1182 2017 1500 2085 Gegensatz
1538 2017 1838 2072 desselben
1874 2032 2054 2087 gegeu
2079 2017 2173 2072 die
2186 2016 2464 2087 jungeren
2489 2016 2573 2071 als
2597 2032 2782 2086 gegen

533 2100 623 2157 (116
660 2103 870 2157 iilteren
909 2101 1184 2171 Tragiker
1218 2101 1292 2156 im
1328 2099 1500 2171 Auge
1538 2100 1681 2156 hat.‘·
1707 2133 1774 2142 --—
1798 2102 1879 2156 At
1914 2102 2124 2171 quibus
2160 2117 2230 2156 ex
2266 2103 2436 2157 rebus
2472 2101 2577 2157 hoc
2612 2117 2782 2172 appa-

532 2194 653 2242 reat
688 2185 947 2257 equidem
984 2202 1097 2242 non
1130 2187 1317 2242 video.
1390 2186 1484 2241 An
1520 2203 1592 2242 ex
1627 2202 1712 2256 eo,
1748 2187 1902 2257 quod
1928 2186 2197 2243 Schwabe
2232 2188 2611 2257 computando
2639 2203 2780 2256 quas

531 2287 636 2327 nos
671 2271 939 2346 habemus
975 2272 1292 2342 tragoedias
1329 2271 1545 2328 invenit
1579 2272 1653 2327 de
1688 2272 1939 2328 centenis
1972 2271 2267 2340 Sophoclis
2301 2273 2608 2342 tragoediis
2644 2273 2780 2327 duo-

532 2357 864 2424 (16111661166,
902 2356 1192 2427 Euripidis
1217 2357 1460 2412 tricenas
1486 2358 1737 2426 singulas
1760 2356 1819 2411 in
1844 2357 2137 2413 adversam
2162 2355 2439 2412 fortunam
2466 2357 2778 2413 exeuntes?

532 2443 604 2498 cf.
640 2442 838 2497 Jahrb.
875 2442 1021 2502 CIX.
1062 2447 1173 2498 102.
1212 2440 1286 2497 A.
1324 2448 1372 2497 4.
1444 2444 1573 2514 Ipse
1610 2449 1797 2499 autem
1834 2442 2104 2500 Schwabe
2141 2444 2240 2498 tali
2277 2443 2347 2498 (16
2383 2443 2594 2499 ratione
2640 2441 2780 2499 haec

531 2527 697 2582 dicit:
738 2543 932 2591 „wenn
971 2528 1074 2583 wir
1108 2544 1222 2584 nun
1257 2527 1400 2583 auch
1437 2529 1816 2600 zugestehen,
1862 2530 1997 2583 dasz
2033 2529 2158 2584 eine
2192 2528 2384 2583 solche
2420 2527 2780 2596 berechnung

530 2612 621 2667 bei
647 2612 769 2666 dem
794 2613 1066 2682 ger-ingen
1091 2610 1442 2667 bruchtheile
1466 2612 1566 2667 der
1589 2628 1695 2667 uns
1723 2613 2043 2667 erhalteuen
2068 2612 2185 2666 und
2209 2613 2266 2665 in
2292 2612 2383 2666 die
2411 2609 2778 2679 herechnung

530 2696 946 2766 einbezogenen
982 2696 1184 2753 stiicke
1220 2697 1413 2752 beider
1447 2697 1700 2766 116311161-
1733 2696 1937 2753 keinen
1975 2697 2274 2753 evidenten
2322 2695 2530 2751 beweis
2575 2695 2776 2750 liefern

530 2781 732 2838 kann“.
768 2821 783 2836 .
821 2783 1056 2838 Rectius
1079 2782 1281 2852 opinor
1302 2782 1566 2839 dixisset:
1601 2799 1673 2839 ne
1706 2783 1879 2838 ullum
1907 2781 2149 2851 quidem.
2219 2781 2437 2837 Deinde
2462 2782 2541 2836 sic
2564 2779 2773 2850 pergit:

532 2882 704 2931 „wem
750 2868 886 2924 aber
930 2869 1116 2923 wollte
1150 2865 1493 2924 Aristoteles
1537 2868 1646 2923 den
1683 2867 1982 2937 Euripides
2017 2867 2563 2938 gegeniiherstellen,
2596 2867 2679 2920 als
2716 2880 2778 2921 er

530 2953 624 3007 ihn
663 2954 748 3008 als
801 2952 1082 3008 versasser
1124 2970 1237 3009 von
1282 2954 1611 3022 tragoedien
1657 2954 1760 3008 mit
1808 2951 2257 3022 ungliicklichem
2303 2968 2562 3023 ausgang
2618 2952 2775 3007 lohte

530 3038 648 3093 und
684 3053 821 3093 wem
860 3038 1048 3093 wollte
1084 3053 1145 3094 er
1179 3045 1324 3093 etwa
1360 3041 1445 3094 als
1481 3038 1812 3093 veriichtern
1840 3038 2024 3092 dieser
2046 3044 2288 3108 gattung
2312 3054 2423 3092 von
2447 3039 2776 3107 tragoedien

528 3124 691 3179 einen
741 3123 996 3178 vorwurf
1037 3123 1309 3179 macheu?
1357 3124 1515 3179 diese
1564 3122 1721 3193 frage
1770 3123 1991 3178 scheint
2035 3122 2141 3177 mir
2184 3124 2286 3178 mit
2334 3138 2561 3193 groszer
2606 3124 2777 3178 wahr-

529 3207 959 3264 seheinlichkeit
1002 3207 1178 3263 schon
1223 3207 1323 3263 Ch.
1360 3209 1507 3265 Cron
1553 3207 1616 3262 in
1662 3209 1786 3264 dem
1823 3209 2093 3277 Erlanger
2140 3224 2454 3278 programm
2490 3223 2602 3261 von
2646 3212 2775 3263 1845

528 3294 616 3362 ,(16
651 3294 777 3349 1666
805 3293 1061 3362 poeticae
1086 3290 1468 3349 Aristoteleae
1493 3308 1607 3363 quo
1630 3292 1931 3362 Euripides
1956 3293 2246 3363 poetarum
2270 3293 2505 3348 maxime
2531 3293 2775 3362 tragicus

528 3378 749 3433 dicitur‘
775 3378 1146 3433 beantwortet
1168 3393 1240 3432 zu
1264 3378 1462 3445 haben,
1486 3394 1653 3433 wenn
1677 3392 1738 3433 er
1761 3377 2017 3432 daselbst
2036 3376 2089 3432 S.
2110 3381 2158 3432 8.
2179 3376 2216 3431 f.
2242 3377 2509 3432 schreibt:
2533 3378 2772 3446 ,quinam

529 3461 612 3517 illi
650 3462 780 3528 sint,
814 3459 1161 3518 Aristoteles
1196 3478 1307 3517 non
1344 3463 1554 3518 diserte
1592 3462 1815 3533 quidem
1850 3461 2081 3528 indicat,
2116 3463 2217 3518 sed
2253 3478 2323 3518 ex
2360 3463 2446 3529 iis,
2481 3477 2625 3531 quae
2648 3479 2774 3518 con-

530 3547 688 3601 tinuo
724 3548 909 3602 locum
944 3563 979 3602 a
1013 3539 1171 3603 nobss
1208 3548 1557 3617 propositum
1596 3554 1927 3618 sequuntur,
1963 3549 2289 3603 coniectura
2328 3548 2607 3617 probabili
2650 3563 2771 3618 per-

529 3631 670 3702 spici
706 3647 875 3702 posse
909 3631 1043 3687 mihi
1080 3633 1393 3702 persuadeo
1413 3674 1426 3687 .
1463 3634 1689 3688 eosdem
1726 3633 1888 3699 enim,
1924 3633 2022 3702 qui
2062 3631 2205 3688 hanc
2240 3647 2403 3703 quam
2424 3631 2772 3688 Aristoteles

526 3716 759 3773 maxime
794 3718 996 3787 probat
1018 3718 1329 3773 fabularum
1353 3717 1811 3788 compositionem
1837 3717 2269 3790 reprehendunt,
2304 3718 2462 3772 aliam
2487 3716 2767 3787 quandam

526 3802 858 3874 praetulisse
902 3817 1135 3858 necesse
1186 3810 1295 3868 est,
1348 3809 1409 3860 et
1459 3803 1684 3875 quidem
1736 3817 1884 3870 eam,
1939 3802 2030 3857 cui
2083 3798 2429 3858 Aristoteles
2485 3801 2764 3856 secundas

526 3888 737 3956 defert,
783 3903 927 3958 (11166
962 3887 1229 3943 videlicet
1264 3889 1544 3958 duplicem
1582 3886 1755 3943 habet
1791 3903 1969 3943 rerum
2007 3887 2477 3944 conversionem.“
2516 3915 2584 3925 -
2619 3885 2771 3939 Haec

526 3989 639 4029 una
673 3989 743 4029 ex
778 3980 938 4043 parte
972 3972 1332 4040 rectedicta,
1367 3974 1470 4029 sed
1506 3973 1576 4028 ad
1612 3974 1843 4028 alteram
1878 3974 2026 4028 illam
2062 3972 2442 4044 quaestionem
2486 3971 2772 4041 pertinent

527 4074 710 4129 neque
747 4074 866 4115 eam
902 4065 1077 4114 totam
1113 4058 1431 4113 absolvunt.
1501 4058 1721 4113 Minime
1758 4057 1903 4113 enim
1946 4058 2079 4114 inde
2123 4052 2369 4113 efficitur
2403 4055 2769 4111 Aristotelem

525 4159 652 4214 eos,
698 4144 794 4215 qui
839 4144 1076 4214 simplici
1123 4150 1181 4198 et
1227 4150 1387 4213 grata
1431 4159 1615 4199 rerum
1653 4142 2021 4198 conversione
2056 4142 2396 4212 gaudebant,
2431 4157 2543 4196 non
2580 4155 2768 4209 repre-

526 4228 806 4285 hendisse.
