3166 4871
552 301 676 362 246

554 475 773 552 posuit,
817 480 939 534 tum
976 477 1164 551 magis
1202 475 1666 552 judicis,-quam
1705 493 1904 534 rorum
1938 474 2247 550 scriptoris
2278 491 2521 533 munere
2553 471 2796 550 functus

554 584 658 638 cst.
745 577 863 637 Sed
912 577 1056 637 haec
1103 578 1408 638 hacteuus.

723 674 1122 757 Relinquitur,
1166 683 1231 740 ut
1276 698 1434 756 quae
1481 680 1591 739 hac
1640 681 1838 757 priore
1887 682 2056 755 parte
2115 677 2420 755 disputata
2466 684 2624 755 sunt,
2669 678 2798 738 bre·

554 784 705 842 viter
750 783 1134 859 complectar.
1226 782 1424 858 Atque
1472 781 1623 841 haec
1669 780 1815 857 fere,
1861 781 1907 840 si
1956 787 2119 841 recte
2156 779 2383 857 judico,
2442 781 2796 840 invenimus.

555 885 827 944 Dubitari
874 904 991 944 non
1037 889 1250 962 potest,
1295 885 1440 960 quin
1490 883 1702 945 Cicero
1747 884 2050 960 ingenium
2097 887 2157 943 et
2200 900 2386 960 opera
2431 882 2792 943 Graecorum

553 1006 696 1065 prae
729 988 1011 1047 Romanis
1056 987 1116 1045 in
1164 988 1436 1047 omnibus
1469 986 1589 1046 illis
1635 986 1943 1046 doctrinae
1974 986 2293 1062 generibus
2326 985 2506 1044 multo
2553 985 2796 1043 minoris

553 1089 982 1163 aestimaverit,
1043 1108 1221 1166 quam
1288 1089 1557 1165 aequitas
1616 1090 1912 1165 postulat,
1970 1087 2150 1164 idque
2203 1106 2321 1147 non
2369 1086 2558 1147 solum
2602 1087 2663 1145 in
2726 1085 2796 1146 iis

553 1193 740 1261 libris,
796 1193 852 1251 in
901 1192 1120 1268 quibus
1167 1192 1488 1267 legentium
1539 1192 1767 1250 animos
1812 1191 2111 1268 respicere
2157 1190 2211 1249 ei
2260 1207 2411 1267 opus
2459 1189 2793 1257 videbatur,

553 1295 658 1356 sed
706 1296 886 1355 etiam
932 1296 990 1355 in
1040 1295 1333 1372 epistulis.
1407 1295 1666 1356 Oaussas
1711 1298 1931 1361 autem,
1994 1293 2215 1371 quibus
2262 1294 2473 1354 Cicero
2518 1291 2595 1351 ad
2641 1291 2795 1352 hanc

545 1397 859 1475 judicandi
909 1399 1197 1457 rationem
1245 1396 1575 1474 perductus
1616 1401 1723 1472 est,
1766 1400 1890 1455 tres
1937 1397 2185 1456 maxime
2231 1396 2580 1456 invenimus.
2668 1395 2793 1453 Pri·

554 1519 710 1559 mum
756 1501 909 1559 euim
974 1499 1134 1559 haud
1197 1518 1334 1560 raro
1396 1518 1470 1559 ne
1532 1500 1664 1558 vult
1724 1498 1963 1575 quidem
2011 1517 2157 1558 vera
2214 1499 2407 1575 loqui,
2470 1516 2603 1557 nam
2665 1516 2797 1575 per·

555 1603 800 1662 multum
850 1602 979 1679 ejus
1025 1604 1274 1662 interest
1319 1602 1527 1679 populi
1576 1601 1806 1661 animos
1851 1601 1961 1661 sibi
2008 1600 2227 1660 favere.
2315 1600 2546 1660 Deinde
2593 1619 2794 1678 quam·

552 1723 728 1781 quam
788 1723 999 1780 magno
1047 1723 1180 1764 cum
1230 1704 1425 1765 studio
1471 1704 1528 1764 in
1577 1704 1789 1763 litteris
1834 1703 2079 1764 Graecis
2125 1707 2401 1763 versatus
2461 1709 2553 1763 est
2595 1708 2792 1780 atque,

552 1808 598 1866 si
647 1808 854 1878 minus,
902 1812 967 1867 ut
997 1807 1383 1866 Drumannus
1429 1806 1663 1871 1.1.V1,
1710 1824 1846 1884 pag.
1893 1809 2020 1867 420
2066 1805 2432 1866 contendere
2476 1806 2676 1883 audet,
2719 1823 2794 1865 ex

556 1914 765 1969 natura
814 1913 873 1969 et
916 1908 1119 1969 indole
1167 1909 1344 1987 pl‘ane
1378 1909 1645 1969 Graecus
1691 1913 1834 1983 erat,
1880 1913 2042 1969 certe
2088 1908 2289 1967 multis
2334 1909 2393 1968 in
2441 1907 2620 1968 rebus
2659 1927 2793 1984 pro·

552 2014 687 2089 pius
731 2012 804 2072 ad
868 2013 1109 2090 horum,
1171 2031 1348 2090 quam
1394 2011 1469 2071 ad
1528 2012 1830 2072 hominum
1900 2031 2040 2071 vere
2088 2013 2487 2071 Romanorum
2543 2010 2797 2072 accessit

553 2115 1010 2193 similitudinem,
1055 2123 1251 2174 tamen
1289 2115 1646 2191 plerumque
1694 2115 1892 2174 facere
1938 2133 2055 2175 nou
2090 2114 2302 2191 potnit,
2348 2118 2415 2173 ut
2458 2114 2532 2174 ab
2580 2114 2797 2173 usitata

553 2237 624 2277 ac
668 2219 908 2295 vulgari
952 2212 1356 2279 Romanorum
1409 2217 1725 2294 judicandi
1771 2218 2002 2277 ratione
2058 2217 2383 2276 recederet.
2470 2214 2640 2289 Quae
2697 2234 2796 2277 res

552 2340 674 2381 non
720 2321 930 2380 mirum
978 2320 1278 2381 videbitur
1323 2321 1421 2398 iis,
1484 2322 1585 2397 qui
1635 2319 2016 2381 considerant
2071 2324 2310 2379 veteres
2358 2319 2542 2379 multo
2604 2319 2796 2378 minus

553 2425 748 2502 etiam,
792 2442 968 2501 quam
1017 2428 1255 2484 nostrae
1303 2424 1518 2484 aetatis
1563 2423 1853 2498 homines,
1914 2428 2149 2501 patrum
2196 2421 2460 2483 moribus
2504 2441 2575 2482 ac
2621 2419 2794 2482 disci-

554 2527 732 2605 plinis
777 2527 1066 2602 neglectis
1125 2527 1296 2602 quasi
1343 2544 1415 2585 ex
1460 2526 1673 2586 altiore
1730 2525 1861 2586 loco
1911 2524 2203 2603 judicium
2252 2524 2449 2584 facere
2510 2526 2795 2604 potuisse.

552 2627 720 2702 Quae
767 2647 898 2688 cum
948 2629 1028 2687 ita
1072 2632 1299 2704 essent,
1343 2627 1468 2687 fieri
1516 2646 1631 2687 non
1679 2632 1941 2705 poterat,
1986 2627 2131 2704 quin
2176 2646 2212 2687 a
2255 2627 2421 2687 falsis
2464 2627 2796 2688 rationibus

553 2731 859 2810 profectus
919 2730 995 2790 ad
1061 2732 1253 2790 minus
1319 2734 1546 2790 rectum
1623 2731 1965 2807 perveniret
2018 2730 2328 2808 judicium.
2442 2731 2576 2791 Huc
2647 2728 2793 2789 illud

553 2852 795 2911 quoque
840 2834 1125 2911 pertinet,
1186 2834 1261 2892 de
1314 2852 1434 2911 quo
1491 2834 1607 2910 jam
1668 2813 1852 2909 s'upra
1915 2832 2133 2893 dictum
2181 2836 2300 2910 est,
2360 2833 2523 2910 quod
2570 2834 2795 2910 quanto

553 2937 794 3014 majoris
838 2936 1063 3014 ingenii
1124 2940 1285 2996 esset
1347 2954 1627 3012 magnum
1673 2935 1920 3012 aliquod
1981 2954 2132 3012 opus
2188 2934 2540 2995 litterarium
2599 2935 2795 3012 ipsum

553 3039 778 3118 fingere
811 3043 997 3118 atque
1028 3039 1304 3110 formare,
1352 3042 1420 3099 ut
1450 3036 1664 3098 Graeci
1697 3038 1992 3115 solebant,
2037 3056 2211 3115 quam
2259 3056 2334 3098 ex
2373 3038 2796 3114 plerorumque

551 3144 952 3203 Romanorum
1015 3140 1449 3202 consuetudine
1511 3145 1764 3201 externa
1840 3142 1898 3200 in
1960 3142 2072 3200 hac
2131 3160 2197 3200 re
2261 3141 2535 3218 exempla
2607 3140 2793 3217 sequi,

551 3263 760 3324 parum
807 3245 1121 3305 intellexit.
1211 3244 1560 3321 Eademque
1593 3243 1667 3304 de
1713 3261 1926 3303 caussa
1972 3242 2192 3303 factum
2240 3247 2349 3320 est,
2394 3248 2463 3302 ut
2505 3243 2677 3302 nimis
2715 3239 2792 3302 ad

552 3365 724 3407 usum
772 3348 968 3408 omnia
1012 3345 1268 3406 referret
1313 3349 1525 3422 utque,
1589 3364 1711 3423 qna
1755 3350 1886 3405 erat
1932 3347 2190 3407 oratoria
2235 3344 2462 3423 indole,
2514 3343 2688 3405 etiam
2732 3344 2793 3402 in

554 3450 642 3509 his
689 3449 918 3526 litteris,
964 3449 1022 3508 in
1071 3448 1307 3526 quibus,
1351 3452 1417 3508 ut
1463 3448 1520 3507 in
1569 3447 1954 3525 philosophia
1997 3453 2058 3507 et
2102 3448 2365 3518 historia,
2412 3447 2649 3507 minime
2681 3447 2794 3506 hoc

552 3551 780 3622 debuit,
843 3570 961 3611 non
1007 3554 1124 3610 tam
1172 3549 1348 3627 quid,
1407 3558 1586 3627 quam
1635 3549 1936 3628 quomodo
1982 3550 2115 3627 quis
2176 3549 2426 3627 diceret,
2480 3553 2793 3627 spectaret.

550 3653 780 3727 Quibus
809 3653 1041 3713 duabus
1087 3654 1316 3713 caussis
1346 3652 1624 3714 addenda
1669 3656 1796 3713 erat
1838 3652 2016 3713 tertia
2060 3670 2250 3729 eaque
2281 3652 2552 3712 maxima.
2640 3652 2792 3711 Nam

551 3757 767 3816 nimius
809 3757 911 3816 ille
971 3774 1042 3815 ac
1103 3774 1292 3833 paene
1339 3755 1558 3816 stultus
1621 3756 1709 3815 sui
1770 3773 1936 3815 amor
1980 3753 2255 3815 facillime
2319 3773 2389 3814 ae
2444 3755 2793 3832 saepissime

552 3879 684 3920 cum
731 3860 1076 3936 commovit,
1137 3863 1202 3918 ut
1261 3859 1319 3918 in
1366 3858 1623 3918 diversis
1684 3857 2011 3918 litterarum
2077 3857 2399 3935 generibus
2459 3875 2523 3916 se
2586 3874 2790 3934 parem

550 3981 679 4024 esse
723 3964 819 4038 iis,
864 3963 963 4039 qui
1015 3962 1315 4038 principes
1361 3979 1565 4021 eorum
1614 3961 1775 4038 apud
1823 3960 2085 4020 Graecos
2131 3960 2521 4038 exstitissent,
2570 3963 2792 4019 temere

550 4065 945 4142 profiteretur.
1036 4065 1165 4123 Hoc
1207 4063 1372 4124 locos
1416 4063 1464 4123 si
1509 4064 1645 4141 quis
1690 4066 1934 4139 premat,
1982 4062 2251 4122 facillime
2298 4061 2537 4123 efficere
2604 4061 2794 4139 possit

551 4187 676 4227 eam
726 4169 782 4226 in
829 4166 1116 4227 Cicerone
1163 4164 1348 4226 fuisse
1394 4165 1751 4242 opinionem,
1798 4170 1861 4225 ut
1903 4169 2142 4242 putaret
2187 4183 2267 4234 se,
2314 4182 2447 4248 cum
2494 4168 2553 4224 et
2592 4167 2792 4224 orator

550 4274 610 4329 et
655 4269 970 4330 historicus
1014 4274 1074 4329 et
1117 4267 1509 4348 philosophus
1540 4266 1904 4329 Graecorum
1949 4267 2319 4346 principibus
2364 4254 2469 4326 aut
2513 4265 2790 4344 superior
