3166 4871
1049 314 1135 370 De
1171 314 1375 369 nomin.
1410 314 1470 368 in
1506 326 1672 380 -αιος,
1741 318 1775 380 s
1801 320 1858 402 ⁴3.
2530 316 2570 378 9

338 490 647 554 ποιεῖσθε
690 493 790 557 OC
836 490 978 554 278.
1018 489 1365 553 ποιεῖσθαι
1411 490 1519 552 ΟΒ
1563 488 1706 552 240.
1767 490 1867 553 Oc
1915 488 2056 551 459.
2141 493 2322 571 Apud
2365 495 2570 554 Euri·

336 596 580 673 pidem
647 601 927 675 correpta
999 601 1088 657 est
1153 596 1563 672 diphthongus
1622 597 1684 655 in
1746 595 1868 654 his:
1940 599 2155 665 ποιεὲς
2215 596 2341 655 Alc.
2395 591 2572 655 1108.
2681 630 2684 635 -

336 704 527 758 ,ποιεῖ
566 698 785 759 Bacch.
830 694 971 757 301.
1032 698 1103 758 fr.
1147 699 1317 758 Alex.
1362 692 1444 754 56
1504 695 1605 769 (ex
1650 697 1831 776 Stob„
1888 690 1990 757 ubi
2034 699 2112 757 M.
2158 698 2332 757 Vind.
2375 695 2574 769 ποετ).

336 801 409 860 fr.
454 802 609 861 Dan.
644 797 796 878 332,
842 799 898 861 5.
969 806 1194 860 ποιεῖν
1239 800 1309 859 fr.
1355 800 1541 860 Alcm.
1588 796 1686 859 94.
1758 796 2106 859 ποιεῖσθαι
2163 799 2388 860 Phoen.
2433 796 2573 860 516.

335 904 527 964 Multo
569 905 810 981 saepius
856 904 1015 981 apud
1063 904 1221 963 hunc
1267 903 1504 979 syllaba
1544 919 1666 960 ποι
1712 903 1773 962 in
1818 903 1889 962 iis
1933 902 2202 962 thesibus
2247 908 2368 980 est,
2414 919 2570 978 quse

332 1006 626 1082 syllabam
670 1006 985 1083 ancipitem
1032 1003 1367 1084 admittunt,
1411 1006 1736 1081 praecipue
1782 1005 1838 1064 in
1886 1005 2111 1081 quinta.
2157 1035 2236 1044 ——
2286 1005 2375 1064 Ac
2419 1005 2569 1064 Har-

333 1109 514 1169 telius
559 1108 801 1186 quidem
848 1108 950 1167 illa
992 1108 1378 1168 Laurentiani
1426 1107 1740 1184 Sophoclis
1797 1125 1951 1184 quae
2017 1108 2192 1165 etiam
2236 1107 2295 1165 in
2343 1106 2569 1167 Aristo-

333 1211 550 1288 phanis
592 1213 939 1270 Ravennate
1006 1227 1188 1287 saepe
1247 1210 1513 1270 adhibita
1576 1213 1668 1270 est
1719 1210 2016 1286 scriptura
2075 1214 2383 1286 permotus
2449 1227 2568 1269 om·

337 1314 516 1374 nibus
578 1313 672 1372 his
733 1313 882 1372 locis
947 1317 1153 1372 censet
1216 1311 1626 1372 restituendas⁴
1663 1329 1796 1371 esse
1854 1311 2077 1377 formas
2139 1327 2296 1388 qnae
2342 1327 2458 1370 non
2506 1327 2574 1369 οι

335 1416 437 1476 scd
484 1432 524 1472 ο
571 1414 831 1474 habeant
865 1411 1039 1481 ποῶ,
1082 1421 1273 1484 ποεῖς
1304 1420 1415 1474 cet.
1460 1433 1516 1489 p.
1549 1410 1653 1472 21:
1703 1416 1849 1490 „Die
1881 1413 2242 1489 unnfihligcn
2271 1412 2570 1472 inschrift·

333 1517 527 1577 lichen
575 1517 785 1593 belegc
844 1517 954 1577 der
1010 1516 1373 1593 schreibung
1432 1518 1534 1575 mit
1595 1515 1929 1576 einfachem
1974 1532 2044 1592 0,
2103 1515 2202 1574 die
2259 1516 2574 1591 zeugnisse

335 1620 443 1680 der
486 1621 694 1679 besten
742 1618 1195 1678 bandschriften
1241 1663 1255 1677 .
1290 1663 1305 1678 .
1335 1660 1349 1677 .
1380 1663 1394 1677 .
1442 1619 1634 1678 lassen
1676 1614 2014 1677 'annebmen
2037 1661 2056 1695 ,
2117 1617 2254 1677 dass
2300 1617 2430 1675 hier
2474 1617 2572 1676 die

335 1722 750 1797 gewolmliche
794 1722 1051 1780 attischc
1097 1720 1248 1780 form
1297 1722 1401 1780 mit
1424 1721 1682 1781 blossem
1715 1738 1753 1777 ο
1800 1720 2018 1796 gehort
2062 1720 2182 1778 und
2229 1719 2391 1779 nicht
2420 1722 2573 1777 etwa

334 1826 556 1897 stojan
599 1825 976 1902 gesprochen
1009 1816 1265 1883 wnrde.“
1338 1823 1453 1883 Sed
1484 1823 1544 1881 in
1576 1823 1771 1882 atticis
1801 1822 2292 1899 inscriptionibus
2324 1819 2571 1880 Euclide

336 1927 767 1986 vetustioribus
850 1927 1035 1986 multo
1119 1924 1373 2003 saepius
1434 1931 1660 1983 ποιεῖν
1747 1925 2052 1985 invenitur
2124 1942 2303 2000 quam
2377 1929 2574 1981 ποεῖν

335 2028 569 2095 (Cauer.
614 2030 651 2088 l.
699 2030 734 2088 l.
779 2048 836 2107 p.
883 2025 1039 2105 2743
1115 2028 1190 2088 de
1234 2015 1667 2105 posterioribus
1722 2027 1921 2086 adhuc
1969 2027 2231 2086 nondum
2280 2022 2572 2097 constat):

337 2130 497 2205 apud
523 2132 882 2206 Aeschylum
931 2136 991 2191 et
1021 2131 1368 2206 Euripidem
1398 2132 1735 2207 scripturae
1764 2148 1875 2207 per
1907 2146 1944 2187 ο
1978 2131 2038 2188 in
2070 2128 2376 2188 codicibus
2407 2127 2575 2186 nulla
2672 2189 2676 2195 ,

334 2232 618 2294 videntur
688 2238 929 2293 exstare
1002 2233 1302 2310 exemplat
1376 2232 1690 2308 Sophoclis
1763 2231 2027 2291 codicem
2097 2231 2570 2290 Laurentianum

335 2335 527 2410 ipsum
570 2335 826 2394 vidimus
872 2354 989 2394 non
1037 2350 1173 2394 raro
1220 2351 1285 2393 οι
1345 2334 1663 2411 exhibere,
1726 2334 1829 2393 ubi
1886 2313 2051 2393 brevi
2114 2333 2349 2409 syllaba
2415 2350 2569 2408 opus

338 2444 444 2497 est.
530 2439 761 2512 Quibus
804 2439 984 2498 rebus
1027 2438 1368 2497 luculenter
1426 2437 1823 2497 demonstrari
1866 2434 2140 2514 videtur,
2201 2440 2366 2494 recte
2417 2432 2553 2511 judi

337 2558 504 2600 casse
548 2539 916 2601 Ellendtium
975 2541 1079 2616 qni
1140 2540 1201 2598 iu
1246 2539 1361 2599 lex.
1405 2521 1587 2615 Soph.
1632 2556 1678 2598 s.
1721 2558 1776 2597 v.
1823 2531 2038 2597 ποιέω
2100 2537 2339 2613 scripsit
2394 2536 2574 2594 haec:

335 2644 754 2720 „Memorabile
800 2647 922 2720 est,
966 2640 1121 2701 ποῶ
1162 2647 1354 2713 ποεῖς
1408 2643 1465 2700 in
1515 2642 1753 2718 optimis
1799 2641 1964 2702 libris
2007 2642 2167 2700 Flor.
2214 2637 2287 2699 Γ.
2303 2640 2410 2699 LA
2455 2644 2573 2698 tam

336 2745 550 2805 crebro
596 2746 866 2825 reperiri,
894 2731 1255 2822 'quanquam
1302 2763 1423 2804 non
1467 2748 1589 2804 tam
1637 2748 1923 2803 constans
1983 2744 2109 2803 eius
2155 2760 2299 2801 usus
2343 2745 2466 2818 est,
2511 2745 2576 2799 ut

337 2849 510 2907 nimis
555 2847 942 2923 diligentibus
988 2846 1261 2906 codicum
1309 2846 1637 2906 cultoribus
1697 2844 2019 2905 mutandae
2064 2846 2396 2919 scripturae
2441 2842 2573 2902 reli·

336 2951 430 3024 gio
476 2967 607 3010 esse
652 2950 886 3010 debeat.
972 2948 1093 3022 Sed
1147 2966 1218 3008 ea
1277 2950 1607 3026 scriptura,
1667 2948 2051 3007 Doriensium
2098 2946 2329 3024 potius,
2393 2962 2575 3021 quam

336 3053 787 3112 Atheniensium
834 3052 1079 3129 propria
1122 3049 1411 3129 putanda,
1456 3069 1494 3111 a
1538 3050 1717 3108 nimia
1762 3053 2166 3109 correctorum
2200 3045 2575 3123 quorundam

338 3152 643 3230 diligentia
685 3153 960 3230 profecta
1002 3152 1269 3230 videtur,
1331 3168 1396 3210 οι
1443 3170 1517 3211 ne
1578 3153 1638 3211 iu
1699 3151 1852 3211 thesi
1912 3151 2319 3226 corriperetur
2363 3165 2574 3206 caven-

339 3257 514 3332 tium3
590 3274 701 3315 nec
746 3261 942 3315 tamen
988 3260 1187 3324 ποῖος
1247 3260 1307 3314 et
1352 3250 1666 3312 τοιοῦτος
1727 3253 2044 3329 quisquam
2092 3251 2268 3310 aliter
2315 3249 2578 3309 scribere

338 3375 655 3436 aggressus
729 3349 882 3416 est.“
998 3357 1175 3416 Modo
1237 3375 1347 3432 pro
1421 3353 1864 3414 correctoribus
1927 3351 2210 3413 Ellendtii
2286 3369 2577 3427 ponamus

337 3460 754 3534 grammaticos
799 3459 1261 3536 orthographiae
1306 3458 1620 3532 studiosos,
1667 3458 1738 3515 cf.
1783 3456 1938 3515 enim
1986 3474 2143 3532 quae
2186 3454 2361 3515 docte
2392 3453 2574 3513 disse-

339 3562 455 3620 ruit
498 3562 696 3621 Lehrs
739 3561 799 3620 in
846 3579 1099 3621 censura
1148 3561 1412 3644 matonis
1455 3580 1491 3618 a
1549 3560 1842 3620 Schauzio
1886 3558 2057 3635 editi,
2101 3557 2277 3617 Wi-zs.
2319 3557 2578 3616 Monats-

338 3662 503 3722 blstt.
556 3659 738 3722 1876.
852 3663 967 3736 Qui
1025 3665 1111 3723 rei
1185 3667 1375 3721 status
1435 3662 1599 3737 apud
1657 3660 2116 3736 Aristophanem
2191 3660 2293 3735 sit,
2354 3659 2578 3733 nescio,

339 3783 518 3840 quum
579 3766 918 3842 scripturae
960 3771 1158 3823 ποεῖν
1203 3763 1439 3840 quidem
1499 3782 1575 3823 ex
1638 3762 1842 3823 codice
1889 3763 2242 3821 Ravennate
2304 3760 2580 3834 exempla

340 3867 608 3926 attulerit
654 3866 843 3925 Gerth
904 3866 940 3925 1.
985 3866 1020 3924 l.
1067 3886 1123 3943 p.
1145 3864 1310 3944 205,
1381 3865 1487 3942 19,
1550 3884 1624 3924 ex
1671 3863 1991 3941 Equitibus
2049 3862 2257 3921 fabula
2323 3864 2580 3939 sumpta,

339 3968 443 4027 sed
490 3987 609 4027 non
657 3967 915 4044 dixerit,
973 3968 1266 4028 habeatne
1311 3968 1407 4027 hic
1451 3967 1644 4027 codex
1691 3967 1867 4026 etiam
1932 3965 2290 4040 scripturam
2334 3965 2580 4034 ποιεῖν,

340 4079 400 4129 et
441 4070 664 4146 quibus
708 4070 871 4128 locis.
979 4069 1093 4129 Sed
1155 4070 1383 4129 etiamsi
1444 4070 1722 4128 omnibus
1783 4067 1959 4144 locis,
2021 4066 2236 4142 quibus
2280 4080 2346 4121 οι
2392 4064 2574 4121 corri-

340 4173 621 4247 piendum
668 4177 763 4230 est
804 4169 965 4245 apud
998 4167 1477 4248 AristophanemJ
1518 4170 1801 4229 traditum
1834 4175 1994 4228 esset
2026 4185 2063 4226 ο
2113 4186 2222 4244 pro
2254 4182 2338 4242 οι,
2380 4166 2580 4222 tamen

337 4272 685 4334 comoediae
750 4272 875 4338 alia
930 4271 1201 4331 condicio
1264 4276 1355 4341 est
1416 4290 1487 4331 ac
1540 4270 1911 4350 tragoediae.
1996 4270 2089 4329 Illi
2154 4270 2304 4328 bene
2367 4281 2580 4324 conve-
