<?xml version="1.0" encoding="UTF-8"?>
<!DOCTYPE html PUBLIC "-//W3C//DTD XHTML 1.0 Transitional//EN"
    "http://www.w3.org/TR/xhtml1/DTD/xhtml1-transitional.dtd">
<html xmlns="http://www.w3.org/1999/xhtml" xml:lang="en" lang="en">
 <head>
  <title>
</title>
<meta http-equiv="Content-Type" content="text/html;charset=utf-8" />
  <meta name='ocr-system' content='tesseract 3.04.00' />
  <meta name='ocr-capabilities' content='ocr_page ocr_carea ocr_par ocr_line ocrx_word'/>
</head>
<body>
  <div class='ocr_page' id='page_1' title='image "./dissertationesp00hallgoog_0736.png"; bbox 0 0 3166 4871; ppageno 0'>
   <div class='ocr_carea' id='block_1_1' title="bbox 571 281 689 339">
    <p class='ocr_par' dir='ltr' id='par_1_1' title="bbox 571 281 689 339">
     <span class='ocr_line' id='line_1_1' title="bbox 571 281 689 339; baseline 0.008 -1"><span class='ocrx_word' id='word_1_1' title='bbox 571 281 689 339; x_wconf 70' lang='lat'><strong>37⁴</strong></span> 
     </span>
    </p>
   </div>
   <div class='ocr_carea' id='block_1_2' title="bbox 1557 456 1832 521">
    <p class='ocr_par' dir='ltr' id='par_1_2' title="bbox 1557 456 1832 521">
     <span class='ocr_line' id='line_1_2' title="bbox 1557 456 1832 521; baseline 0.004 -2"><span class='ocrx_word' id='word_1_2' title='bbox 1557 456 1832 521; x_wconf 71' lang='lat' dir='ltr'><strong>Falisca</strong></span> 
     </span>
    </p>
   </div>
   <div class='ocr_carea' id='block_1_3' title="bbox 572 577 2816 743">
    <p class='ocr_par' dir='ltr' id='par_1_3' title="bbox 572 577 2816 743">
     <span class='ocr_line' id='line_1_3' title="bbox 572 577 2816 657; baseline 0.003 -23"><span class='ocrx_word' id='word_1_3' title='bbox 572 579 714 652; x_wconf 80' lang='lat' dir='ltr'><strong>quia</strong></span> <span class='ocrx_word' id='word_1_4' title='bbox 760 577 988 637; x_wconf 80' lang='lat' dir='ltr'><strong>Plinius</strong></span> <span class='ocrx_word' id='word_1_5' title='bbox 1057 580 1226 640; x_wconf 81' lang='lat' dir='ltr'>addit</span> <span class='ocrx_word' id='word_1_6' title='bbox 1292 584 1506 654; x_wconf 75' lang='lat' dir='ltr'><strong>„Argis</strong></span> <span class='ocrx_word' id='word_1_7' title='bbox 1551 588 1712 646; x_wconf 79' lang='lat' dir='ltr'><strong>orta,</strong></span> <span class='ocrx_word' id='word_1_8' title='bbox 1775 591 1839 641; x_wconf 89' lang='lat' dir='ltr'><strong>ut</strong></span> <span class='ocrx_word' id='word_1_9' title='bbox 1895 593 2107 641; x_wconf 82' lang='lat' dir='ltr'><strong>auctor</strong></span> <span class='ocrx_word' id='word_1_10' title='bbox 2165 591 2255 641; x_wconf 81' lang='lat' dir='ltr'><strong>est·</strong></span> <span class='ocrx_word' id='word_1_11' title='bbox 2316 583 2498 643; x_wconf 53' lang='lat' dir='ltr'><strong>Cat&amp;</strong></span> <span class='ocrx_word' id='word_1_12' title='bbox 2562 583 2816 657; x_wconf 78' lang='lat' dir='ltr'>Augusti</span> 
     </span>
     <span class='ocr_line' id='line_1_4' title="bbox 575 680 1454 743; baseline 0.007 -6"><span class='ocrx_word' id='word_1_13' title='bbox 575 680 809 739; x_wconf 88' lang='lat' dir='ltr'><strong>colonia</strong></span> <span class='ocrx_word' id='word_1_14' title='bbox 856 700 973 740; x_wconf 88' lang='lat' dir='ltr'><strong>non</strong></span> <span class='ocrx_word' id='word_1_15' title='bbox 1024 682 1301 742; x_wconf 82' lang='lat' dir='ltr'><strong>habenda</strong></span> <span class='ocrx_word' id='word_1_16' title='bbox 1347 691 1454 743; x_wconf 90' lang='lat' dir='ltr'><strong>est.</strong></span> 
     </span>
    </p>
   </div>
   <div class='ocr_carea' id='block_1_4' title="bbox 745 865 1876 1066">
    <p class='ocr_par' dir='ltr' id='par_1_4' title="bbox 745 865 1876 1066">
     <span class='ocr_line' id='line_1_5' title="bbox 1522 865 1876 932; baseline 0.003 -3"><span class='ocrx_word' id='word_1_17' title='bbox 1522 865 1876 932; x_wconf 83' lang='lat' dir='ltr'><strong>Rusellae.</strong></span> 
     </span>
     <span class='ocr_line' id='line_1_6' title="bbox 745 988 1719 1066; baseline 0.004 -20"><span class='ocrx_word' id='word_1_18' title='bbox 745 988 907 1046; x_wconf 88' lang='lat' dir='ltr'><strong>Nihil</strong></span> <span class='ocrx_word' id='word_1_19' title='bbox 952 989 1188 1049; x_wconf 89' lang='lat' dir='ltr'><strong>invenio</strong></span> <span class='ocrx_word' id='word_1_20' title='bbox 1234 1009 1388 1066; x_wconf 87' lang='lat' dir='ltr'><strong>quae</strong></span> <span class='ocrx_word' id='word_1_21' title='bbox 1434 990 1719 1050; x_wconf 78' lang='lat' dir='ltr'><strong>adferam.</strong></span> 
     </span>
    </p>
   </div>
   <div class='ocr_carea' id='block_1_5' title="bbox 1378 1171 2021 1238">
    <p class='ocr_par' dir='ltr' id='par_1_5' title="bbox 1378 1171 2021 1238">
     <span class='ocr_line' id='line_1_7' title="bbox 1378 1171 2021 1238; baseline 0.002 -2"><span class='ocrx_word' id='word_1_22' title='bbox 1378 1172 1607 1236; x_wconf 78' lang='lat' dir='ltr'><strong>Lucus</strong></span> <span class='ocrx_word' id='word_1_23' title='bbox 1655 1171 2021 1238; x_wconf 82' lang='lat' dir='ltr'><strong>Feroniae.</strong></span> 
     </span>
    </p>
   </div>
   <div class='ocr_carea' id='block_1_6' title="bbox 574 1295 2821 1478">
    <p class='ocr_par' dir='ltr' id='par_1_6' title="bbox 574 1295 2821 1478">
     <span class='ocr_line' id='line_1_8' title="bbox 742 1295 2821 1373; baseline 0.001 -19"><span class='ocrx_word' id='word_1_24' title='bbox 742 1295 943 1355; x_wconf 85' lang='lat' dir='ltr'><strong>Solum</strong></span> <span class='ocrx_word' id='word_1_25' title='bbox 1010 1298 1242 1357; x_wconf 87' lang='lat' dir='ltr'><strong>titulum</strong></span> <span class='ocrx_word' id='word_1_26' title='bbox 1310 1300 1445 1358; x_wconf 89' lang='lat' dir='ltr'><strong>novi</strong></span> <span class='ocrx_word' id='word_1_27' title='bbox 1507 1297 1872 1358; x_wconf 84' lang='lat' dir='ltr'><strong>Orellianum</strong></span> <span class='ocrx_word' id='word_1_28' title='bbox 1933 1319 1986 1358; x_wconf 92' lang='grc' dir='ltr'><strong>ιι.</strong></span> <span class='ocrx_word' id='word_1_29' title='bbox 2033 1303 2229 1368; x_wconf 79' lang='grc'><strong>4099,</strong></span> <span class='ocrx_word' id='word_1_30' title='bbox 2293 1299 2391 1358; x_wconf 88' lang='lat' dir='ltr'><strong>ubi</strong></span> <span class='ocrx_word' id='word_1_31' title='bbox 2448 1301 2532 1356; x_wconf 80' lang='lat' dir='ltr'><strong>sio</strong></span> <span class='ocrx_word' id='word_1_32' title='bbox 2579 1298 2821 1373; x_wconf 76' lang='lat' dir='ltr'><strong>legitur:</strong></span> 
     </span>
     <span class='ocr_line' id='line_1_9' title="bbox 574 1398 2820 1478; baseline 0.001 -23"><span class='ocrx_word' id='word_1_33' title='bbox 574 1398 649 1454; x_wconf 83' lang='lat' dir='ltr'><strong>M.</strong></span> <span class='ocrx_word' id='word_1_34' title='bbox 712 1398 854 1457; x_wconf 88' lang='lat' dir='ltr'><strong>Silio</strong></span> <span class='ocrx_word' id='word_1_35' title='bbox 920 1401 1331 1476; x_wconf 76' lang='lat' dir='ltr'><strong>Epaphrodito</strong></span> <span class='ocrx_word' id='word_1_36' title='bbox 1393 1407 1648 1477; x_wconf 87' lang='lat' dir='ltr'><strong>patrono</strong></span> <span class='ocrx_word' id='word_1_37' title='bbox 1921 1401 2440 1461; x_wconf 76' lang='lat' dir='ltr'><strong>Lucoserononses</strong></span> <span class='ocrx_word' id='word_1_38' title='bbox 2658 1400 2820 1478; x_wconf 86' lang='lat' dir='ltr'><strong>quod</strong></span> 
     </span>
    </p>
   </div>
   <div class='ocr_carea' id='block_1_7' title="bbox 572 1500 2822 1663">
    <p class='ocr_par' dir='ltr' id='par_1_7' title="bbox 572 1500 2822 1663">
     <span class='ocr_line' id='line_1_10' title="bbox 573 1500 2822 1581; baseline 0 -23"><span class='ocrx_word' id='word_1_39' title='bbox 573 1500 1071 1575; x_wconf 77' lang='lat' dir='ltr'><strong>amphitheatrum</strong></span> <span class='ocrx_word' id='word_1_40' title='bbox 1138 1503 1243 1562; x_wconf 87' lang='lat' dir='ltr'><strong>col.</strong></span> <span class='ocrx_word' id='word_1_41' title='bbox 1308 1504 1416 1562; x_wconf 89' lang='lat' dir='ltr'><strong>lul.</strong></span> <span class='ocrx_word' id='word_1_42' title='bbox 1484 1504 1680 1562; x_wconf 80' lang='lat' dir='ltr'><strong>Felici.</strong></span> <span class='ocrx_word' id='word_1_43' title='bbox 1745 1503 2016 1562; x_wconf 78' lang='lat' dir='ltr'><strong>Lucoser.</strong></span> <span class='ocrx_word' id='word_1_44' title='bbox 2077 1523 2124 1562; x_wconf 91' lang='lat' dir='ltr'><strong>s.</strong></span> <span class='ocrx_word' id='word_1_45' title='bbox 2181 1525 2234 1581; x_wconf 89' lang='lat' dir='ltr'><strong>p.</strong></span> <span class='ocrx_word' id='word_1_46' title='bbox 2293 1504 2327 1561; x_wconf 85' lang='lat' dir='ltr'><strong>f.</strong></span> <span class='ocrx_word' id='word_1_47' title='bbox 2383 1503 2822 1579; x_wconf 68' lang='lat' dir='ltr'><strong>dedicavitque.</strong></span> 
     </span>
     <span class='ocr_line' id='line_1_11' title="bbox 572 1602 911 1663; baseline 0.009 -4"><span class='ocrx_word' id='word_1_48' title='bbox 572 1602 607 1660; x_wconf 92' lang='lat' dir='ltr'><strong>l.</strong></span> <span class='ocrx_word' id='word_1_49' title='bbox 653 1602 709 1661; x_wconf 84' lang='lat' dir='ltr'><strong>d.</strong></span> <span class='ocrx_word' id='word_1_50' title='bbox 754 1603 809 1662; x_wconf 84' lang='lat' dir='ltr'><strong>d.</strong></span> <span class='ocrx_word' id='word_1_51' title='bbox 854 1602 911 1663; x_wconf 86' lang='lat' dir='ltr'><strong>d.</strong></span> 
     </span>
    </p>
   </div>
   <div class='ocr_carea' id='block_1_8' title="bbox 1604 1751 1809 1820">
    <p class='ocr_par' dir='ltr' id='par_1_8' title="bbox 1604 1751 1809 1820">
     <span class='ocr_line' id='line_1_12' title="bbox 1604 1751 1809 1820; baseline 0.01 -2"><span class='ocrx_word' id='word_1_52' title='bbox 1604 1751 1809 1820; x_wconf 87' lang='lat' dir='ltr'><strong>Sena.</strong></span> 
     </span>
    </p>
   </div>
   <div class='ocr_carea' id='block_1_9' title="bbox 576 1877 2824 1958">
    <p class='ocr_par' dir='ltr' id='par_1_9' title="bbox 576 1877 2824 1958">
     <span class='ocr_line' id='line_1_13' title="bbox 576 1877 2824 1958; baseline 0.001 -24"><span class='ocrx_word' id='word_1_53' title='bbox 576 1878 639 1934; x_wconf 90' lang='lat' dir='ltr'><strong>In</strong></span> <span class='ocrx_word' id='word_1_54' title='bbox 675 1877 882 1936; x_wconf 81' lang='lat' dir='ltr'><strong>tabula</strong></span> <span class='ocrx_word' id='word_1_55' title='bbox 914 1879 1379 1952; x_wconf 73' lang='lat' dir='ltr'><strong>Peutingeriana</strong></span> <span class='ocrx_word' id='word_1_56' title='bbox 1412 1880 1629 1952; x_wconf 77' lang='lat' dir='ltr'><strong>legitur</strong></span> <span class='ocrx_word' id='word_1_57' title='bbox 1662 1880 1857 1950; x_wconf 82' lang='lat' dir='ltr'><strong>„Sena</strong></span> <span class='ocrx_word' id='word_1_58' title='bbox 1893 1879 2084 1958; x_wconf 87' lang='lat' dir='ltr'><strong>Iulii“‚</strong></span> <span class='ocrx_word' id='word_1_59' title='bbox 2130 1880 2289 1955; x_wconf 86' lang='lat' dir='ltr'><strong>quod</strong></span> <span class='ocrx_word' id='word_1_60' title='bbox 2324 1885 2484 1938; x_wconf 79' lang='lat' dir='ltr'><strong>certe</strong></span> <span class='ocrx_word' id='word_1_61' title='bbox 2531 1899 2648 1938; x_wconf 86' lang='lat' dir='ltr'><strong>uon</strong></span> <span class='ocrx_word' id='word_1_62' title='bbox 2696 1880 2824 1938; x_wconf 86' lang='lat' dir='ltr'><strong>suf—</strong></span> 
     </span>
    </p>
   </div>
   <div class='ocr_carea' id='block_1_10' title="bbox 574 1978 2824 2140">
    <p class='ocr_par' dir='ltr' id='par_1_10' title="bbox 574 1978 2824 2140">
     <span class='ocr_line' id='line_1_14' title="bbox 574 1978 2824 2057; baseline 0.003 -22"><span class='ocrx_word' id='word_1_63' title='bbox 574 1978 713 2054; x_wconf 67' lang='lat' dir='ltr'><strong>fivit,</strong></span> <span class='ocrx_word' id='word_1_64' title='bbox 761 1983 827 2037; x_wconf 96' lang='lat' dir='ltr'><strong>ut</strong></span> <span class='ocrx_word' id='word_1_65' title='bbox 871 1980 1212 2040; x_wconf 80' lang='lat' dir='ltr'><strong>Senienscm</strong></span> <span class='ocrx_word' id='word_1_66' title='bbox 1263 1982 1469 2041; x_wconf 81' lang='lat' dir='ltr'><strong>urbem</strong></span> <span class='ocrx_word' id='word_1_67' title='bbox 1519 1984 1808 2042; x_wconf 84' lang='lat' dir='ltr'><strong>coloniam</strong></span> <span class='ocrx_word' id='word_1_68' title='bbox 1856 1988 1961 2042; x_wconf 90' lang='lat' dir='ltr'><strong>aut</strong></span> <span class='ocrx_word' id='word_1_69' title='bbox 2006 1982 2293 2040; x_wconf 79' lang='lat' dir='ltr'><strong>coloniam</strong></span> <span class='ocrx_word' id='word_1_70' title='bbox 2339 1983 2592 2057; x_wconf 77' lang='lat' dir='ltr'><strong>Augusti</strong></span> <span class='ocrx_word' id='word_1_71' title='bbox 2640 1982 2824 2041; x_wconf 86' lang='lat' dir='ltr'><strong>fuisse</strong></span> 
     </span>
     <span class='ocr_line' id='line_1_15' title="bbox 574 2079 858 2140; baseline 0.007 -2"><span class='ocrx_word' id='word_1_72' title='bbox 574 2079 858 2140; x_wconf 75' lang='lat' dir='ltr'><strong>dicamus,</strong></span> 
     </span>
    </p>
   </div>
   <div class='ocr_carea' id='block_1_11' title="bbox 754 2229 2827 2431">
    <p class='ocr_par' dir='ltr' id='par_1_11' title="bbox 754 2229 2827 2431">
     <span class='ocr_line' id='line_1_16' title="bbox 1525 2229 1875 2295; baseline -0.003 0"><span class='ocrx_word' id='word_1_73' title='bbox 1525 2229 1875 2295; x_wconf 77' lang='lat' dir='ltr'><strong>Sutrium.</strong></span> 
     </span>
     <span class='ocr_line' id='line_1_17' title="bbox 754 2354 2827 2431; baseline 0 -18"><span class='ocrx_word' id='word_1_74' title='bbox 754 2357 961 2414; x_wconf 73' lang='lat' dir='ltr'><strong>Exstat</strong></span> <span class='ocrx_word' id='word_1_75' title='bbox 1007 2356 1213 2415; x_wconf 87' lang='lat' dir='ltr'><strong>titulus</strong></span> <span class='ocrx_word' id='word_1_76' title='bbox 1257 2356 1415 2431; x_wconf 85' lang='lat' dir='ltr'><strong>apud</strong></span> <span class='ocrx_word' id='word_1_77' title='bbox 1467 2359 1639 2416; x_wconf 83' lang='lat' dir='ltr'><strong>Grut.</strong></span> <span class='ocrx_word' id='word_1_78' title='bbox 1673 2361 1813 2418; x_wconf 78' lang='lat'><strong>302.</strong></span> <span class='ocrx_word' id='word_1_79' title='bbox 1863 2362 1892 2417; x_wconf 93' lang='lat'>1</span> <span class='ocrx_word' id='word_1_80' title='bbox 1945 2357 2053 2415; x_wconf 89' lang='lat' dir='ltr'><strong>col.</strong></span> <span class='ocrx_word' id='word_1_81' title='bbox 2085 2356 2356 2415; x_wconf 88' lang='lat' dir='ltr'><strong>coniune.</strong></span> <span class='ocrx_word' id='word_1_82' title='bbox 2391 2356 2539 2415; x_wconf 80' lang='lat' dir='ltr'><strong>Iulia</strong></span> <span class='ocrx_word' id='word_1_83' title='bbox 2569 2354 2827 2414; x_wconf 83' lang='lat' dir='ltr'><strong>Sutrina.</strong></span> 
     </span>
    </p>
   </div>
   <div class='ocr_carea' id='block_1_12' title="bbox 1416 2624 1991 2719">
    <p class='ocr_par' dir='ltr' id='par_1_12' title="bbox 1416 2624 1991 2719">
     <span class='ocr_line' id='line_1_18' title="bbox 1416 2624 1991 2719; baseline 0.003 -23"><span class='ocrx_word' id='word_1_84' title='bbox 1416 2624 1480 2696; x_wconf 72' lang='lat' dir='ltr'>R</span> <span class='ocrx_word' id='word_1_85' title='bbox 1501 2626 1715 2719; x_wconf 82' lang='lat' dir='ltr'><strong>egio</strong></span> <span class='ocrx_word' id='word_1_86' title='bbox 1787 2624 1991 2698; x_wconf 90' lang='lat' dir='ltr'><strong>VIII.</strong></span> 
     </span>
    </p>
   </div>
   <div class='ocr_carea' id='block_1_13' title="bbox 1488 2793 1920 2860">
    <p class='ocr_par' dir='ltr' id='par_1_13' title="bbox 1488 2793 1920 2860">
     <span class='ocr_line' id='line_1_19' title="bbox 1488 2793 1920 2860; baseline 0.005 -2"><span class='ocrx_word' id='word_1_87' title='bbox 1488 2793 1920 2860; x_wconf 82' lang='lat' dir='ltr'><strong>Ariminum.</strong></span> 
     </span>
    </p>
   </div>
   <div class='ocr_carea' id='block_1_14' title="bbox 578 2920 2836 4331">
    <p class='ocr_par' dir='ltr' id='par_1_14' title="bbox 578 2920 2827 3509">
     <span class='ocr_line' id='line_1_20' title="bbox 747 2920 2825 2998; baseline 0 -21"><span class='ocrx_word' id='word_1_88' title='bbox 747 2920 866 2977; x_wconf 80' lang='lat' dir='ltr'><strong>Iam</strong></span> <span class='ocrx_word' id='word_1_89' title='bbox 926 2920 1082 2979; x_wconf 76' lang='lat' dir='ltr'><strong>intel·</strong></span> <span class='ocrx_word' id='word_1_90' title='bbox 1145 2920 1627 2998; x_wconf 73' lang='lat' dir='ltr'><strong>splendidissima</strong></span> <span class='ocrx_word' id='word_1_91' title='bbox 1687 2920 1910 2997; x_wconf 86' lang='lat' dir='ltr'><strong>oppida</strong></span> <span class='ocrx_word' id='word_1_92' title='bbox 1955 2920 2066 2980; x_wconf 85' lang='lat' dir='ltr'><strong>fuit</strong></span> <span class='ocrx_word' id='word_1_93' title='bbox 2111 2926 2247 2980; x_wconf 84' lang='lat' dir='ltr'><strong>ante</strong></span> <span class='ocrx_word' id='word_1_94' title='bbox 2295 2940 2556 2997; x_wconf 78' lang='lat' dir='ltr'><strong>pugnam</strong></span> <span class='ocrx_word' id='word_1_95' title='bbox 2605 2920 2825 2998; x_wconf 91' lang='lat' dir='ltr'><strong>Philip-</strong></span> 
     </span>
     <span class='ocr_line' id='line_1_21' title="bbox 578 3023 2826 3100; baseline 0 -19"><span class='ocrx_word' id='word_1_96' title='bbox 578 3042 816 3100; x_wconf 80' lang='lat' dir='ltr'><strong>pensem</strong></span> <span class='ocrx_word' id='word_1_97' title='bbox 880 3024 1035 3099; x_wconf 86' lang='lat' dir='ltr'><strong>App.</strong></span> <span class='ocrx_word' id='word_1_98' title='bbox 1084 3024 1135 3082; x_wconf 89' lang='lat' dir='ltr'><strong>b.</strong></span> <span class='ocrx_word' id='word_1_99' title='bbox 1184 3043 1233 3082; x_wconf 92' lang='lat' dir='ltr'><strong>c.</strong></span> <span class='ocrx_word' id='word_1_100' title='bbox 1278 3028 1334 3083; x_wconf 89' lang='grc'><strong>4.</strong></span> <span class='ocrx_word' id='word_1_101' title='bbox 1384 3030 1419 3084; x_wconf 83' lang='grc'><strong>3</strong></span> <span class='ocrx_word' id='word_1_102' title='bbox 1480 3025 1785 3083; x_wconf 81' lang='lat' dir='ltr'><strong>veteranis</strong></span> <span class='ocrx_word' id='word_1_103' title='bbox 1848 3023 2160 3083; x_wconf 80' lang='lat' dir='ltr'><strong>destinata.</strong></span> <span class='ocrx_word' id='word_1_104' title='bbox 2278 3024 2581 3083; x_wconf 81' lang='lat' dir='ltr'><strong>Coloniam</strong></span> <span class='ocrx_word' id='word_1_105' title='bbox 2645 3023 2826 3081; x_wconf 84' lang='lat' dir='ltr'><strong>fuisse</strong></span> 
     </span>
     <span class='ocr_line' id='line_1_22' title="bbox 578 3125 2826 3201; baseline -0 -17"><span class='ocrx_word' id='word_1_106' title='bbox 578 3146 651 3185; x_wconf 85' lang='lat' dir='ltr'><strong>ex</strong></span> <span class='ocrx_word' id='word_1_107' title='bbox 718 3127 892 3184; x_wconf 87' lang='lat' dir='ltr'><strong>titulo</strong></span> <span class='ocrx_word' id='word_1_108' title='bbox 956 3127 1132 3184; x_wconf 88' lang='lat' dir='ltr'><strong>Vettii</strong></span> <span class='ocrx_word' id='word_1_109' title='bbox 1184 3127 1480 3199; x_wconf 80' lang='lat' dir='ltr'><strong>Valentis,</strong></span> <span class='ocrx_word' id='word_1_110' title='bbox 1539 3144 1693 3186; x_wconf 81' lang='lat' dir='ltr'><strong>aevo</strong></span> <span class='ocrx_word' id='word_1_111' title='bbox 1758 3127 2045 3185; x_wconf 87' lang='lat' dir='ltr'><strong>Flaviano</strong></span> <span class='ocrx_word' id='word_1_112' title='bbox 2107 3128 2328 3201; x_wconf 83' lang='lat' dir='ltr'><strong>scripto</strong></span> <span class='ocrx_word' id='word_1_113' title='bbox 2386 3132 2442 3183; x_wconf 81' lang='lat' dir='ltr'><strong>et</strong></span> <span class='ocrx_word' id='word_1_114' title='bbox 2497 3125 2564 3184; x_wconf 90' lang='lat' dir='ltr'><strong>L.</strong></span> <span class='ocrx_word' id='word_1_115' title='bbox 2611 3127 2826 3184; x_wconf 82' lang='lat' dir='ltr'><strong>Botutii</strong></span> 
     </span>
     <span class='ocr_line' id='line_1_23' title="bbox 580 3228 2827 3305; baseline -0.001 -17"><span class='ocrx_word' id='word_1_116' title='bbox 580 3230 821 3288; x_wconf 78' lang='lat' dir='ltr'><strong>Furiani</strong></span> <span class='ocrx_word' id='word_1_117' title='bbox 871 3229 1259 3305; x_wconf 86' lang='lat' dir='ltr'><strong>perspicitur,</strong></span> <span class='ocrx_word' id='word_1_118' title='bbox 1308 3229 1417 3287; x_wconf 92' lang='lat' dir='ltr'><strong>Wi.</strong></span> <span class='ocrx_word' id='word_1_119' title='bbox 1466 3248 1523 3287; x_wconf 90' lang='lat' dir='ltr'><strong>n.</strong></span> <span class='ocrx_word' id='word_1_120' title='bbox 1576 3232 1758 3302; x_wconf 89' lang='lat'>1617,</span> <span class='ocrx_word' id='word_1_121' title='bbox 1804 3229 1971 3288; x_wconf 89' lang='lat' dir='ltr'><strong>Grut.</strong></span> <span class='ocrx_word' id='word_1_122' title='bbox 2023 3232 2198 3289; x_wconf 89' lang='grc'><strong>1091.</strong></span> <span class='ocrx_word' id='word_1_123' title='bbox 2255 3233 2362 3297; x_wconf 78' lang='lat'><strong>12;</strong></span> <span class='ocrx_word' id='word_1_124' title='bbox 2435 3228 2505 3286; x_wconf 84' lang='lat' dir='ltr'><strong>ab</strong></span> <span class='ocrx_word' id='word_1_125' title='bbox 2553 3229 2827 3303; x_wconf 84' lang='lat' dir='ltr'><strong>Augusto</strong></span> 
     </span>
     <span class='ocr_line' id='line_1_24' title="bbox 581 3329 2826 3391; baseline 0 -3"><span class='ocrx_word' id='word_1_126' title='bbox 581 3330 899 3390; x_wconf 84' lang='lat' dir='ltr'><strong>deductam</strong></span> <span class='ocrx_word' id='word_1_127' title='bbox 949 3349 1161 3389; x_wconf 85' lang='lat' dir='ltr'><strong>nomen</strong></span> <span class='ocrx_word' id='word_1_128' title='bbox 1211 3329 1388 3389; x_wconf 83' lang='lat' dir='ltr'><strong>docet</strong></span> <span class='ocrx_word' id='word_1_129' title='bbox 1443 3331 1501 3389; x_wconf 89' lang='lat' dir='ltr'><strong>in</strong></span> <span class='ocrx_word' id='word_1_130' title='bbox 1552 3330 1786 3389; x_wconf 88' lang='lat' dir='ltr'><strong>duobus</strong></span> <span class='ocrx_word' id='word_1_131' title='bbox 1831 3330 2022 3389; x_wconf 82' lang='lat' dir='ltr'><strong>titulis</strong></span> <span class='ocrx_word' id='word_1_132' title='bbox 2069 3335 2366 3389; x_wconf 85' lang='lat' dir='ltr'><strong>servatum</strong></span> <span class='ocrx_word' id='word_1_133' title='bbox 2414 3330 2514 3391; x_wconf 86' lang='lat' dir='ltr'><strong>Or.</strong></span> <span class='ocrx_word' id='word_1_134' title='bbox 2562 3351 2615 3389; x_wconf 89' lang='lat' dir='ltr'><strong>n.</strong></span> <span class='ocrx_word' id='word_1_135' title='bbox 2663 3332 2826 3390; x_wconf 79' lang='lat'>5124</span> 
     </span>
     <span class='ocr_line' id='line_1_25' title="bbox 578 3413 2772 3509; baseline -0.001 -17"><span class='ocrx_word' id='word_1_136' title='bbox 578 3434 683 3499; x_wconf 90' lang='lat'><strong>(=</strong></span> <span class='ocrx_word' id='word_1_137' title='bbox 729 3434 843 3492; x_wconf 79' lang='lat' dir='ltr'><strong>wi.</strong></span> <span class='ocrx_word' id='word_1_138' title='bbox 891 3452 942 3491; x_wconf 81' lang='lat' dir='ltr'><strong>n.</strong></span> <span class='ocrx_word' id='word_1_139' title='bbox 981 3432 1170 3503; x_wconf 80' lang='lat'>2123)</span> <span class='ocrx_word' id='word_1_140' title='bbox 1218 3437 1279 3491; x_wconf 76' lang='lat' dir='ltr'><strong>et</strong></span> <span class='ocrx_word' id='word_1_141' title='bbox 1324 3431 1423 3493; x_wconf 82' lang='lat' dir='ltr'><strong>or.</strong></span> <span class='ocrx_word' id='word_1_142' title='bbox 1470 3452 1524 3491; x_wconf 83' lang='lat' dir='ltr'><strong>n.</strong></span> <span class='ocrx_word' id='word_1_143' title='bbox 1571 3436 1767 3493; x_wconf 82' lang='lat'>4025:</span> <span class='ocrx_word' id='word_1_144' title='bbox 1815 3435 1923 3493; x_wconf 59' lang='grc' dir='ltr'><strong>σοι.</strong></span> <span class='ocrx_word' id='word_1_145' title='bbox 1972 3436 2127 3509; x_wconf 83' lang='lat' dir='ltr'><strong>Aug.</strong></span> <span class='ocrx_word' id='word_1_146' title='bbox 2175 3434 2515 3492; x_wconf 78' lang='lat' dir='ltr'><strong>Ariminum.</strong></span> <span class='ocrx_word' id='word_1_147' title='bbox 2765 3413 2772 3421; x_wconf 85' lang='grc'><strong><em>’</em></strong></span> 
     </span>
    </p>

    <p class='ocr_par' dir='ltr' id='par_1_15' title="bbox 579 3535 2836 4331">
     <span class='ocr_line' id='line_1_26' title="bbox 750 3535 2828 3613; baseline 0.001 -20"><span class='ocrx_word' id='word_1_148' title='bbox 750 3535 951 3609; x_wconf 81' lang='lat' dir='ltr'><strong>Magni</strong></span> <span class='ocrx_word' id='word_1_149' title='bbox 996 3537 1276 3595; x_wconf 77' lang='lat' dir='ltr'><strong>momenti</strong></span> <span class='ocrx_word' id='word_1_150' title='bbox 1323 3543 1411 3595; x_wconf 80' lang='lat' dir='ltr'><strong>est</strong></span> <span class='ocrx_word' id='word_1_151' title='bbox 1457 3536 1764 3612; x_wconf 81' lang='lat' dir='ltr'><strong>inscriptio</strong></span> <span class='ocrx_word' id='word_1_152' title='bbox 1813 3537 2009 3613; x_wconf 87' lang='lat' dir='ltr'><strong>pontis</strong></span> <span class='ocrx_word' id='word_1_153' title='bbox 2045 3536 2425 3595; x_wconf 81' lang='lat' dir='ltr'><strong>Ariminensis</strong></span> <span class='ocrx_word' id='word_1_154' title='bbox 2466 3536 2565 3596; x_wconf 88' lang='lat' dir='ltr'><strong>Or.</strong></span> <span class='ocrx_word' id='word_1_155' title='bbox 2597 3555 2653 3594; x_wconf 87' lang='grc' dir='ltr'><strong>ιι.</strong></span> <span class='ocrx_word' id='word_1_156' title='bbox 2687 3539 2828 3595; x_wconf 88' lang='grc'><strong>604.</strong></span> 
     </span>
     <span class='ocr_line' id='line_1_27' title="bbox 580 3637 2826 3716; baseline 0 -20"><span class='ocrx_word' id='word_1_157' title='bbox 580 3638 747 3711; x_wconf 81' lang='lat' dir='ltr'><strong>Quae</strong></span> <span class='ocrx_word' id='word_1_158' title='bbox 809 3637 903 3696; x_wconf 91' lang='lat' dir='ltr'><strong>hic</strong></span> <span class='ocrx_word' id='word_1_159' title='bbox 963 3637 1199 3698; x_wconf 83' lang='lat' dir='ltr'><strong>laudari</strong></span> <span class='ocrx_word' id='word_1_160' title='bbox 1262 3643 1487 3715; x_wconf 86' lang='lat' dir='ltr'><strong>potest,</strong></span> <span class='ocrx_word' id='word_1_161' title='bbox 1567 3640 1709 3715; x_wconf 87' lang='lat' dir='ltr'><strong>quia</strong></span> <span class='ocrx_word' id='word_1_162' title='bbox 1771 3640 1866 3697; x_wconf 87' lang='lat' dir='ltr'><strong>hie</strong></span> <span class='ocrx_word' id='word_1_163' title='bbox 1937 3656 2089 3716; x_wconf 88' lang='lat' dir='ltr'><strong>pons</strong></span> <span class='ocrx_word' id='word_1_164' title='bbox 2157 3637 2543 3715; x_wconf 84' lang='lat' dir='ltr'><strong>probabiliter</strong></span> <span class='ocrx_word' id='word_1_165' title='bbox 2605 3637 2826 3697; x_wconf 89' lang='lat' dir='ltr'><strong>donum</strong></span> 
     </span>
     <span class='ocr_line' id='line_1_28' title="bbox 580 3739 2830 3817; baseline -0 -17"><span class='ocrx_word' id='word_1_166' title='bbox 580 3739 790 3800; x_wconf 87' lang='lat' dir='ltr'><strong>domus</strong></span> <span class='ocrx_word' id='word_1_167' title='bbox 837 3740 1254 3817; x_wconf 81' lang='lat' dir='ltr'><strong>imperatoriae</strong></span> <span class='ocrx_word' id='word_1_168' title='bbox 1302 3741 1676 3800; x_wconf 82' lang='lat' dir='ltr'><strong>existimatur</strong></span> <span class='ocrx_word' id='word_1_169' title='bbox 1722 3747 1781 3799; x_wconf 90' lang='lat' dir='ltr'><strong>et</strong></span> <span class='ocrx_word' id='word_1_170' title='bbox 1822 3741 1978 3799; x_wconf 88' lang='lat' dir='ltr'><strong>inter</strong></span> <span class='ocrx_word' id='word_1_171' title='bbox 2023 3758 2093 3798; x_wconf 86' lang='lat' dir='ltr'><strong>ea</strong></span> <span class='ocrx_word' id='word_1_172' title='bbox 2139 3740 2378 3816; x_wconf 86' lang='lat' dir='ltr'><strong>publica</strong></span> <span class='ocrx_word' id='word_1_173' title='bbox 2422 3739 2692 3799; x_wconf 85' lang='lat' dir='ltr'><strong>aedificia</strong></span> <span class='ocrx_word' id='word_1_174' title='bbox 2731 3741 2830 3799; x_wconf 86' lang='lat' dir='ltr'><strong>vel</strong></span> 
     </span>
     <span class='ocr_line' id='line_1_29' title="bbox 579 3841 2829 3919; baseline 0 -18"><span class='ocrx_word' id='word_1_175' title='bbox 579 3843 973 3902; x_wconf 85' lang='lat' dir='ltr'><strong>instrumenta</strong></span> <span class='ocrx_word' id='word_1_176' title='bbox 1017 3843 1229 3901; x_wconf 85' lang='lat' dir='ltr'><strong>referri</strong></span> <span class='ocrx_word' id='word_1_177' title='bbox 1275 3847 1500 3918; x_wconf 83' lang='lat' dir='ltr'><strong>potest,</strong></span> <span class='ocrx_word' id='word_1_178' title='bbox 1562 3842 1779 3919; x_wconf 86' lang='lat' dir='ltr'><strong>quibus</strong></span> <span class='ocrx_word' id='word_1_179' title='bbox 1826 3842 2092 3901; x_wconf 84' lang='lat' dir='ltr'><strong>coloniae</strong></span> <span class='ocrx_word' id='word_1_180' title='bbox 2141 3860 2332 3918; x_wconf 82' lang='lat' dir='ltr'><strong>nuper</strong></span> <span class='ocrx_word' id='word_1_181' title='bbox 2378 3841 2673 3900; x_wconf 85' lang='lat' dir='ltr'><strong>deductae</strong></span> <span class='ocrx_word' id='word_1_182' title='bbox 2719 3860 2829 3919; x_wconf 84' lang='lat' dir='ltr'><strong>per</strong></span> 
     </span>
     <span class='ocr_line' id='line_1_30' title="bbox 580 3944 2829 4022; baseline -0 -18"><span class='ocrx_word' id='word_1_183' title='bbox 580 3946 915 4022; x_wconf 87' lang='lat' dir='ltr'><strong>Augustum</strong></span> <span class='ocrx_word' id='word_1_184' title='bbox 963 3951 1022 4003; x_wconf 92' lang='lat' dir='ltr'><strong>et</strong></span> <span class='ocrx_word' id='word_1_185' title='bbox 1065 3944 1216 4003; x_wconf 83' lang='lat' dir='ltr'><strong>filios</strong></span> <span class='ocrx_word' id='word_1_186' title='bbox 1263 3963 1404 4003; x_wconf 88' lang='lat' dir='ltr'><strong>suos</strong></span> <span class='ocrx_word' id='word_1_187' title='bbox 1451 3950 1698 4004; x_wconf 87' lang='lat' dir='ltr'><strong>ornatae</strong></span> <span class='ocrx_word' id='word_1_188' title='bbox 1757 3952 1817 4004; x_wconf 90' lang='lat' dir='ltr'><strong>et</strong></span> <span class='ocrx_word' id='word_1_189' title='bbox 1861 3944 2082 4003; x_wconf 84' lang='lat' dir='ltr'><strong>ditatae</strong></span> <span class='ocrx_word' id='word_1_190' title='bbox 2127 3948 2282 4003; x_wconf 86' lang='lat' dir='ltr'><strong>sunt.</strong></span> <span class='ocrx_word' id='word_1_191' title='bbox 2355 3974 2440 3983; x_wconf 90' lang='grc'><strong>--</strong></span> <span class='ocrx_word' id='word_1_192' title='bbox 2513 3945 2829 4020; x_wconf 87' lang='lat' dir='ltr'><strong>Augustus</strong></span> 
     </span>
     <span class='ocr_line' id='line_1_31' title="bbox 581 4045 2832 4124; baseline 0 -19"><span class='ocrx_word' id='word_1_193' title='bbox 581 4048 738 4107; x_wconf 85' lang='lat' dir='ltr'><strong>hune</strong></span> <span class='ocrx_word' id='word_1_194' title='bbox 781 4052 1022 4124; x_wconf 88' lang='lat' dir='ltr'><strong>pontem</strong></span> <span class='ocrx_word' id='word_1_195' title='bbox 1070 4046 1415 4106; x_wconf 82' lang='lat' dir='ltr'><strong>aedificasse</strong></span> <span class='ocrx_word' id='word_1_196' title='bbox 1462 4046 1669 4117; x_wconf 82' lang='lat' dir='ltr'><strong>fertur,</strong></span> <span class='ocrx_word' id='word_1_197' title='bbox 1717 4047 1845 4105; x_wconf 86' lang='lat' dir='ltr'><strong>eius</strong></span> <span class='ocrx_word' id='word_1_198' title='bbox 1876 4052 2074 4105; x_wconf 86' lang='lat' dir='ltr'><strong>statua</strong></span> <span class='ocrx_word' id='word_1_199' title='bbox 2106 4048 2163 4105; x_wconf 91' lang='lat' dir='ltr'><strong>in</strong></span> <span class='ocrx_word' id='word_1_200' title='bbox 2197 4045 2296 4104; x_wconf 92' lang='lat' dir='ltr'><strong>illo</strong></span> <span class='ocrx_word' id='word_1_201' title='bbox 2331 4045 2832 4123; x_wconf 77' lang='lat' dir='ltr'><strong>conspiciebatur,</strong></span> 
     </span>
     <span class='ocr_line' id='line_1_32' title="bbox 579 4132 2836 4223; baseline -0.001 -14"><span class='ocrx_word' id='word_1_202' title='bbox 579 4156 645 4209; x_wconf 86' lang='lat' dir='ltr'><strong>ut</strong></span> <span class='ocrx_word' id='word_1_203' title='bbox 691 4150 804 4209; x_wconf 93' lang='lat' dir='ltr'><strong>Dio</strong></span> <span class='ocrx_word' id='word_1_204' title='bbox 852 4153 948 4209; x_wconf 83' lang='lat'><strong>53.</strong></span> <span class='ocrx_word' id='word_1_205' title='bbox 995 4154 1074 4210; x_wconf 80' lang='lat'><strong>22</strong></span> <span class='ocrx_word' id='word_1_206' title='bbox 1123 4149 1338 4208; x_wconf 79' lang='lat' dir='ltr'><strong>refert:</strong></span> <span class='ocrx_word' id='word_1_207' title='bbox 1415 4138 1703 4219; x_wconf 59' lang='lat' dir='ltr'><strong>„elxdveg</strong></span> <span class='ocrx_word' id='word_1_208' title='bbox 1762 4132 1949 4205; x_wconf 66' lang='grc' dir='ltr'><strong>αὐτῶ</strong></span> <span class='ocrx_word' id='word_1_209' title='bbox 2001 4132 2104 4220; x_wconf 76' lang='grc' dir='ltr'><strong>ἐφ’</strong></span> <span class='ocrx_word' id='word_1_210' title='bbox 2151 4134 2418 4222; x_wconf 77' lang='grc' dir='ltr'><strong><em>ἇψὶδων</em></strong></span> <span class='ocrx_word' id='word_1_211' title='bbox 2479 4137 2553 4204; x_wconf 80' lang='grc' dir='ltr'><strong>ἔν</strong></span> <span class='ocrx_word' id='word_1_212' title='bbox 2615 4163 2688 4205; x_wconf 86' lang='grc' dir='ltr'><strong>τε</strong></span> <span class='ocrx_word' id='word_1_213' title='bbox 2751 4144 2836 4223; x_wconf 72' lang='grc' dir='ltr'><strong>τῇ</strong></span> 
     </span>
     <span class='ocr_line' id='line_1_33' title="bbox 580 4234 2562 4331; baseline -0.002 -23"><span class='ocrx_word' id='word_1_214' title='bbox 580 4248 703 4308; x_wconf 83' lang='grc' dir='ltr'><strong>τοῦ</strong></span> <span class='ocrx_word' id='word_1_215' title='bbox 777 4246 1107 4329; x_wconf 66' lang='grc' dir='ltr'><strong>Τιβερίδος</strong></span> <span class='ocrx_word' id='word_1_216' title='bbox 1173 4240 1428 4331; x_wconf 69' lang='grc' dir='ltr'><em>γεφύρᾳ</em></span> <span class='ocrx_word' id='word_1_217' title='bbox 1494 4245 1608 4309; x_wconf 85' lang='grc' dir='ltr'><strong>καὶ</strong></span> <span class='ocrx_word' id='word_1_218' title='bbox 1667 4242 1739 4308; x_wconf 76' lang='grc' dir='ltr'><strong>ἐν</strong></span> <span class='ocrx_word' id='word_1_219' title='bbox 1781 4234 2562 4329; x_wconf 63' lang='lat' dir='ltr'><strong>.3lpeplvq›.{scotr}1‘)726av.</strong></span> 
     </span>
    </p>
   </div>
  </div>
 </body>
</html>
