<?xml version="1.0" encoding="UTF-8"?>
<!DOCTYPE html PUBLIC "-//W3C//DTD XHTML 1.0 Transitional//EN"
    "http://www.w3.org/TR/xhtml1/DTD/xhtml1-transitional.dtd">
<html xmlns="http://www.w3.org/1999/xhtml" xml:lang="en" lang="en">
 <head>
  <title>
</title>
<meta http-equiv="Content-Type" content="text/html;charset=utf-8" />
  <meta name='ocr-system' content='tesseract 3.04.00' />
  <meta name='ocr-capabilities' content='ocr_page ocr_carea ocr_par ocr_line ocrx_word'/>
</head>
<body>
  <div class='ocr_page' id='page_1' title='image "./dissertationesp00hallgoog_0711.png"; bbox 0 0 3166 4871; ppageno 0'>
   <div class='ocr_carea' id='block_1_1' title="bbox 2499 314 2623 374">
    <p class='ocr_par' dir='ltr' id='par_1_1' title="bbox 2499 314 2623 374">
     <span class='ocr_line' id='line_1_1' title="bbox 2499 314 2623 374; baseline 0 0"><span class='ocrx_word' id='word_1_1' title='bbox 2499 314 2623 374; x_wconf 85' lang='lat'>353</span> 
     </span>
    </p>
   </div>
   <div class='ocr_carea' id='block_1_2' title="bbox 376 488 2630 1181">
    <p class='ocr_par' dir='ltr' id='par_1_2' title="bbox 376 488 2630 1181">
     <span class='ocr_line' id='line_1_2' title="bbox 385 488 2627 566; baseline 0 -18"><span class='ocrx_word' id='word_1_2' title='bbox 385 508 539 566; x_wconf 87' lang='lat' dir='ltr'>quae</span> <span class='ocrx_word' id='word_1_3' title='bbox 597 490 671 549; x_wconf 89' lang='lat' dir='ltr'>de</span> <span class='ocrx_word' id='word_1_4' title='bbox 731 488 1180 565; x_wconf 80' lang='lat' dir='ltr'>magistratibus</span> <span class='ocrx_word' id='word_1_5' title='bbox 1242 489 1464 549; x_wconf 75' lang='lat' dir='ltr'>urbicis</span> <span class='ocrx_word' id='word_1_6' title='bbox 1509 488 1867 550; x_wconf 71' lang='lat' dir='ltr'>decuriones</span> <span class='ocrx_word' id='word_1_7' title='bbox 1913 489 2163 551; x_wconf 75' lang='lat' dir='ltr'>colonici</span> <span class='ocrx_word' id='word_1_8' title='bbox 2207 491 2265 549; x_wconf 88' lang='lat' dir='ltr'>in</span> <span class='ocrx_word' id='word_1_9' title='bbox 2315 507 2425 549; x_wconf 80' lang='lat' dir='ltr'>sua</span> <span class='ocrx_word' id='word_1_10' title='bbox 2470 490 2627 566; x_wconf 90' lang='lat' dir='ltr'>quis-</span> 
     </span>
     <span class='ocr_line' id='line_1_3' title="bbox 384 590 2627 670; baseline 0 -19"><span class='ocrx_word' id='word_1_11' title='bbox 384 611 500 669; x_wconf 91' lang='lat' dir='ltr'>que</span> <span class='ocrx_word' id='word_1_12' title='bbox 562 592 794 653; x_wconf 84' lang='lat' dir='ltr'>colonia</span> <span class='ocrx_word' id='word_1_13' title='bbox 852 590 1080 653; x_wconf 84' lang='lat' dir='ltr'>ferrent</span> <span class='ocrx_word' id='word_1_14' title='bbox 1137 596 1197 651; x_wconf 89' lang='lat' dir='ltr'>et</span> <span class='ocrx_word' id='word_1_15' title='bbox 1252 592 1360 652; x_wconf 90' lang='lat' dir='ltr'>sub</span> <span class='ocrx_word' id='word_1_16' title='bbox 1419 592 1516 652; x_wconf 92' lang='lat' dir='ltr'>die</span> <span class='ocrx_word' id='word_1_17' title='bbox 1576 593 1946 653; x_wconf 89' lang='lat' dir='ltr'>comitiorum</span> <span class='ocrx_word' id='word_1_18' title='bbox 2001 592 2316 670; x_wconf 86' lang='lat' dir='ltr'>obsignata</span> <span class='ocrx_word' id='word_1_19' title='bbox 2381 594 2627 654; x_wconf 82' lang='lat' dir='ltr'><strong>Romam</strong></span> 
     </span>
     <span class='ocr_line' id='line_1_4' title="bbox 378 691 2630 774; baseline 0.001 -21"><span class='ocrx_word' id='word_1_20' title='bbox 378 697 693 755; x_wconf 81' lang='lat' dir='ltr'>mitterent.</span> <span class='ocrx_word' id='word_1_21' title='bbox 709 691 754 767; x_wconf 84' lang='lat'>¹)</span> <span class='ocrx_word' id='word_1_22' title='bbox 863 694 952 753; x_wconf 86' lang='lat' dir='ltr'>Ac</span> <span class='ocrx_word' id='word_1_23' title='bbox 1018 695 1232 755; x_wconf 78' lang='lat' dir='ltr'>necubi</span> <span class='ocrx_word' id='word_1_24' title='bbox 1297 701 1403 755; x_wconf 86' lang='lat' dir='ltr'>aut</span> <span class='ocrx_word' id='word_1_25' title='bbox 1465 695 1849 756; x_wconf 89' lang='lat' dir='ltr'>honestorum</span> <span class='ocrx_word' id='word_1_26' title='bbox 1922 695 2207 756; x_wconf 87' lang='lat' dir='ltr'>deficeret</span> <span class='ocrx_word' id='word_1_27' title='bbox 2280 697 2452 774; x_wconf 83' lang='lat' dir='ltr'>copia</span> <span class='ocrx_word' id='word_1_28' title='bbox 2525 699 2630 756; x_wconf 86' lang='lat' dir='ltr'>ant</span> 
     </span>
     <span class='ocr_line' id='line_1_5' title="bbox 377 796 2625 876; baseline 0.001 -20"><span class='ocrx_word' id='word_1_29' title='bbox 377 796 770 857; x_wconf 86' lang='lat' dir='ltr'>multitudinis</span> <span class='ocrx_word' id='word_1_30' title='bbox 814 797 1083 875; x_wconf 86' lang='lat' dir='ltr'>suboles,</span> <span class='ocrx_word' id='word_1_31' title='bbox 1128 801 1471 874; x_wconf 79' lang='lat' dir='ltr'><strong>equestrem</strong></span> <span class='ocrx_word' id='word_1_32' title='bbox 1519 798 1779 857; x_wconf 87' lang='lat' dir='ltr'>militiam</span> <span class='ocrx_word' id='word_1_33' title='bbox 1824 800 2084 876; x_wconf 88' lang='lat' dir='ltr'>petentis</span> <span class='ocrx_word' id='word_1_34' title='bbox 2129 799 2303 858; x_wconf 88' lang='lat' dir='ltr'>etiam</span> <span class='ocrx_word' id='word_1_35' title='bbox 2350 816 2425 858; x_wconf 87' lang='lat' dir='ltr'>ex</span> <span class='ocrx_word' id='word_1_36' title='bbox 2470 816 2625 858; x_wconf 90' lang='lat' dir='ltr'>com·</span> 
     </span>
     <span class='ocr_line' id='line_1_6' title="bbox 378 899 2626 977; baseline 0.001 -19"><span class='ocrx_word' id='word_1_37' title='bbox 378 899 755 959; x_wconf 85' lang='lat' dir='ltr'>mendatione</span> <span class='ocrx_word' id='word_1_38' title='bbox 816 899 1057 975; x_wconf 86' lang='lat' dir='ltr'>publica</span> <span class='ocrx_word' id='word_1_39' title='bbox 1113 900 1401 977; x_wconf 86' lang='lat' dir='ltr'>cuiusque</span> <span class='ocrx_word' id='word_1_40' title='bbox 1465 900 1667 977; x_wconf 84' lang='lat' dir='ltr'>oppidi</span> <span class='ocrx_word' id='word_1_41' title='bbox 1734 900 2081 977; x_wconf 84' lang='lat' dir='ltr'>ordinabat3</span> <span class='ocrx_word' id='word_1_42' title='bbox 2154 903 2218 960; x_wconf 88' lang='lat' dir='ltr'>at</span> <span class='ocrx_word' id='word_1_43' title='bbox 2278 901 2367 977; x_wconf 90' lang='lat' dir='ltr'>iis,</span> <span class='ocrx_word' id='word_1_44' title='bbox 2424 900 2525 977; x_wconf 90' lang='lat' dir='ltr'>qui</span> <span class='ocrx_word' id='word_1_45' title='bbox 2593 919 2626 960; x_wconf 90' lang='lat' dir='ltr'>e</span> 
     </span>
     <span class='ocr_line' id='line_1_7' title="bbox 377 1001 2630 1081; baseline 0.001 -22"><span class='ocrx_word' id='word_1_46' title='bbox 377 1001 552 1078; x_wconf 86' lang='lat' dir='ltr'><strong>plebe</strong></span> <span class='ocrx_word' id='word_1_47' title='bbox 597 1002 872 1078; x_wconf 82' lang='lat' dir='ltr'>regiones</span> <span class='ocrx_word' id='word_1_48' title='bbox 917 1002 1024 1061; x_wconf 89' lang='lat' dir='ltr'>sibi</span> <span class='ocrx_word' id='word_1_49' title='bbox 1068 1003 1351 1062; x_wconf 88' lang='lat' dir='ltr'>revisenti</span> <span class='ocrx_word' id='word_1_50' title='bbox 1403 1003 1557 1062; x_wconf 90' lang='lat' dir='ltr'>filios</span> <span class='ocrx_word' id='word_1_51' title='bbox 1614 1002 1843 1064; x_wconf 82' lang='lat' dir='ltr'>filiasve</span> <span class='ocrx_word' id='word_1_52' title='bbox 1897 1004 2335 1081; x_wconf 81' lang='lat' dir='ltr'><strong>approbarent,</strong></span> <span class='ocrx_word' id='word_1_53' title='bbox 2391 1003 2630 1080; x_wconf 87' lang='lat' dir='ltr'>singula</span> 
     </span>
     <span class='ocr_line' id='line_1_8' title="bbox 376 1103 1808 1181; baseline 0.001 -18"><span class='ocrx_word' id='word_1_54' title='bbox 376 1122 750 1164; x_wconf 84' lang='lat' dir='ltr'>nummorum</span> <span class='ocrx_word' id='word_1_55' title='bbox 796 1104 956 1163; x_wconf 87' lang='lat' dir='ltr'>milia</span> <span class='ocrx_word' id='word_1_56' title='bbox 998 1122 1111 1181; x_wconf 85' lang='lat' dir='ltr'>pro</span> <span class='ocrx_word' id='word_1_57' title='bbox 1157 1105 1404 1180; x_wconf 89' lang='lat' dir='ltr'>singulis</span> <span class='ocrx_word' id='word_1_58' title='bbox 1448 1103 1808 1165; x_wconf 79' lang='lat' dir='ltr'>dividebat.“</span> 
     </span>
    </p>
   </div>
   <div class='ocr_carea' id='block_1_3' title="bbox 1433 1317 1575 1404">
    <p class='ocr_par' dir='ltr' id='par_1_3' title="bbox 1433 1317 1575 1404">
     <span class='ocr_line' id='line_1_9' title="bbox 1433 1317 1575 1404; baseline 0.014 -23"><span class='ocrx_word' id='word_1_59' title='bbox 1433 1317 1575 1404; x_wconf 72' lang='lat'>§2-</span> 
     </span>
    </p>
   </div>
   <div class='ocr_carea' id='block_1_4' title="bbox 991 1438 2019 1506">
    <p class='ocr_par' dir='ltr' id='par_1_4' title="bbox 991 1438 2019 1506">
     <span class='ocr_line' id='line_1_10' title="bbox 991 1438 2019 1506; baseline 0.002 -2"><span class='ocrx_word' id='word_1_60' title='bbox 991 1438 1094 1504; x_wconf 79' lang='lat' dir='ltr'>De</span> <span class='ocrx_word' id='word_1_61' title='bbox 1143 1439 1586 1505; x_wconf 78' lang='lat' dir='ltr'>coloniarum</span> <span class='ocrx_word' id='word_1_62' title='bbox 1634 1439 2019 1506; x_wconf 86' lang='lat' dir='ltr'>indicibus.</span> 
     </span>
    </p>
   </div>
   <div class='ocr_carea' id='block_1_5' title="bbox 377 1582 2639 4221">
    <p class='ocr_par' dir='ltr' id='par_1_5' title="bbox 377 1582 2639 3484">
     <span class='ocr_line' id='line_1_11' title="bbox 548 1582 2632 1660; baseline 0.003 -24"><span class='ocrx_word' id='word_1_63' title='bbox 548 1583 755 1637; x_wconf 85' lang='lat' dir='ltr'>Liber</span> <span class='ocrx_word' id='word_1_64' title='bbox 802 1583 1233 1638; x_wconf 78' lang='lat' dir='ltr'>coloniarum</span> <span class='ocrx_word' id='word_1_65' title='bbox 1295 1583 1519 1660; x_wconf 86' lang='lat' dir='ltr'>publici</span> <span class='ocrx_word' id='word_1_66' title='bbox 1581 1584 1729 1643; x_wconf 89' lang='lat' dir='ltr'>iuris</span> <span class='ocrx_word' id='word_1_67' title='bbox 1791 1582 1986 1642; x_wconf 84' lang='lat' dir='ltr'>factus</span> <span class='ocrx_word' id='word_1_68' title='bbox 2047 1584 2106 1643; x_wconf 91' lang='lat' dir='ltr'>in</span> <span class='ocrx_word' id='word_1_69' title='bbox 2153 1582 2413 1643; x_wconf 85' lang='lat' dir='ltr'>editione</span> <span class='ocrx_word' id='word_1_70' title='bbox 2460 1583 2632 1660; x_wconf 81' lang='lat' dir='ltr'>Agri-</span> 
     </span>
     <span class='ocr_line' id='line_1_12' title="bbox 378 1685 2630 1762; baseline 0 -18"><span class='ocrx_word' id='word_1_71' title='bbox 378 1703 719 1744; x_wconf 88' lang='lat' dir='ltr'>mensorum</span> <span class='ocrx_word' id='word_1_72' title='bbox 781 1685 1182 1744; x_wconf 85' lang='lat' dir='ltr'>Romanorum</span> <span class='ocrx_word' id='word_1_73' title='bbox 1244 1686 1271 1744; x_wconf 94' lang='lat' dir='ltr'>I</span> <span class='ocrx_word' id='word_1_74' title='bbox 1330 1704 1388 1760; x_wconf 89' lang='lat' dir='ltr'>p.</span> <span class='ocrx_word' id='word_1_75' title='bbox 1461 1688 1831 1747; x_wconf 78' lang='lat'>209—262</span> <span class='ocrx_word' id='word_1_76' title='bbox 1892 1687 1949 1745; x_wconf 90' lang='lat' dir='ltr'>iu</span> <span class='ocrx_word' id='word_1_77' title='bbox 2020 1689 2227 1745; x_wconf 82' lang='lat' dir='ltr'>nostra</span> <span class='ocrx_word' id='word_1_78' title='bbox 2283 1686 2630 1762; x_wconf 79' lang='lat' dir='ltr'>quaestione</span> 
     </span>
     <span class='ocr_line' id='line_1_13' title="bbox 378 1787 2632 1864; baseline 0 -18"><span class='ocrx_word' id='word_1_79' title='bbox 378 1787 761 1846; x_wconf 82' lang='lat' dir='ltr'>diiudicanda</span> <span class='ocrx_word' id='word_1_80' title='bbox 790 1806 1040 1864; x_wconf 88' lang='lat' dir='ltr'>prorsus</span> <span class='ocrx_word' id='word_1_81' title='bbox 1089 1787 1426 1847; x_wconf 84' lang='lat' dir='ltr'>reiciendus</span> <span class='ocrx_word' id='word_1_82' title='bbox 1472 1795 1579 1848; x_wconf 89' lang='lat' dir='ltr'>est.</span> <span class='ocrx_word' id='word_1_83' title='bbox 1670 1789 1819 1848; x_wconf 84' lang='lat' dir='ltr'>Nam</span> <span class='ocrx_word' id='word_1_84' title='bbox 1869 1793 2187 1864; x_wconf 78' lang='lat' dir='ltr'>postquam</span> <span class='ocrx_word' id='word_1_85' title='bbox 2230 1788 2632 1848; x_wconf 86' lang='lat' dir='ltr'>Mommsenus</span> 
     </span>
     <span class='ocr_line' id='line_1_14' title="bbox 379 1889 2631 1969; baseline 0 -20"><span class='ocrx_word' id='word_1_86' title='bbox 379 1892 415 1950; x_wconf 85' lang='grc' dir='ltr'>Ι.</span> <span class='ocrx_word' id='word_1_87' title='bbox 461 1891 497 1949; x_wconf 94' lang='lat' dir='ltr'>l.</span> <span class='ocrx_word' id='word_1_88' title='bbox 542 1891 603 1950; x_wconf 91' lang='lat'>11</span> <span class='ocrx_word' id='word_1_89' title='bbox 666 1910 721 1966; x_wconf 89' lang='lat' dir='ltr'>p.</span> <span class='ocrx_word' id='word_1_90' title='bbox 774 1894 1138 1952; x_wconf 85' lang='lat'>144—210</span> <span class='ocrx_word' id='word_1_91' title='bbox 1201 1892 1441 1967; x_wconf 86' lang='lat' dir='ltr'>egregie</span> <span class='ocrx_word' id='word_1_92' title='bbox 1504 1889 1577 1950; x_wconf 89' lang='lat' dir='ltr'>de</span> <span class='ocrx_word' id='word_1_93' title='bbox 1645 1910 1723 1951; x_wconf 90' lang='lat' dir='ltr'>co</span> <span class='ocrx_word' id='word_1_94' title='bbox 1771 1890 2128 1969; x_wconf 84' lang='lat' dir='ltr'>disputavit,</span> <span class='ocrx_word' id='word_1_95' title='bbox 2188 1894 2423 1950; x_wconf 83' lang='lat' dir='ltr'>constat</span> <span class='ocrx_word' id='word_1_96' title='bbox 2475 1891 2631 1950; x_wconf 90' lang='lat' dir='ltr'>inter</span> 
     </span>
     <span class='ocr_line' id='line_1_15' title="bbox 378 1992 2633 2069; baseline 0 -17"><span class='ocrx_word' id='word_1_97' title='bbox 378 2010 582 2052; x_wconf 89' lang='lat' dir='ltr'>omnes</span> <span class='ocrx_word' id='word_1_98' title='bbox 646 1994 801 2051; x_wconf 86' lang='lat' dir='ltr'>bunc</span> <span class='ocrx_word' id='word_1_99' title='bbox 879 1993 1094 2052; x_wconf 87' lang='lat' dir='ltr'>librum</span> <span class='ocrx_word' id='word_1_100' title='bbox 1168 1993 1624 2069; x_wconf 81' lang='lat' dir='ltr'>epitomatorum</span> <span class='ocrx_word' id='word_1_101' title='bbox 1697 1999 1757 2052; x_wconf 93' lang='lat' dir='ltr'>et</span> <span class='ocrx_word' id='word_1_102' title='bbox 1826 1993 2197 2053; x_wconf 82' lang='lat' dir='ltr'>librariorum</span> <span class='ocrx_word' id='word_1_103' title='bbox 2268 1992 2633 2069; x_wconf 82' lang='lat' dir='ltr'>negligentia</span> 
     </span>
     <span class='ocr_line' id='line_1_16' title="bbox 377 2094 2629 2173; baseline 0 -20"><span class='ocrx_word' id='word_1_104' title='bbox 377 2096 521 2154; x_wconf 87' lang='lat' dir='ltr'>mire</span> <span class='ocrx_word' id='word_1_105' title='bbox 582 2098 926 2170; x_wconf 86' lang='lat' dir='ltr'>corruptum</span> <span class='ocrx_word' id='word_1_106' title='bbox 990 2099 1047 2154; x_wconf 93' lang='lat' dir='ltr'>et</span> <span class='ocrx_word' id='word_1_107' title='bbox 1108 2094 1492 2171; x_wconf 82' lang='lat' dir='ltr'>depravatum</span> <span class='ocrx_word' id='word_1_108' title='bbox 1558 2113 1706 2155; x_wconf 87' lang='lat' dir='ltr'>esse.</span> <span class='ocrx_word' id='word_1_109' title='bbox 1804 2097 1872 2155; x_wconf 90' lang='lat' dir='ltr'>In</span> <span class='ocrx_word' id='word_1_110' title='bbox 1925 2114 2046 2172; x_wconf 91' lang='lat' dir='ltr'>quo</span> <span class='ocrx_word' id='word_1_111' title='bbox 2094 2113 2451 2173; x_wconf 80' lang='lat' dir='ltr'>quamquam</span> <span class='ocrx_word' id='word_1_112' title='bbox 2512 2115 2629 2155; x_wconf 90' lang='lat' dir='ltr'>non</span> 
     </span>
     <span class='ocr_line' id='line_1_17' title="bbox 378 2196 2629 2274; baseline 0 -19"><span class='ocrx_word' id='word_1_113' title='bbox 378 2196 612 2266; x_wconf 76' lang='lat' dir='ltr'>desunt,</span> <span class='ocrx_word' id='word_1_114' title='bbox 659 2214 812 2273; x_wconf 80' lang='lat' dir='ltr'>quae</span> <span class='ocrx_word' id='word_1_115' title='bbox 860 2196 933 2255; x_wconf 80' lang='lat' dir='ltr'>ad</span> <span class='ocrx_word' id='word_1_116' title='bbox 982 2198 1169 2256; x_wconf 89' lang='lat' dir='ltr'>bonos</span> <span class='ocrx_word' id='word_1_117' title='bbox 1214 2197 1471 2256; x_wconf 84' lang='lat' dir='ltr'>fortasse</span> <span class='ocrx_word' id='word_1_118' title='bbox 1518 2201 1799 2258; x_wconf 79' lang='lat' dir='ltr'>auctores</span> <span class='ocrx_word' id='word_1_119' title='bbox 1845 2198 2043 2258; x_wconf 88' lang='lat' dir='ltr'>redire</span> <span class='ocrx_word' id='word_1_120' title='bbox 2090 2197 2386 2274; x_wconf 89' lang='lat' dir='ltr'>videntur,</span> <span class='ocrx_word' id='word_1_121' title='bbox 2430 2201 2629 2258; x_wconf 88' lang='lat' dir='ltr'>tamen</span> 
     </span>
     <span class='ocr_line' id='line_1_18' title="bbox 377 2298 2622 2378; baseline -0 -19"><span class='ocrx_word' id='word_1_122' title='bbox 377 2300 461 2359; x_wconf 89' lang='lat' dir='ltr'>sic</span> <span class='ocrx_word' id='word_1_123' title='bbox 505 2300 665 2358; x_wconf 88' lang='lat' dir='ltr'>vitiis</span> <span class='ocrx_word' id='word_1_124' title='bbox 710 2304 770 2358; x_wconf 92' lang='lat' dir='ltr'>et</span> <span class='ocrx_word' id='word_1_125' title='bbox 814 2299 1116 2360; x_wconf 83' lang='lat' dir='ltr'>erroribus</span> <span class='ocrx_word' id='word_1_126' title='bbox 1160 2298 1493 2370; x_wconf 79' lang='lat' dir='ltr'>redundat,</span> <span class='ocrx_word' id='word_1_127' title='bbox 1559 2306 1625 2359; x_wconf 91' lang='lat' dir='ltr'>ut</span> <span class='ocrx_word' id='word_1_128' title='bbox 1687 2302 1744 2359; x_wconf 90' lang='lat' dir='ltr'>iu</span> <span class='ocrx_word' id='word_1_129' title='bbox 1806 2302 2019 2378; x_wconf 83' lang='lat' dir='ltr'>quavis</span> <span class='ocrx_word' id='word_1_130' title='bbox 2078 2301 2374 2360; x_wconf 85' lang='lat' dir='ltr'>sententia</span> <span class='ocrx_word' id='word_1_131' title='bbox 2420 2299 2622 2359; x_wconf 88' lang='lat' dir='ltr'>diiudi-</span> 
     </span>
     <span class='ocr_line' id='line_1_19' title="bbox 378 2400 2631 2481; baseline 0.001 -21"><span class='ocrx_word' id='word_1_132' title='bbox 378 2400 571 2460; x_wconf 84' lang='lat' dir='ltr'>canda</span> <span class='ocrx_word' id='word_1_133' title='bbox 618 2401 871 2478; x_wconf 86' lang='lat' dir='ltr'>primum</span> <span class='ocrx_word' id='word_1_134' title='bbox 920 2400 1244 2462; x_wconf 88' lang='lat' dir='ltr'>videndum</span> <span class='ocrx_word' id='word_1_135' title='bbox 1292 2403 1391 2473; x_wconf 88' lang='lat' dir='ltr'>sit,</span> <span class='ocrx_word' id='word_1_136' title='bbox 1454 2422 1592 2463; x_wconf 88' lang='lat' dir='ltr'>num</span> <span class='ocrx_word' id='word_1_137' title='bbox 1641 2403 1700 2463; x_wconf 89' lang='lat' dir='ltr'>id</span> <span class='ocrx_word' id='word_1_138' title='bbox 1750 2402 1912 2481; x_wconf 88' lang='lat' dir='ltr'>quod</span> <span class='ocrx_word' id='word_1_139' title='bbox 1958 2403 2017 2463; x_wconf 91' lang='lat' dir='ltr'>in</span> <span class='ocrx_word' id='word_1_140' title='bbox 2067 2403 2217 2465; x_wconf 90' lang='lat' dir='ltr'>libro</span> <span class='ocrx_word' id='word_1_141' title='bbox 2264 2402 2631 2464; x_wconf 83' lang='lat' dir='ltr'>coloniarum</span> 
     </span>
     <span class='ocr_line' id='line_1_20' title="bbox 380 2503 2635 2584; baseline 0.001 -22"><span class='ocrx_word' id='word_1_142' title='bbox 380 2503 564 2581; x_wconf 78' lang='lat' dir='ltr'>inest,</span> <span class='ocrx_word' id='word_1_143' title='bbox 625 2522 755 2562; x_wconf 90' lang='lat' dir='ltr'>cum</span> <span class='ocrx_word' id='word_1_144' title='bbox 803 2505 901 2581; x_wconf 84' lang='lat' dir='ltr'>iis,</span> <span class='ocrx_word' id='word_1_145' title='bbox 963 2523 1118 2581; x_wconf 87' lang='lat' dir='ltr'>quae</span> <span class='ocrx_word' id='word_1_146' title='bbox 1164 2505 1409 2565; x_wconf 86' lang='lat' dir='ltr'>aliunde</span> <span class='ocrx_word' id='word_1_147' title='bbox 1456 2506 1651 2582; x_wconf 86' lang='lat' dir='ltr'>colligi</span> <span class='ocrx_word' id='word_1_148' title='bbox 1720 2511 1985 2584; x_wconf 79' lang='lat' dir='ltr'>possunt,</span> <span class='ocrx_word' id='word_1_149' title='bbox 2047 2506 2366 2566; x_wconf 88' lang='lat' dir='ltr'>conveniat</span> <span class='ocrx_word' id='word_1_150' title='bbox 2429 2524 2635 2565; x_wconf 89' lang='lat' dir='ltr'>necne.</span> 
     </span>
     <span class='ocr_line' id='line_1_21' title="bbox 381 2605 2636 2685; baseline 0.001 -21"><span class='ocrx_word' id='word_1_151' title='bbox 381 2608 514 2678; x_wconf 80' lang='lat' dir='ltr'>Quo</span> <span class='ocrx_word' id='word_1_152' title='bbox 560 2605 717 2665; x_wconf 85' lang='lat' dir='ltr'>facto</span> <span class='ocrx_word' id='word_1_153' title='bbox 763 2607 955 2666; x_wconf 88' lang='lat' dir='ltr'>solum</span> <span class='ocrx_word' id='word_1_154' title='bbox 1005 2626 1076 2666; x_wconf 89' lang='lat' dir='ltr'>ea</span> <span class='ocrx_word' id='word_1_155' title='bbox 1119 2607 1464 2667; x_wconf 87' lang='lat' dir='ltr'>adhibenda</span> <span class='ocrx_word' id='word_1_156' title='bbox 1509 2612 1678 2678; x_wconf 87' lang='lat' dir='ltr'>sunt,</span> <span class='ocrx_word' id='word_1_157' title='bbox 1743 2627 1900 2685; x_wconf 85' lang='lat' dir='ltr'>quae</span> <span class='ocrx_word' id='word_1_158' title='bbox 1960 2608 2209 2668; x_wconf 79' lang='lat' dir='ltr'>aliorum</span> <span class='ocrx_word' id='word_1_159' title='bbox 2277 2608 2636 2684; x_wconf 89' lang='lat' dir='ltr'>scriptorum</span> 
     </span>
     <span class='ocr_line' id='line_1_22' title="bbox 380 2708 2636 2788; baseline 0.002 -21"><span class='ocrx_word' id='word_1_160' title='bbox 380 2709 478 2768; x_wconf 89' lang='lat' dir='ltr'>vel</span> <span class='ocrx_word' id='word_1_161' title='bbox 522 2708 825 2769; x_wconf 88' lang='lat' dir='ltr'>titulorum</span> <span class='ocrx_word' id='word_1_162' title='bbox 874 2710 1226 2770; x_wconf 90' lang='lat' dir='ltr'>testimoniis</span> <span class='ocrx_word' id='word_1_163' title='bbox 1272 2710 1657 2788; x_wconf 88' lang='lat' dir='ltr'>respondent.</span> <span class='ocrx_word' id='word_1_164' title='bbox 1719 2741 1801 2750; x_wconf 90' lang='lat'>—-</span> <span class='ocrx_word' id='word_1_165' title='bbox 1869 2711 2052 2772; x_wconf 85' lang='lat' dir='ltr'>Cuius</span> <span class='ocrx_word' id='word_1_166' title='bbox 2106 2711 2192 2770; x_wconf 90' lang='lat' dir='ltr'>rei</span> <span class='ocrx_word' id='word_1_167' title='bbox 2236 2710 2490 2786; x_wconf 85' lang='lat' dir='ltr'>insignia</span> <span class='ocrx_word' id='word_1_168' title='bbox 2535 2709 2636 2771; x_wconf 92' lang='lat' dir='ltr'>do·</span> 
     </span>
     <span class='ocr_line' id='line_1_23' title="bbox 380 2811 2637 2885; baseline 0 -15"><span class='ocrx_word' id='word_1_169' title='bbox 380 2815 657 2872; x_wconf 88' lang='lat' dir='ltr'>cumenta</span> <span class='ocrx_word' id='word_1_170' title='bbox 704 2830 823 2871; x_wconf 92' lang='lat' dir='ltr'>nou</span> <span class='ocrx_word' id='word_1_171' title='bbox 870 2811 1061 2871; x_wconf 88' lang='lat' dir='ltr'>solum</span> <span class='ocrx_word' id='word_1_172' title='bbox 1110 2813 1166 2872; x_wconf 90' lang='lat' dir='ltr'>in</span> <span class='ocrx_word' id='word_1_173' title='bbox 1204 2813 1551 2872; x_wconf 83' lang='lat' dir='ltr'>Mommseni</span> <span class='ocrx_word' id='word_1_174' title='bbox 1599 2812 2023 2873; x_wconf 89' lang='lat' dir='ltr'>dissertatione</span> <span class='ocrx_word' id='word_1_175' title='bbox 2059 2814 2170 2872; x_wconf 88' lang='lat' dir='ltr'>iam</span> <span class='ocrx_word' id='word_1_176' title='bbox 2221 2811 2482 2885; x_wconf 87' lang='lat' dir='ltr'>laudata,</span> <span class='ocrx_word' id='word_1_177' title='bbox 2530 2811 2637 2871; x_wconf 89' lang='lat' dir='ltr'>sed</span> 
     </span>
     <span class='ocr_line' id='line_1_24' title="bbox 379 2912 2639 2991; baseline 0 -19"><span class='ocrx_word' id='word_1_178' title='bbox 379 2913 553 2972; x_wconf 86' lang='lat' dir='ltr'>etiam</span> <span class='ocrx_word' id='word_1_179' title='bbox 598 2912 659 2971; x_wconf 90' lang='lat' dir='ltr'>in</span> <span class='ocrx_word' id='word_1_180' title='bbox 707 2914 920 2988; x_wconf 79' lang='lat' dir='ltr'>quavis</span> <span class='ocrx_word' id='word_1_181' title='bbox 966 2913 1238 2989; x_wconf 89' lang='lat' dir='ltr'>corporis</span> <span class='ocrx_word' id='word_1_182' title='bbox 1283 2915 1744 2991; x_wconf 86' lang='lat' dir='ltr'>inscriptionum</span> <span class='ocrx_word' id='word_1_183' title='bbox 1793 2920 1965 2990; x_wconf 82' lang='lat' dir='ltr'>parte</span> <span class='ocrx_word' id='word_1_184' title='bbox 2012 2915 2248 2985; x_wconf 84' lang='lat' dir='ltr'>insunt,</span> <span class='ocrx_word' id='word_1_185' title='bbox 2296 2917 2362 2973; x_wconf 87' lang='lat' dir='ltr'>ut</span> <span class='ocrx_word' id='word_1_186' title='bbox 2405 2913 2480 2973; x_wconf 91' lang='lat' dir='ltr'>de</span> <span class='ocrx_word' id='word_1_187' title='bbox 2525 2914 2639 2974; x_wconf 90' lang='lat' dir='ltr'>hac</span> 
     </span>
     <span class='ocr_line' id='line_1_25' title="bbox 380 3014 2638 3091; baseline 0.001 -19"><span class='ocrx_word' id='word_1_188' title='bbox 380 3033 444 3073; x_wconf 84' lang='lat' dir='ltr'>re</span> <span class='ocrx_word' id='word_1_189' title='bbox 491 3014 691 3073; x_wconf 88' lang='lat' dir='ltr'>multis</span> <span class='ocrx_word' id='word_1_190' title='bbox 737 3015 930 3073; x_wconf 87' lang='lat' dir='ltr'>verbis</span> <span class='ocrx_word' id='word_1_191' title='bbox 978 3033 1132 3091; x_wconf 89' lang='lat' dir='ltr'>opus</span> <span class='ocrx_word' id='word_1_192' title='bbox 1178 3034 1294 3075; x_wconf 93' lang='lat' dir='ltr'>non</span> <span class='ocrx_word' id='word_1_193' title='bbox 1345 3017 1436 3074; x_wconf 89' lang='lat' dir='ltr'>sit.</span> <span class='ocrx_word' id='word_1_194' title='bbox 1516 3046 1604 3056; x_wconf 93' lang='lat'><strong>—</strong></span> <span class='ocrx_word' id='word_1_195' title='bbox 1668 3016 1804 3090; x_wconf 79' lang='lat' dir='ltr'>Qua</span> <span class='ocrx_word' id='word_1_196' title='bbox 1865 3015 1938 3076; x_wconf 90' lang='lat' dir='ltr'>de</span> <span class='ocrx_word' id='word_1_197' title='bbox 1994 3034 2174 3075; x_wconf 87' lang='lat' dir='ltr'>eausa</span> <span class='ocrx_word' id='word_1_198' title='bbox 2219 3016 2430 3076; x_wconf 91' lang='lat' dir='ltr'>librum</span> <span class='ocrx_word' id='word_1_199' title='bbox 2478 3017 2638 3076; x_wconf 89' lang='lat' dir='ltr'>illum</span> 
     </span>
     <span class='ocr_line' id='line_1_26' title="bbox 378 3116 2637 3197; baseline 0.001 -21"><span class='ocrx_word' id='word_1_200' title='bbox 378 3135 624 3195; x_wconf 88' lang='lat' dir='ltr'>prorsus</span> <span class='ocrx_word' id='word_1_201' title='bbox 656 3116 888 3176; x_wconf 82' lang='lat' dir='ltr'>abicere</span> <span class='ocrx_word' id='word_1_202' title='bbox 918 3118 1219 3197; x_wconf 86' lang='lat' dir='ltr'>proposui,</span> <span class='ocrx_word' id='word_1_203' title='bbox 1267 3117 1547 3191; x_wconf 84' lang='lat' dir='ltr'>colonias,</span> <span class='ocrx_word' id='word_1_204' title='bbox 1596 3137 1745 3195; x_wconf 88' lang='lat' dir='ltr'>quas</span> <span class='ocrx_word' id='word_1_205' title='bbox 1785 3119 2059 3195; x_wconf 82' lang='lat' dir='ltr'>Augusto</span> <span class='ocrx_word' id='word_1_206' title='bbox 2091 3118 2315 3190; x_wconf 85' lang='lat' dir='ltr'>tribuit,</span> <span class='ocrx_word' id='word_1_207' title='bbox 2358 3118 2472 3179; x_wconf 86' lang='lat' dir='ltr'>hoc</span> <span class='ocrx_word' id='word_1_208' title='bbox 2504 3119 2637 3179; x_wconf 88' lang='lat' dir='ltr'>loco</span> 
     </span>
     <span class='ocr_line' id='line_1_27' title="bbox 381 3219 2634 3282; baseline 0 -2"><span class='ocrx_word' id='word_1_209' title='bbox 381 3238 874 3280; x_wconf 86' lang='lat' dir='ltr'>commemorasse</span> <span class='ocrx_word' id='word_1_210' title='bbox 913 3221 1056 3280; x_wconf 89' lang='lat' dir='ltr'>satis</span> <span class='ocrx_word' id='word_1_211' title='bbox 1087 3219 1311 3280; x_wconf 83' lang='lat' dir='ltr'>habeo:</span> <span class='ocrx_word' id='word_1_212' title='bbox 1358 3219 1683 3280; x_wconf 86' lang='lat' dir='ltr'>Graviscae</span> <span class='ocrx_word' id='word_1_213' title='bbox 1714 3222 1977 3282; x_wconf 85' lang='lat' dir='ltr'>Acerrae</span> <span class='ocrx_word' id='word_1_214' title='bbox 2002 3221 2202 3282; x_wconf 86' lang='lat' dir='ltr'>Atella</span> <span class='ocrx_word' id='word_1_215' title='bbox 2225 3223 2634 3282; x_wconf 88' lang='lat' dir='ltr'>Beneventum</span> 
     </span>
     <span class='ocr_line' id='line_1_28' title="bbox 381 3322 2636 3398; baseline 0 -14"><span class='ocrx_word' id='word_1_216' title='bbox 381 3322 590 3398; x_wconf 81' lang='lat' dir='ltr'>Capua</span> <span class='ocrx_word' id='word_1_217' title='bbox 643 3322 865 3384; x_wconf 85' lang='lat' dir='ltr'>Cumae</span> <span class='ocrx_word' id='word_1_218' title='bbox 922 3322 1231 3382; x_wconf 89' lang='lat' dir='ltr'>Liternum</span> <span class='ocrx_word' id='word_1_219' title='bbox 1291 3322 1554 3382; x_wconf 87' lang='lat' dir='ltr'>Nuceria</span> <span class='ocrx_word' id='word_1_220' title='bbox 1602 3324 1950 3383; x_wconf 85' lang='lat' dir='ltr'>Constantia</span> <span class='ocrx_word' id='word_1_221' title='bbox 1995 3325 2264 3384; x_wconf 89' lang='lat' dir='ltr'>Teanum</span> <span class='ocrx_word' id='word_1_222' title='bbox 2311 3323 2636 3385; x_wconf 85' lang='lat' dir='ltr'>Sidicinum</span> 
     </span>
     <span class='ocr_line' id='line_1_29' title="bbox 380 3423 726 3484; baseline -0.006 0"><span class='ocrx_word' id='word_1_223' title='bbox 380 3423 726 3484; x_wconf 83' lang='lat' dir='ltr'>Venafrum.</span> 
     </span>
    </p>

    <p class='ocr_par' dir='ltr' id='par_1_6' title="bbox 380 3527 2638 3688">
     <span class='ocr_line' id='line_1_30' title="bbox 552 3527 2638 3605; baseline 0.004 -24"><span class='ocrx_word' id='word_1_224' title='bbox 552 3527 794 3582; x_wconf 83' lang='lat' dir='ltr'>Strabo</span> <span class='ocrx_word' id='word_1_225' title='bbox 842 3530 900 3604; x_wconf 84' lang='lat'>4,</span> <span class='ocrx_word' id='word_1_226' title='bbox 947 3530 1001 3588; x_wconf 92' lang='grc'>6.</span> <span class='ocrx_word' id='word_1_227' title='bbox 1037 3531 1069 3586; x_wconf 86' lang='grc'><strong>7</strong></span> <span class='ocrx_word' id='word_1_228' title='bbox 1118 3528 1305 3587; x_wconf 86' lang='lat' dir='ltr'>solam</span> <span class='ocrx_word' id='word_1_229' title='bbox 1369 3527 1639 3588; x_wconf 89' lang='lat' dir='ltr'>nominat</span> <span class='ocrx_word' id='word_1_230' title='bbox 1706 3527 1999 3588; x_wconf 85' lang='lat' dir='ltr'>coloniam</span> <span class='ocrx_word' id='word_1_231' title='bbox 2060 3528 2392 3605; x_wconf 84' lang='lat' dir='ltr'>Augustam</span> <span class='ocrx_word' id='word_1_232' title='bbox 2452 3529 2638 3589; x_wconf 86' lang='lat' dir='ltr'>Prae·</span> 
     </span>
     <span class='ocr_line' id='line_1_31' title="bbox 380 3629 611 3688; baseline 0 0"><span class='ocrx_word' id='word_1_233' title='bbox 380 3629 611 3688; x_wconf 86' lang='lat' dir='ltr'>toriam.</span> 
     </span>
    </p>

    <p class='ocr_par' dir='ltr' id='par_1_7' title="bbox 381 3730 2638 3896">
     <span class='ocr_line' id='line_1_32' title="bbox 551 3730 2638 3810; baseline 0.005 -25"><span class='ocrx_word' id='word_1_234' title='bbox 551 3730 977 3799; x_wconf 86' lang='lat' dir='ltr'>Pomponius</span> <span class='ocrx_word' id='word_1_235' title='bbox 1023 3733 1210 3788; x_wconf 77' lang='lat' dir='ltr'>Mela</span> <span class='ocrx_word' id='word_1_236' title='bbox 1254 3730 1355 3805; x_wconf 89' lang='lat' dir='ltr'>(ed</span> <span class='ocrx_word' id='word_1_237' title='bbox 1403 3731 1693 3810; x_wconf 74' lang='lat' dir='ltr'>Pal-they)</span> <span class='ocrx_word' id='word_1_238' title='bbox 1748 3734 1823 3792; x_wconf 92' lang='lat'>11.</span> <span class='ocrx_word' id='word_1_239' title='bbox 1875 3736 1972 3805; x_wconf 86' lang='lat'>58,</span> <span class='ocrx_word' id='word_1_240' title='bbox 2020 3737 2100 3795; x_wconf 89' lang='lat'>64</span> <span class='ocrx_word' id='word_1_241' title='bbox 2157 3733 2331 3794; x_wconf 88' lang='lat' dir='ltr'>modo</span> <span class='ocrx_word' id='word_1_242' title='bbox 2374 3738 2497 3794; x_wconf 89' lang='lat' dir='ltr'>tres</span> <span class='ocrx_word' id='word_1_243' title='bbox 2543 3752 2638 3795; x_wconf 89' lang='lat' dir='ltr'>co-</span> 
     </span>
     <span class='ocr_line' id='line_1_33' title="bbox 381 3834 1775 3896; baseline -0.001 -2"><span class='ocrx_word' id='word_1_244' title='bbox 381 3834 575 3894; x_wconf 86' lang='lat' dir='ltr'>lonias</span> <span class='ocrx_word' id='word_1_245' title='bbox 622 3835 815 3893; x_wconf 86' lang='lat' dir='ltr'>novit:</span> <span class='ocrx_word' id='word_1_246' title='bbox 861 3835 1095 3894; x_wconf 86' lang='lat' dir='ltr'>Mutina</span> <span class='ocrx_word' id='word_1_247' title='bbox 1138 3836 1407 3896; x_wconf 85' lang='lat' dir='ltr'>Bononia</span> <span class='ocrx_word' id='word_1_248' title='bbox 1451 3836 1775 3896; x_wconf 81' lang='lat' dir='ltr'>Fanestris.</span> 
     </span>
    </p>

    <p class='ocr_par' dir='ltr' id='par_1_8' title="bbox 380 3938 2639 4221">
     <span class='ocr_line' id='line_1_34' title="bbox 550 3938 2639 4013; baseline 0.004 -22"><span class='ocrx_word' id='word_1_249' title='bbox 550 3938 992 3993; x_wconf 81' lang='lat' dir='ltr'>Ptolemaeus</span> <span class='ocrx_word' id='word_1_250' title='bbox 1063 3941 1348 4013; x_wconf 88' lang='lat' dir='ltr'>quattuor</span> <span class='ocrx_word' id='word_1_251' title='bbox 1420 3938 1612 3998; x_wconf 89' lang='lat' dir='ltr'>decim</span> <span class='ocrx_word' id='word_1_252' title='bbox 1696 3939 1895 3999; x_wconf 85' lang='lat' dir='ltr'>habet.</span> <span class='ocrx_word' id='word_1_253' title='bbox 2022 3938 2207 3999; x_wconf 87' lang='lat' dir='ltr'>Cuius</span> <span class='ocrx_word' id='word_1_254' title='bbox 2294 3939 2639 4000; x_wconf 91' lang='lat' dir='ltr'>testimonia</span> 
     </span>
     <span class='ocr_line' id='line_1_35' title="bbox 380 4038 2637 4117; baseline 0 -17"><span class='ocrx_word' id='word_1_255' title='bbox 380 4040 552 4101; x_wconf 91' lang='lat' dir='ltr'>nobis</span> <span class='ocrx_word' id='word_1_256' title='bbox 598 4038 816 4099; x_wconf 89' lang='lat' dir='ltr'>nullius</span> <span class='ocrx_word' id='word_1_257' title='bbox 862 4040 1139 4100; x_wconf 90' lang='lat' dir='ltr'>momenti</span> <span class='ocrx_word' id='word_1_258' title='bbox 1172 4043 1328 4117; x_wconf 88' lang='lat' dir='ltr'>sunt,</span> <span class='ocrx_word' id='word_1_259' title='bbox 1375 4040 1512 4116; x_wconf 89' lang='lat' dir='ltr'>quia</span> <span class='ocrx_word' id='word_1_260' title='bbox 1551 4041 1711 4100; x_wconf 89' lang='lat' dir='ltr'>inter</span> <span class='ocrx_word' id='word_1_261' title='bbox 1742 4041 2080 4117; x_wconf 87' lang='lat' dir='ltr'>Augustum</span> <span class='ocrx_word' id='word_1_262' title='bbox 2122 4046 2180 4100; x_wconf 89' lang='lat' dir='ltr'>et</span> <span class='ocrx_word' id='word_1_263' title='bbox 2227 4059 2357 4101; x_wconf 89' lang='lat' dir='ltr'>eum</span> <span class='ocrx_word' id='word_1_264' title='bbox 2392 4042 2637 4101; x_wconf 91' lang='lat' dir='ltr'>nimium</span> 
     </span>
     <span class='ocr_line' id='line_1_36' title="bbox 384 4142 1277 4221; baseline 0.001 -20"><span class='ocrx_word' id='word_1_265' title='bbox 384 4142 667 4221; x_wconf 89' lang='lat' dir='ltr'>temporis</span> <span class='ocrx_word' id='word_1_266' title='bbox 712 4142 968 4218; x_wconf 86' lang='lat' dir='ltr'>spatium</span> <span class='ocrx_word' id='word_1_267' title='bbox 1014 4142 1277 4203; x_wconf 88' lang='lat' dir='ltr'>interest.</span> 
     </span>
    </p>
   </div>
   <div class='ocr_carea' id='block_1_6' title="bbox 384 4258 787 4268">
    <p class='ocr_par' dir='ltr' id='par_1_9' title="bbox 384 4258 787 4268">
     <span class='ocr_line' id='line_1_37' title="bbox 384 4258 787 4268; baseline 0 603"><span class='ocrx_word' id='word_1_268' title='bbox 384 4258 787 4268; x_wconf 95' lang='lat' dir='ltr'> </span> 
     </span>
    </p>
   </div>
   <div class='ocr_carea' id='block_1_7' title="bbox 560 4302 2349 4376">
    <p class='ocr_par' dir='ltr' id='par_1_10' title="bbox 560 4302 2349 4376">
     <span class='ocr_line' id='line_1_38' title="bbox 560 4302 2349 4376; baseline 0.002 -19"><span class='ocrx_word' id='word_1_269' title='bbox 560 4307 600 4368; x_wconf 89' lang='lat'>¹)</span> <span class='ocrx_word' id='word_1_270' title='bbox 637 4302 708 4358; x_wconf 86' lang='lat' dir='ltr'>cf.</span> <span class='ocrx_word' id='word_1_271' title='bbox 747 4305 1048 4360; x_wconf 81' lang='lat' dir='ltr'>Mommsen</span> <span class='ocrx_word' id='word_1_272' title='bbox 1085 4303 1275 4360; x_wconf 88' lang='lat' dir='ltr'>enchir</span> <span class='ocrx_word' id='word_1_273' title='bbox 1312 4309 1359 4361; x_wconf 82' lang='lat'>2.</span> <span class='ocrx_word' id='word_1_274' title='bbox 1394 4323 1448 4375; x_wconf 87' lang='lat' dir='ltr'>p.</span> <span class='ocrx_word' id='word_1_275' title='bbox 1486 4310 1616 4375; x_wconf 78' lang='lat'>69¹3</span> <span class='ocrx_word' id='word_1_276' title='bbox 1652 4304 1793 4376; x_wconf 85' lang='lat' dir='ltr'><strong>Eph.</strong></span> <span class='ocrx_word' id='word_1_277' title='bbox 1829 4306 2021 4375; x_wconf 85' lang='lat' dir='ltr'>Epigr.</span> <span class='ocrx_word' id='word_1_278' title='bbox 2059 4304 2114 4359; x_wconf 92' lang='lat'>11</span> <span class='ocrx_word' id='word_1_279' title='bbox 2150 4321 2203 4374; x_wconf 89' lang='lat' dir='ltr'>p.</span> <span class='ocrx_word' id='word_1_280' title='bbox 2231 4309 2349 4360; x_wconf 81' lang='grc'><strong>227.</strong></span> 
     </span>
    </p>
   </div>
  </div>
 </body>
</html>
