3166 4871
1002 367 1088 422 De
1116 366 1326 421 nomin.
1362 366 1421 421 in
1457 385 1619 433 -αιος,
1689 372 1723 435 S
1760 374 1809 423 6.
2449 375 2525 436 21

300 550 407 621 est,
454 552 518 604 ut
565 545 641 604 ad
692 550 855 607 certa
902 546 1191 623 quaedam
1238 565 1437 607 rerum
1481 565 1708 641 genera
1738 547 2129 625 significanda
2159 547 2533 629 adhibeatur,

290 649 608 724 praecipue
678 650 877 708 locum
946 646 1007 722 (i.
1052 668 1102 708 e.
1167 648 1241 708 ad
1288 649 1587 709 vocabula
1644 651 1970 727 periectica
2029 669 2183 727 quae
2243 657 2532 713 vocantur

291 748 595 825 fingenda)
671 756 730 810 et
790 751 1265 810 instrumentum.
1372 752 1607 811 Neutra
1692 751 2123 830 significatione
2203 758 2531 830 usurpatur

291 869 457 925 αιον,
492 858 749 931 utraque
780 855 1125 930 saepissime
1158 870 1326 933 ηιον,
1361 859 1429 913 ut
1462 838 1809 934 ἀνδρήιον,
1843 838 2138 935 ἆρχήιον,
2174 844 2530 935 γναφήιον,

288 944 633 1033 μαντήιον,
679 945 1090 1036 πορθμήιον,
1146 946 1590 1036 πρυτανήιον,
1642 945 2008 1036 χαλκήιον.·
2082 943 2380 1036 ἀγγήιον,
2427 950 2528 1039 ἐρ-

292 1047 589 1137 γαλήιον,
637 1047 1045 1137 κηλωνήιον,
1091 1049 1477 1139 κηρυκήιον,
1521 1048 1833 1138 πορήιον,
1878 1049 2287 1139 πορθμήιον,
2332 1050 2527 1140 σημή-

291 1176 411 1217 ιον.
507 1161 719 1238 Itaque
766 1149 1096 1240 τρόπαιον
1143 1161 1442 1239 significat
1486 1163 1722 1238 signum
1769 1161 1844 1222 de
1891 1162 2144 1222 hostium
2193 1162 2337 1240 fuga
2394 1155 2531 1236 (ἐπὶ

288 1259 363 1338 τῇ
407 1259 550 1321 τῶν
595 1255 926 1322 ἐναντίων
971 1261 1211 1341 τροπῇ)
1269 1267 1562 1343 positum,
1620 1254 1953 1343 τροπήιον
2002 1264 2085 1334 (ἰιι
2134 1284 2253 1351 uno
2297 1268 2529 1326 tantum

290 1364 681 1443 Hipponactis
744 1365 916 1443 frgm.
964 1364 1042 1423 57
1094 1365 1244 1443 ng.
1291 1388 1385 1446 ap.
1430 1368 1579 1427 Poll.
1626 1369 1714 1445 X,
1772 1364 1848 1424 75
1912 1367 2239 1441 servatum)
2305 1368 2531 1429 instru-

290 1473 545 1528 mentum
592 1468 667 1527 ad
714 1487 836 1528 rem
885 1469 1209 1546 quamlibet
1252 1468 1668 1548 torquendam,
1712 1471 2125 1549 premendam,
2169 1473 2203 1530 i.
2235 1490 2285 1530 e.
2331 1474 2527 1532 torcu-

288 1571 375 1629 lar
427 1570 619 1635 (Curt.
666 1572 760 1631 Et.
819 1590 875 1630 n.
922 1567 1102 1649 633)3
1178 1567 1444 1650 δοχαϊος
1515 1577 1608 1633 est
1664 1572 2003 1651 excipiens,
2068 1567 2361 1650 (δοχεῑον
2406 1572 2527 1647 vel)

285 1663 561 1752 δοχήιον
606 1674 786 1733 Anth.
819 1672 877 1751 6,
907 1670 988 1731 66
1034 1675 1202 1734 locus
1249 1676 1345 1735 vel
1387 1693 1494 1734 vas
1539 1694 1661 1753 quo
1707 1675 1850 1753 quid
1885 1676 2211 1754 excipitur-3
2259 1662 2530 1755 ὓδραῖος

284 1774 541 1847 (infimae
575 1777 934 1837 Graecitatis
980 1776 1357 1855 vocabulum,
1402 1781 1492 1837 est
1535 1779 1690 1837 enim
1737 1797 1833 1856 ap.
1865 1776 2205 1855 Olympiod.
2249 1779 2307 1838 in
2341 1777 2530 1839 Bekk.
2637 1839 2648 1848 ,

285 1897 373 1938 au.
418 1899 477 1956 p.
534 1858 711 1956 12126,
756 1879 951 1939 Nicet.
997 1898 1133 1939 ann.
1171 1878 1223 1957 1,
1267 1877 1330 1952 5)
1376 1881 1709 1958 aquatione,
1752 1868 2038 1967 ὑδρήιον
2083 1880 2375 1941 Herodoti
2417 1901 2528 1959 pro

280 1983 458 2041 attico
504 1969 781 2060 ὑδρεῖον
826 1981 1057 2058 hydria.
1144 1981 1371 2043 Eadem
1444 1984 1880 2042 terminationis
1947 1999 2099 2062 ηιον
2163 1988 2380 2043 natura
2438 1987 2529 2045 est

282 2085 453 2142 etiam
498 2063 955 2162 ὶηἜλκήιον
1024 2085 1186 2160 quod
1234 2086 1330 2145 vel
1374 2086 1529 2144 vasis
1590 2086 1845 2145 alicuius
1906 2104 2098 2161 genus
2156 2070 2254 2145 {el
2312 2087 2527 2146 instru-

284 2187 811 2247 mentum.navale
858 2185 1189 2263 significat,
1252 2205 1435 2263 quum
1497 2173 1842 2258 ὃλκαῖος
1901 2189 1977 2247 sit
2037 2187 2197 2264 quod
2244 2188 2529 2268 trahitur3

278 2289 382 2348 sed
444 2288 655 2350 eadem
724 2308 844 2367 qua
899 2275 1182 2368 ὁλκήιον
1242 2288 1676 2365 significatione
1738 2309 2168 2368 nonnunquam
2241 2291 2528 2352 traditum

281 2395 368 2451 est
413 2378 726 2464 ὁλκαῑον,
790 2409 989 2471 neque
1035 2390 1109 2453 de
1157 2393 1486 2472 veriloquio
1533 2396 1801 2469 constat,
1857 2392 1929 2453 cf.
1975 2392 2132 2453 infra
2175 2412 2220 2454 s.
2263 2412 2320 2454 v.
2364 2393 2399 2465 ξ
2446 2390 2526 2454 73

280 2495 375 2554 ubi
442 2495 637 2556 fusius
697 2513 769 2556 ea
829 2495 904 2555 de
966 2515 1029 2555 re
1088 2493 1561 2575 disputabitur.¹)
1609 2529 1620 2540 ν
1673 2498 1872 2574 Atque
1928 2483 2209 2576 ὁλκήιον
2255 2516 2291 2557 a
2334 2498 2527 2574 poetis

276 2601 507 2658 tantum
561 2603 908 2675 usurpatum
956 2603 1049 2658 est
1092 2599 1261 2659 metri
1331 2599 1391 2657 ni
1437 2598 1615 2658 fallor
1661 2616 1867 2659 causa:
1939 2601 2196 2678 prosaici
2244 2599 2529 2661 dixerunt

276 2687 574 2770 ὃλκεῑον,
619 2701 725 2761 sed
772 2701 951 2760 etiam
997 2701 1154 2778 apud
1201 2706 1413 2778 poetas
1459 2703 1609 2761 haec
1655 2703 1844 2762 forma
1888 2703 2109 2780 legitur
2153 2699 2433 2775 (Philem.
2463 2705 2524 2763 et

275 2804 558 2864 Menand.
604 2823 697 2880 ap.
729 2804 881 2864 Poll.
919 2801 1013 2882 10,
1050 2800 1183 2864 176.
1228 2805 1407 2882 Epig.
1439 2824 1533 2882 ap.
1566 2805 1703 2866 Ath.
1743 2803 1838 2882 11,
1870 2800 2096 2875 480A).
2184 2805 2377 2866 Etiam
2410 2823 2523 2882 pro

275 2895 559 2984 δοχήιον
595 2906 755 2983 quod
799 2911 890 2967 est
933 2907 1095 2984 apud
1131 2895 1413 2967 Damoch.
1437 2907 1620 2967 Anth.
1651 2908 1775 2967 Pal.
1789 2903 1846 2986 6,
1876 2905 1957 2965 63
1991 2914 2051 2969 et
2080 2909 2250 2968 Paul.
2295 2907 2400 2969 Sil.
2444 2908 2525 2969 ib.

275 3005 373 3086 66,
419 3010 520 3069 alii
573 3009 767 3078 (Alex.
789 3009 994 3087 Aphr.,
1023 3007 1235 3083 Sirac.)
1279 3009 1509 3070 habent
1538 3005 1824 3088 δοχεῑον,
1870 3029 1979 3087 pro
2029 2998 2304 3089 ὑδρήιον
2334 3012 2522 3071 Hero-

275 3112 453 3172 doteo
503 3098 779 3191 ὑδρεῖον
825 3112 951 3172 Pol.
996 3113 1152 3171 Plut.
1196 3112 1392 3173 Strab.
1478 3114 1692 3190 Itaque
1740 3132 1921 3189 quum
1968 3112 2142 3173 etiam
2191 3101 2525 3190 νυμφήιος

274 3232 390 3273 non
439 3232 578 3274 cum
627 3219 962 3290 νυμᾳατος
1006 3213 1109 3274 sed
1156 3233 1289 3275 cum
1336 3205 1680 3291 νύμφειος,
1723 3204 1993 3294 βορήιος
2037 3234 2157 3274 non
2190 3233 2323 3274 cum
2370 3213 2524 3291 βορ-

274 3323 463 3394 ραῑος
512 3315 618 3376 sed
667 3336 798 3376 cum
830 3306 1093 3396 βόρειος
1136 3336 1471 3396 congruere
1517 3316 1693 3377 modo
1741 3318 2081 3395 viderimus,
2125 3316 2246 3377 duo
2291 3322 2524 3378 tantum

273 3425 506 3480 restant
552 3420 848 3480 vocabula
905 3419 978 3480 de
1025 3420 1242 3496 quibus
1306 3422 1622 3498 quisquam
1677 3422 1871 3498 possit
1924 3420 2223 3499 dubitare,
2290 3412 2331 3478 δ
2343 3437 2521 3499 ραχ-

272 3510 524 3601 μήιος
573 3515 1027 3601 δραχμαῑος
1072 3525 1132 3581 et
1176 3509 1568 3603 ὕμενήιος
1620 3509 2031 3601 ὑμέναιος.
2124 3520 2523 3595 Quamobrem

450 3675 503 3679 ο,
562 3671 621 3692 ,τ

451 3758 494 3820 ¹)
514 3752 635 3808 His
672 3752 971 3807 additurus
1007 3768 1153 3807 eram
1192 3748 1499 3822 σημήιον
1534 3771 1637 3822 pro
1674 3760 1930 3822 σημεῖον,
1967 3760 2025 3808 et
2061 3750 2360 3822 σημαία,
2411 3767 2524 3822 quo

274 3838 553 3892 vocabulo
600 3853 635 3892 a
688 3852 869 3891 rerum
908 3837 1278 3891 Romanarum
1339 3837 1710 3907 scriptoribus
1764 3838 1959 3909 Polyb.
1999 3839 2164 3893 Dion.
2205 3838 2329 3892 Hal.
2374 3837 2523 3892 Plut.

274 3921 660 3990 significantur
696 3922 862 3992 signa
898 3923 1266 3976 Romanorum
1302 3923 1589 3978 militaria:
1646 3924 1747 3979 sed
1787 3923 2251 3994 Dittenbergerus
2285 3939 2373 3979 me
2409 3939 2522 3979 mo·

272 4006 414 4072 nuit,
452 4007 755 4076 genuinam
791 4007 1053 4062 vocabuli
1090 4007 1317 4061 somnam
1354 4023 1481 4063 esse
1518 4007 1729 4077 σημεία
1755 4010 1874 4064 sive
1900 4004 2104 4079 σημέα,
2142 4024 2286 4078 quae
2313 4008 2523 4064 formae

273 4092 516 4161 scriptae
552 4092 910 4147 inveniantur
943 4094 1001 4145 in
1036 4093 1247 4161 optimo
1285 4093 1510 4164 Polybii
1555 4094 1749 4150 codice
1789 4095 2059 4149 Vaticano
2114 4100 2170 4147 et
2225 4095 2278 4147 in
2335 4108 2523 4148 monu-

272 4185 465 4231 mento
501 4176 824 4248 Ancyrauo,
897 4179 1071 4243 Quam
1108 4177 1181 4232 ob
1205 4193 1317 4232 rem
1356 4177 1459 4231 hoc
1494 4180 1618 4233 loco
1649 4180 1720 4233 de
1758 4178 1861 4234 hoc
1897 4179 2173 4234 vocabulo
2207 4193 2319 4232 non
2357 4192 2523 4246 agen-

275 4261 403 4316 dum
442 4273 555 4316 est:
616 4263 687 4317 de
726 4263 1023 4317 formarum
1074 4260 1281 4331 σημειά
1334 4257 1522 4330 σημέα
1558 4262 1775 4332 σημαία
1811 4263 2201 4319 vicissitudine
2247 4262 2392 4316 infra
2440 4261 2523 4315 di-

274 4361 391 4400 cam
431 4351 465 4416 §
508 4355 581 4404 13.
