3166 4871
2492 318 2618 379 255

380 486 438 546 d.
498 486 615 547 div.
661 492 718 562 2,
763 490 1033 550 63—65
1099 488 1172 547 de
1219 487 1559 549 Calchantis
1621 508 1694 549 ex
1752 507 1998 550 numero
2051 508 2356 566 passerum
2411 492 2615 551 vatici-

381 591 621 649 natione
680 589 982 666 disputat,
1038 595 1145 651 aut
1204 589 1280 649 de
1335 591 1425 649 his
1471 592 1674 651 verbis
1727 588 1929 662 (Tusc.
1982 596 2034 668 1,
2081 589 2208 663 65):
2291 593 2623 670 „Fingebat

382 691 557 751 haec“
603 690 1035 768 (Ganymedem
1082 698 1334 773 propter
1377 692 1622 752 formam
1671 713 1707 752 a
1751 693 1842 753 dis
1886 702 2122 771 raptum
2164 692 2320 766 esse)
2372 695 2623 766 „Home-

379 812 481 854 rus
539 800 600 853 et
658 794 920 854 humana
976 794 1054 854 ad
1116 795 1260 855 deos
1306 796 1737 856 tlansferebat:
1814 797 2017 857 divina
2065 797 2296 858 mallem
2341 798 2421 857 ad
2465 799 2619 859 nos.“

380 897 472 956 Ne
540 914 682 957 vero
748 896 950 973 inique
1016 896 1091 957 de
1159 897 1445 958 Cicerone
1501 898 1875 975 judicemus,
1956 899 2458 960 considerandum
2532 906 2624 960 est

379 999 702 1075 plerosque
765 1003 997 1059 veteres
1063 1001 1392 1074 scriptores
1459 999 1709 1060 eandem
1787 1000 1860 1059 de
1928 1001 2188 1061 Homero
2263 1003 2618 1063 sententiam

380 1100 687 1178 amplexos
726 1118 880 1161 esse:
944 1104 1196 1161 maxime
1244 1108 1441 1162 autem
1486 1103 1774 1179 plurimos
1813 1103 2180 1163 Graecorum
2211 1104 2622 1181 philosophos,

380 1220 532 1279 quos
591 1204 654 1263 in
716 1205 839 1264 suis
899 1203 974 1263 de
1036 1204 1409 1281 philosophia
1465 1205 1633 1265 libris
1693 1206 1902 1266 Cicero
1962 1205 2352 1283 sequebatur,
2415 1206 2622 1268 solitos

379 1322 512 1365 csse
556 1312 824 1366 veterum
870 1314 1181 1385 poetarum
1231 1307 1463 1367 fabulas
1507 1312 1613 1367 aut
1654 1309 2025 1385 argumentis
2071 1328 2108 1367 a
2152 1309 2382 1369 ratione
2421 1309 2621 1385 petitis

380 1406 655 1469 refellere
711 1414 842 1486 aut,
913 1410 965 1468 si
1021 1410 1140 1470 ullo
1200 1409 1372 1470 modo
1429 1410 1557 1469 fieri
1613 1415 1883 1487 poterat,
1958 1410 2034 1470 ad
2079 1429 2245 1470 suam
2292 1410 2621 1472 doctrinam

382 1508 730 1570 firmandam
803 1511 1107 1572 adhibere.
1215 1513 1391 1572 Velut
1449 1509 1505 1571 d‘.
1565 1512 1728 1572 deor.
1784 1519 1904 1573 nat.
1968 1517 2020 1583 1,
2073 1517 2151 1573 41
2216 1513 2278 1574 C.
2342 1513 2625 1593 Vellejus,

379 1613 482 1689 qui
513 1614 758 1691 Epicuri
802 1614 1136 1674 doctrinam
1166 1612 1499 1674 defendens
1538 1613 1862 1691 inducitur,
1907 1613 2306 1693 Chrysippum
2336 1616 2622 1676 acerrime

380 1717 675 1792 exagitat,
738 1717 902 1794 quod
953 1716 1217 1777 secundo
1276 1736 1384 1777 suo
1445 1716 1520 1776 de
1577 1722 1794 1777 natura
1852 1718 2098 1778 deorum
2166 1717 2319 1778 libro
2380 1717 2625 1796 Orphei,

381 1818 600 1889 Musei,
643 1819 925 1898 Hesiodi,
985 1821 1229 1879 Homeri
1289 1819 1537 1880 fabellas
1597 1820 2049 1880 accommodare
2105 1819 2358 1879 voluerit
2409 1818 2487 1878 ad
2532 1839 2622 1897 ea,

380 1939 534 1996 quae
592 1924 718 2000 ipse
777 1923 965 1999 primo
1023 1921 1178 1982 libro
1241 1921 1315 1981 de
1378 1920 1470 1982 dis
1529 1920 1960 1981 immortalibus
2028 1920 2296 1981 dixisset.
2408 1922 2622 1999 Itaque

382 2022 606 2101 Cicero,
649 2042 781 2083 cum
828 2025 954 2099 ipse
999 2042 1242 2101 quoque
1291 2024 1440 2083 tales
1481 2023 1873 2098 cogitationes
1904 2024 2163 2083 Homero
2198 2023 2432 2095 tribuit,
2478 2024 2625 2084 nihil

380 2124 557 2203 fecit,
626 2143 804 2203 quam
861 2131 928 2185 ut
979 2125 1453 2185 doctissimorum
1535 2126 1900 2186 Graecorum
1979 2124 2468 2186 consuitudinem
2533 2144 2625 2186 se-

381 2223 784 2303 quei·etur⁶⁵).
892 2226 1136 2301 Quanta
1202 2234 1401 2287 autem
1467 2228 1526 2286 in
1595 2245 1667 2288 eo
1734 2227 1917 2288 fuerit
1981 2227 2228 2287 Homeri
2293 2225 2627 2306 admiratio,

384 2330 614 2405 melius,
659 2348 835 2406 quam
881 2346 954 2389 ex
991 2328 1258 2405 judiciis,
1304 2329 1590 2406 cognosci
1637 2333 1841 2405 potest
1885 2347 1961 2389 ex
2005 2347 2109 2403 eo,
2170 2327 2351 2405 quod,
2394 2334 2463 2391 ut
2496 2330 2624 2407 jam

382 2449 568 2510 supra
610 2429 833 2492 dictum
878 2441 988 2508 est,
1032 2432 1357 2508 permultos
1402 2450 1477 2492 ex
1520 2430 1795 2492 omnibus
1835 2430 1963 2492 fere
1995 2429 2198 2491 Iliadis
2230 2433 2289 2490 et
2319 2429 2626 2510 Odysseae

383 2534 653 2610 partibus
701 2554 909 2595 versus
955 2542 1059 2594 aut
1103 2535 1334 2596 Graece
1379 2542 1484 2595 aut
1527 2535 1741 2597 Latine
1787 2532 2147 2611 protulitw).
2251 2533 2387 2608 Qua
2441 2552 2519 2595 ex
2561 2552 2627 2595 re

554 2735 622 2799 ⁰⁶)
655 2730 751 2786 Ad
777 2747 859 2798 ea,
895 2747 1036 2801 quae
1062 2733 1132 2785 de
1156 2731 1396 2786 Homero
1419 2732 1677 2800 exposui,
1712 2727 1782 2785 cf.
1806 2730 1875 2784 H.
1902 2729 2173 2797 Walther‚
2197 2729 2268 2784 de
2291 2729 2626 2798 scriptorum

381 2818 755 2872 Romanorum
794 2833 976 2886 usque
1011 2817 1081 2870 ad
1119 2815 1427 2885 Vergilium
1464 2816 1666 2871 studiis
1703 2814 2028 2870 Homericis.
2073 2818 2220 2869 1867.

550 2921 620 2984 ⁰⁰)
654 2918 927 2986 Equidem
963 2918 1064 2972 hos
1099 2916 1325 2971 inveni:

1143 3002 1194 3052 1.
1253 3001 1491 3052 Graece
1524 3000 1870 3051 afferuntur

381 3089 683 3157 (interdum
703 3088 901 3142 leviter
915 3087 1113 3141 mutati
1125 3093 1225 3140 aut
1242 3086 1531 3140 memoriae
1553 3086 1719 3153 lapsu
1737 3088 1837 3138 aut
1847 3091 2075 3152 propter
2093 3084 2365 3140 enuntiati
2376 3080 2630 3151 formam)

1257 3175 1301 3225 1.
1371 3171 1469 3223 Ex
1517 3169 1757 3224 Iliade.

492 3263 546 3326 1)
585 3263 628 3324 1,
671 3263 765 3312 174
799 3262 991 3312 et175
1028 3286 1096 3295 -
1130 3255 1204 3310 ad
1238 3254 1364 3310 fam.
1401 3259 1449 3322 3,
1487 3260 1534 3325 7,
1571 3260 1620 3308 6.

488 3348 546 3409 2)
580 3348 627 3410 2,
665 3347 763 3397 298
798 3372 866 3381 -
901 3341 973 3395 ad
1008 3341 1135 3395 Att.
1169 3345 1218 3407 6,
1255 3345 1305 3409 5,
1342 3344 1389 3394 2.

488 3433 547 3497 3)
582 3432 629 3495 2,
665 3432 764 3482 674
797 3433 892 3495 (--
931 3431 1008 3494 17,
1046 3429 1174 3495 28⁰3
1210 3424 1312 3481 Od.
1355 3430 1433 3492 11,
1470 3430 1598 3492 4703
1633 3424 1766 3480 ibid.
1805 3427 1930 3491 551)
1967 3455 2032 3463 -
2067 3423 2138 3477 ad
2174 3426 2294 3479 Att.
2336 3429 2413 3492 16,
2449 3430 2499 3494 5,
2534 3429 2582 3480 5.

487 3518 542 3581 4)
582 3520 629 3581 4,
668 3517 764 3567 182
799 3523 893 3581 (.—=
926 3517 975 3579 8,
1017 3514 1134 3578 150)
1169 3541 1238 3550 —
1272 3510 1345 3564 ad
1381 3511 1445 3576 Q.
1482 3510 1547 3564 fr.
1585 3515 1634 3577 3,
1671 3515 1721 3578 9,
1764 3513 1816 3579 13
1851 3510 1924 3563 ad
1958 3509 2085 3564 Att.
2121 3516 2170 3574 9,
2207 3515 2256 3579 9,
2292 3515 2340 3564 3.

488 3603 546 3665 5)
579 3604 629 3665 5,
664 3603 763 3653 428
799 3605 857 3653 et
892 3602 990 3652 429
1025 3626 1094 3638 -
1128 3596 1201 3651 ad
1235 3596 1357 3651 Att.
1400 3600 1478 3664 14,
1517 3601 1596 3663 13,
1633 3599 1682 3649 2.

490 3687 546 3750 6)
583 3689 631 3752 6,
671 3689 760 3738 181
801 3714 870 3722 -
904 3683 977 3738 ad
1012 3681 1137 3738 Att.
1175 3686 1222 3749 2,
1264 3686 1341 3747 16,
1380 3685 1427 3736 4.

489 3773 546 3837 7)
583 3775 631 3838 6,
667 3772 766 3822 2118
802 3798 869 3807 —
903 3767 977 3822 ad
1012 3766 1140 3822 fam.
1182 3771 1259 3834 13,
1303 3771 1381 3833 15,
1420 3769 1481 3834 23
1516 3764 1591 3819 ad
1625 3765 1688 3831 Q.
1723 3763 1791 3819 fr.
1831 3769 1879 3832 3,
1916 3769 1946 3818 5
1982 3765 2075 3832 (al.
2112 3767 2187 3833 6),
2222 3768 2270 3819 4.

490 3861 544 3922 8)
581 3859 629 3923 6,
668 3859 766 3909 236
802 3884 869 3892 -
905 3853 977 3906 ad
1013 3851 1140 3907 Att.
1177 3857 1225 3917 6,
1270 3857 1309 3919 1,
1347 3854 1427 3905 22.
2686 3890 2691 3899 .

489 3945 546 4010 9)
580 3947 627 4009 6,
664 3943 765 3994 442
799 3949 891 4006 (=
925 3936 1351 4006 22,105)-ad
1387 3937 1509 3992 Att.
1535 3940 1583 4004 2,
1619 3941 1668 4003 5,
1710 3941 1762 4005 ¹3
1799 3940 1848 4005 7,
1889 3939 1932 4004 1,
1966 3939 2233 4004 437,12,
2269 3939 2330 4004 33
2367 3941 2414 4004 8,
2456 3939 2535 4002 16,
2572 3939 2631 4004 2;

699 4031 777 4094 13,
819 4031 895 4092 13,
933 4029 990 4092 ²3
1033 4029 1109 4092 13,
1146 4027 1228 4078 24.

464 4117 546 4178 10)
585 4118 632 4174 7,
667 4116 733 4167 93
767 4141 838 4149 -
870 4109 943 4164 ad
979 4107 1107 4166 Att.
1142 4113 1191 4176 6,
1232 4111 1275 4175 1,
1311 4111 1404 4176 233
1441 4112 1521 4176 16,
1563 4111 1642 4174 11,
1679 4113 1728 4161 6.

461 4202 547 4266 11)
581 4202 629 4265 9,
667 4199 901 4251 228-30
936 4225 1006 4235 -
1039 4193 1112 4248 ad
1147 4191 1271 4247 Att.
1312 4196 1390 4258 14,
1432 4197 1509 4258 13,
1551 4196 1598 4246 1.

466 4287 547 4349 12)
580 4289 629 4351 9,
664 4287 763 4336 524
801 4312 867 4320 -
901 4281 972 4335 ad
1011 4280 1132 4334 Att.
1169 4284 1217 4348 7,
1259 4284 1335 4346 ιι,
1373 4285 1422 4332 3.

2124 4378 2227 4432 17*
