3166 4871
2519 274 2641 337 393

570 449 798 524 Digest,
842 448 1083 507 XXXII.
1133 451 1211 508 23
1259 446 1569 507 commoda
1615 446 1918 523 primipili.

572 552 778 625 Veget.
823 550 896 609 11.
944 555 1055 610 21:
1125 569 1179 607 v.
1239 568 1423 625 supra
1478 548 1709 607 infinita
1755 550 2079 609 commoda.
2190 551 2262 608 11.
2307 553 2376 610 8:
2446 551 2642 624 primi-

398 653 557 729 pilus
615 657 913 728 tamquam
962 658 1143 728 caput
1195 652 1377 710 totius
1442 653 1696 728 legionis
1761 652 1971 710 merita
2032 651 2517 728 consequebatur
2584 656 2645 712 et

400 755 724 815 commoda.

570 857 703 930 Quo
735 863 1012 932 spectant
1042 875 1249 915 omnes
1289 856 1423 915 illae
1468 856 1860 933 primipilatus
1891 856 2145 916 laudes?
2192 875 2331 916 num
2365 857 2642 916 salarium

401 961 765 1018 centurionis
810 959 1090 1035 primipili
1134 963 1368 1018 tantum
1417 959 1601 1018 fuisse
1663 965 1978 1034 putamus,
2039 964 2102 1018 ut
2169 959 2434 1030 „infinita
2492 979 2644 1019 com-

404 1061 612 1120 moda“
665 1065 825 1120 recte
872 1061 1323 1137 appellaretur?
1398 1062 1531 1120 Hoc
1577 1067 1904 1138 propterea
1946 1080 2158 1138 parum
2191 1063 2505 1122 verisimile
2538 1069 2647 1139 est,

402 1163 545 1240 quia
601 1163 999 1240 primipilatus
1058 1164 1213 1222 sicut
1267 1166 1447 1222 ceteri
1508 1163 1740 1240 gradus
1807 1165 2218 1222 centurionum
2286 1182 2394 1238 per
2465 1165 2645 1224 breve

402 1267 685 1341 temporis
731 1268 985 1343 spatium
1034 1237 1070 1324 a
1114 1265 1363 1341 singulis
1409 1265 1858 1324 administratus
1891 1284 2023 1325 esse
2065 1263 2302 1324 videtur
2329 1262 2401 1337 ¹3)
2448 1285 2646 1342 neque

401 1367 730 1445 putandum
789 1371 908 1438 est,
983 1368 1261 1444 primipili
1324 1368 1612 1428 salarium
1677 1369 1866 1445 majus
1935 1367 2123 1426 fuisse
2183 1386 2359 1443 quam
2421 1368 2644 1428 tribuni

403 1471 686 1545 legionis),
746 1470 904 1545 quod
966 1471 1141 1529 tertio
1205 1470 1443 1546 quidem
1509 1472 1753 1530 saeculo
1817 1471 1911 1530 HS
1958 1469 2121 1529 XXV
2168 1471 2223 1528 N
2286 1468 2644 1540 (sestertium

406 1573 617 1649 viginti
660 1574 931 1648 quinque
980 1573 1137 1630 milia
1185 1570 1512 1639 nummum)
1559 1572 1745 1632 fuisse
1793 1577 2042 1631 constat.
2068 1570 2140 1644 ¹⁴)

576 1675 665 1733 De
727 1676 859 1733 aliis
920 1681 1118 1733 autem
1176 1675 1499 1734 commodis
1564 1675 1928 1734 centurionis
1975 1674 2251 1750 primipili
2299 1675 2450 1733 nihil
2495 1694 2647 1734 com·

405 1778 665 1853 perimus
712 1795 785 1836 ex
817 1783 1084 1836 veterum
1135 1778 1409 1853 scriptis;
1453 1778 1597 1853 quid
1646 1779 1706 1836 in
1740 1778 1935 1837 animo
1961 1777 2296 1836 'habuerint
2327 1779 2649 1854 scriptores

406 1880 491 1937 illi
555 1899 626 1938 ex
687 1879 976 1938 Martialis
1033 1880 1234 1939 verbis
1294 1879 1337 1936 1.
1386 1884 1461 1940 31
1535 1885 1697 1938 recte
1759 1880 2011 1954 intelligi
2056 1884 2284 1954 potest:
2353 1880 2650 1954 „praemia

408 1980 598 2039 meriti
629 1980 814 2055 pili“;
861 1982 1140 2055 praemia,
1187 1999 1344 2056 quae
1394 1981 1676 2040 militibus
1722 2000 1854 2040 cum
1901 1981 2153 2040 honesta
2197 1982 2478 2041 missione
2522 1982 2649 2041 dari

406 2082 697 2159 solebant,
756 2083 1137 2142 centuriones
1185 2083 1410 2160 majora
1456 2091 1824 2159 acceperunt
1870 2102 2046 2159 quam
2097 2084 2311 2143 milites
2356 2085 2648 2160 gregarii;

407 2185 508 2260 qui
576 2203 715 2244 vero
784 2203 987 2243 omnes
1057 2184 1397 2243 militiarum
1469 2186 1704 2245 scholas
1769 2191 2173 2263 percurrerat,
2241 2188 2297 2244 in
2369 2188 2649 2246 missione

413 2291 747 2363 „tamquam
808 2295 989 2363 caput
1043 2288 1224 2346 totius
1286 2287 1535 2363 legionis
1594 2290 1802 2347 merita
1863 2289 2346 2364 consequebatur
2393 2293 2452 2347 et
2497 2307 2648 2347 com-

408 2389 634 2448 moda.“
745 2389 983 2463 Quanta
1039 2388 1262 2449 fuerint
1321 2389 1471 2450 haec
1529 2391 1798 2467 praemia
1854 2389 2174 2450 Suetonius
2251 2392 2421 2451 nobis
2492 2391 2652 2468 dicit,

410 2636 462 2687 p.
509 2625 624 2671 120:
678 2620 883 2681 „laetas
920 2637 1021 2688 pro
1069 2622 1271 2687 lentas,
1319 2626 1380 2673 ut
1428 2621 1660 2674 duorum
1711 2621 1968 2674 similium
2009 2621 2304 2675 verborum
2357 2622 2652 2675 cumulatio

408 2704 696 2770 tollatur⁵⁸3
748 2704 877 2758 mihi
916 2720 984 2759 ex
1022 2706 1195 2760 laetas
1232 2707 1412 2759 lentas
1450 2718 1776 2773 corruptum
1814 2722 1939 2760 esse
1979 2722 2168 2773 parum
2207 2706 2504 2760 verisimile
2541 2714 2653 2774 θείς

412 2790 555 2842 tardi
591 2791 815 2843 ordines
851 2790 889 2843 ii
928 2800 1075 2858 sunt,
1113 2790 1209 2858 qni
1249 2792 1403 2844 tarde
1442 2798 1783 2857 pratereunt,
1823 2792 1971 2844 lenta
2006 2791 2197 2859 aquila
2231 2808 2371 2859 quae
2407 2808 2532 2844 sero
2567 2810 2654 2844 ac-

410 2875 618 2943 cipitur
653 2874 721 2927 cf.
763 2875 1062 2935 „reductus
1099 2876 1171 2929 ad
1209 2876 1510 2941 longiorem
1550 2876 1849 2929 01·dinem.“
1922 2876 2154 2929 Frontin
2194 2877 2436 2943 Strateg.
2476 2877 2568 2929 lv.
2607 2884 2653 2930 6.

408 2965 455 3013 4.
493 2958 564 3013 cf.
600 2959 762 3013 infra.

586 3049 649 3109 ¹³)
690 3062 738 3099 v.
775 3046 1096 3111 Mommsen,
1132 3045 1389 3099 Berichte
1427 3045 1525 3099 der
1562 3046 1629 3099 K.
1655 3044 1843 3099 Siichs.
1870 3045 2178 3099 Gcsellsch.
2207 3047 2305 3099 der
2331 3046 2500 3101 Wiss.
2528 3045 2654 3101 hist.

411 3129 541 3199 phil.
579 3133 772 3184 Classe
818 3134 943 3183 1852
982 3146 1033 3198 p.
1076 3134 1191 3183 240.

586 3219 647 3279 ιιἱ)
688 3216 1054 3269 Centuriones
1094 3215 1147 3268 in
1185 3215 1445 3282 singulis·
1462 3214 1733 3283 gradibus
1759 3231 1871 3269 non
1897 3216 1993 3268 diu
2019 3215 2338 3270 constitisse
2365 3234 2432 3270 ex
2459 3232 2658 3285 magna

409 3300 680 3365 graduum
708 3299 869 3368 copia
907 3331 965 3338 -—
1006 3300 1269 3366 sexageni
1298 3300 1351 3351 iu
1381 3301 1599 3367 legione
1631 3330 1694 3337 -
1727 3316 1959 3367 quornm
1983 3302 2221 3369 aliquam
2249 3308 2460 3371 partem
2489 3318 2672 3356 unns»

411 3386 649 3452 quisque
686 3401 1006 3453 percurrere
1055 3385 1311 3452 debebat,
1347 3385 1686 3439 concludere
1723 3385 1878 3453 licet3
1936 3387 2161 3439 omnino
2198 3402 2484 3441 munerum
2523 3388 2658 3441 mili-

414 3471 609 3523 tarium
648 3471 799 3538 apud
835 3471 1117 3523 Romanos
1155 3486 1421 3523 numerus
1458 3476 1567 3522 tam
1607 3471 1802 3537 ingens
1840 3480 1943 3537 est,
1983 3480 2046 3523 nt,
2094 3471 2241 3524 haud
2279 3473 2451 3526 dubie
2493 3474 2656 3527 breve

412 3562 632 3622 tempus
669 3554 876 3623 singuli
912 3556 965 3607 in
1006 3554 1246 3623 singulis
1284 3555 1672 3622 substiterint3
1721 3554 1776 3607 in
1820 3555 2162 3624 primipilatu
2199 3557 2456 3625 quidem,
2505 3559 2656 3626 quod

411 3639 692 3708 plerisque
730 3645 1033 3693 extremum
1060 3655 1261 3695 munus
1287 3646 1423 3706 erat,
1462 3640 1677 3693 diutius
1704 3656 1801 3693 cos
1827 3642 2162 3694 remansisse
2189 3657 2303 3695 non
2331 3642 2658 3696 incredibile

411 3732 579 3789 esset,
615 3725 748 3792 quin
789 3724 970 3790 etiam,
1008 3725 1056 3778 si
1091 3726 1172 3778 ita
1208 3726 1411 3779 factum
1450 3732 1630 3792 esset,
1669 3742 1872 3792 magno
1910 3727 2197 3781 commodo
2235 3724 2436 3781 fnisset
2470 3745 2654 3781 earum

413 3810 715 3877 legionum,
751 3826 982 3880 quarum
1022 3812 1182 3879 primi
1220 3818 1377 3865 erant
1413 3812 1709 3879 ductore83
1749 3820 1928 3865 tamen
1967 3813 2275 3881 primipilos
2313 3829 2421 3866 non
2450 3814 2659 3867 diutius

415 3895 516 3949 hoc
554 3896 676 3948 loeo
712 3897 1032 3950 constitisse
1070 3904 1232 3965 puto,
1281 3914 1445 3966 quam
1483 3895 1537 3949 in
1592 3898 1792 3951 ceteris
1842 3897 2135 3964 gradibus,
2197 3905 2426 3967 propter
2475 3900 2658 3952 multi·

414 3981 659 4034 tudinem
698 3981 1135 4049 primipilarium,
1171 3981 1285 4050 qni,
1319 3988 1587 4050 qnantum
1617 3983 1840 4049 quidem
1868 3998 1934 4035 ex
1963 3999 2164 4052 magna
2190 3984 2474 4037 titulorum
2500 3986 2662 4053 copia

413 4066 611 4135 conjici
648 4067 797 4133 licet,
855 4066 1007 4119 omni
1044 4077 1293 4135 tempore
1327 4064 1587 4135 fuerunt3
1636 4083 1760 4119 nam
1797 4084 1909 4135 qno
1949 4068 2236 4121 breviores
2275 4077 2434 4122 eraut
2470 4071 2668 4137 singu-⁷

414 4151 589 4204 lorum
612 4151 1016 4221 primipilorum
1043 4153 1373 4217 curationes,
1410 4168 1476 4205 eo
1514 4154 1689 4222 major
1736 4153 1904 4207 tiebat.
1939 4153 2358 4221 primipilarium
2391 4172 2657 4209 numerus

412 4242 581 4305 atque
617 4237 692 4290 ita
730 4236 1041 4291 multidudo
1078 4237 1501 4307 primipilarium
1539 4238 1789 4292 declarat
1827 4239 2148 4294 brevitatem
2187 4240 2581 4310 primipilatns.
