3166 4871
2535 338 2658 396 355

417 532 528 573 nec
587 513 736 572 situs
797 513 1058 590 origines
1123 511 1401 589 persequi
1462 510 1639 570 facile
1700 515 1790 570 est
1848 510 2160 586 'I'ugannis
2204 511 2527 588 Liguribus
2572 509 2663 582 (ut

418 615 598 676 ceteri
647 612 1021 687 omittantur)
1067 633 1212 690 agro
1260 614 1459 673 tricies
1503 611 1696 672 dato.“
1791 614 1884 672 Ab
1931 614 2043 674 hoc
2086 614 2220 674 loco
2265 612 2660 673 exoriundum

416 718 797 795 primumque
874 735 1025 776 cum·
1088 716 1360 792 Zumpt-io
1388 713 1430 785 ¹)
1506 718 1566 775 et
1627 711 2040 785 Detlefsen02)
2114 714 2493 775 statuendum
2574 719 2664 775 cst

416 819 676 880 Plinium
724 837 799 880 ex
844 818 1105 895 Augusti
1153 817 1412 895 quodam
1460 818 1613 878 libro
1660 818 1981 895 sumpsisse

909 920 1356 999 discriptionem
1423 921 1482 980 iu
1557 920 1833 981 undecim
1891 921 2169 998 regiones

910 1022 1133 1101 oppida
1188 1024 1475 1100 vicosque
1533 1023 1594 1083 in
1648 1022 1850 1084 literas
1903 1022 2170 1100 digestos

908 1125 1190 1186 colonias.

420 1231 589 1305 Quae
635 1247 766 1289 cum
814 1228 896 1287 ita
941 1228 1092 1304 sint,
1164 1226 1277 1287 hac
1337 1231 1466 1288 tota
1524 1227 1877 1304 quaestione
1921 1227 2478 1304 supersederemus,
2551 1227 2663 1287 nisi

421 1332 539 1392 dno
586 1330 877 1391 mirabilia
920 1335 1328 1390 occurrerent.
1418 1330 1685 1389 Primum
1732 1330 1845 1390 hoc
1885 1333 1992 1407 est,
2037 1328 2197 1406 quod
2229 1328 2486 1407 Augusti
2517 1328 2665 1390 liber

422 1432 662 1510 quidem
708 1433 767 1492 in
817 1434 1132 1491 auctorum
1181 1430 1376 1491 indice
1431 1431 1562 1491 libri
1609 1433 1767 1491 tertii
1830 1435 1947 1491 nat.
1995 1432 2125 1492 hist.
2183 1431 2547 1509 nominatur,
2605 1433 2663 1492 in

421 1536 573 1596 libro
619 1535 797 1595 tertio
843 1536 974 1612 ipso
1022 1539 1221 1594 autem
1270 1533 1360 1594 his
1407 1533 1643 1595 duobus
1689 1535 1834 1595 locis
1877 1537 1913 1604 ξ
1958 1539 2039 1595 46
2086 1540 2146 1594 et
2189 1535 2224 1604 ξ
2260 1539 2358 1613 17,
2401 1535 2475 1595 dc
2521 1553 2666 1612 quo·

419 1656 551 1697 rum
597 1638 784 1698 altero
832 1655 968 1698 mox
1012 1638 1350 1697 accuratius
1397 1636 1655 1715 dicetur3
1702 1642 1764 1697 at
1805 1638 2076 1716 Agrippa
2121 1639 2466 1715 saepissime
2511 1657 2663 1698 com-

421 1746 804 1811 memoratur,
868 1742 917 1801 si
978 1741 1054 1801 de
1116 1745 1409 1800 terrarum
1475 1744 1672 1800 tractu
1734 1746 1793 1800 et
1856 1758 2136 1800 mensura
2191 1758 2385 1800 sermo
2433 1745 2539 1800 est.
2581 1769 2667 1780 —

424 1844 590 1905 Alter
652 1843 749 1903 hic
806 1843 972 1903 locus
1032 1843 1333 1902 invenitur
1380 1843 1414 1913 ξ
1451 1847 1560 1917 17,
1623 1861 1742 1919 quo
1788 1843 2019 1902 Plinius
2079 1842 2155 1902 de
2202 1843 2462 1902 numeris
2507 1861 2667 1903 men-

422 1964 695 2006 surarum
741 1945 1015 2021 diversis,
1060 1946 1163 2021 qui
1208 1944 1281 2004 de
1330 1944 1662 2020 Hispaniae
1708 1944 2031 2020 provinciis
2078 1943 2436 2021 produntur,
2480 1963 2667 2021 agens

424 2066 639 2108 causas
683 2049 876 2117 affert,
922 2065 1030 2106 cur
1074 2051 1369 2106 terrarum
1415 2050 1648 2106 tractus
1706 2051 1965 2106 mutatus
2019 2047 2123 2123 sit,
2183 2049 2243 2105 et
2303 2047 2388 2112 sic
2441 2046 2668 2124 pergit:

427 2149 794 2228 „Agrippam
841 2148 1079 2226 quidem
1127 2147 1187 2208 in
1233 2152 1400 2208 tanta
1458 2150 1570 2207 viri
1644 2148 1952 2225 diligentia
2011 2152 2366 2227 praeterque
2429 2150 2488 2209 in
2554 2149 2668 2209 hoc

422 2272 602 2330 opere
648 2270 810 2326 cura,
856 2269 989 2311 cum
1037 2251 1238 2311 orbem
1285 2254 1580 2312 terrarum
1631 2251 1760 2310 urbi
1813 2250 2204 2326 spectandum
2249 2252 2669 2329 propositurus

364 2396 369 2402 -
423 2361 608 2426 esset,
676 2372 907 2415 errasse
976 2355 1109 2431 quis
1169 2352 1377 2413 credat
1439 2359 1496 2412 et
1557 2372 1690 2413 cum
1753 2370 1824 2413 eo
1887 2352 2086 2412 divum
2160 2354 2543 2431 Augustum?
2618 2354 2668 2414 is

424 2478 679 2537 namque
725 2458 1090 2534 complexam
1139 2475 1274 2517 eum
1326 2457 1624 2534 porticum
1682 2476 1753 2515 ex
1801 2456 2199 2517 destinatione
2244 2461 2305 2517 et
2350 2462 2667 2519 comment·

423 2562 561 2621 ariis
622 2562 698 2621 M.
742 2560 1051 2638 Agrippae
1113 2578 1149 2619 a
1206 2576 1410 2619 sorore
1471 2560 1601 2619 eius
1647 2559 1982 2620 inchoatam
2030 2558 2314 2637 peregit.“
2410 2561 2502 2620 Ex
2548 2579 2669 2637 quo

421 2668 674 2741 apparet
719 2663 1045 2739 Agrippam
1107 2665 1338 2721 tantum
1399 2662 1598 2737 operIs
1653 2668 1950 2739 apparatu
1998 2663 2324 2722 constituto
2371 2666 2669 2722 mortuum

422 2784 571 2844 csse,
616 2764 832 2825 deinde
879 2782 1030 2842 opus
1062 2782 1325 2824 sororem
1361 2764 1586 2823 Pollam
1620 2765 1951 2842 incohasse,
1997 2769 2297 2840 postremo
2329 2765 2666 2840 Augustum

421 2873 524 2928 aut
569 2867 644 2927 ob
690 2868 816 2927 eius
860 2873 1105 2926 mortem
1155 2870 1261 2925 aut
1306 2865 1381 2925 ob
1426 2865 1602 2925 aliam
1652 2884 1889 2925 causam
1937 2865 2281 2925 incohatum
2328 2865 2667 2941 perfecisse.

594 2969 763 3043 Quae
810 2970 855 3027 si
906 2986 1037 3026 cum
1087 2967 1171 3026 eis
1217 2985 1648 3043 comparamus,
1695 2985 1848 3042 quae
1895 2968 1930 3035 ,ξ
1961 2971 2041 3027 46
2088 2967 2315 3043 scripta
2357 2967 2666 3027 inveniun-

421 3076 538 3149 tur,
582 3068 990 3148 quaerendum
1036 3069 1277 3129 videtur
1312 3086 1445 3128 csse
1489 3069 1633 3128 hoc:
1680 3087 1818 3128 num
1853 3073 1987 3144 post
2016 3069 2308 3145 porticum
2341 3069 2665 3145 perfectam

423 3173 829 3234 commentarii
888 3173 973 3231 illi
1036 3171 1177 3232 editi
1243 3172 1363 3231 sint
1422 3190 1617 3248 aeque
1677 3176 1856 3248 atque
1915 3172 2183 3248 porticus
2244 3188 2317 3230 ex
2373 3172 2668 3232 communi

423 3277 755 3355 principum
819 3275 1023 3336 labore
1085 3275 1242 3335 orti?
1318 3293 1455 3334 num
1519 3273 1575 3332 hi
1634 3274 2038 3333 commentarii
2098 3273 2252 3332 idem
2323 3274 2443 3332 sint
2500 3273 2668 3346 liber,

424 3398 600 3457 quem
632 3378 863 3438 Plinius
907 3377 1018 3437 sub
1048 3378 1354 3453 Agrippae
1401 3377 1639 3436 nomine
1680 3375 1738 3434 in
1770 3375 2185 3452 geographicis
2214 3376 2396 3436 rebus
2423 3375 2670 3436 laudare

422 3481 616 3543 solet?
689 3496 828 3540 num
886 3479 984 3538 hic
1046 3479 1199 3539 liber
1259 3478 1411 3540 idem
1474 3480 1550 3538 sit
1612 3483 1792 3554 atque
1846 3477 1946 3537 ille
2005 3479 2293 3557 Augusti,
2351 3480 2519 3539 cuius
2574 3497 2670 3539 ar·

424 3588 770 3660 gumentum
817 3583 852 3653 ,ξ
885 3587 965 3644 46
1011 3581 1431 3659 significatur?

597 3687 951 3762 Priusquam
996 3688 1192 3744 autem
1241 3682 1317 3743 ad
1377 3684 1625 3762 primam
1685 3684 2093 3760 quaestionem
2156 3683 2529 3745 tractandam
2577 3701 2670 3744 ac-

425 3789 738 3863 cedamus,
797 3806 947 3866 opus
991 3797 1113 3865 est,
1176 3792 1243 3847 ut
1299 3806 1731 3865 cognoscamus
1808 3787 1951 3864 quid
2020 3787 2127 3847 sibi
2190 3787 2333 3847 velit
2392 3787 2492 3846 illa
2551 3806 2671 3847 vox

426 3892 604 3952 Plinii
676 3909 786 3963 „ex
849 3888 1248 3950 destinatione
1307 3896 1367 3950 et
1411 3891 1852 3951 commentariis
1897 3877 2249 3967 Agrippae.“
2337 3889 2672 3966 Philippius

426 3995 600 4072 enim,
644 4012 820 4070 quem
854 3992 1238 4053 Detlefsenus
1285 3997 1526 4053 secutus
1572 4000 1680 4067 est,
1726 3992 1879 4052 hanc
1924 4011 2132 4052 vocem
2181 4010 2298 4051 non
2346 3991 2421 4050 ad
2469 3992 2671 4067 opcris

601 4227 640 4292 ¹)
676 4223 881 4279 Comm.
919 4225 1094 4294 epigr.
1132 4225 1156 4278 1
1193 4240 1247 4292 p.
1292 4227 1402 4277 196.

598 4312 644 4376 ²)
678 4309 713 4363 l.
751 4309 786 4363 1.
823 4326 878 4379 p.
915 4315 995 4364 32.
