3166 4871
559 304 680 364 234

561 496 739 556 quam
788 478 862 538 de
908 479 1145 556 linguae
1176 477 1428 537 Latinae
1473 479 1842 554 praestantia
1885 476 2169 555 disputat.
2253 481 2345 540 Ac
2384 481 2432 540 si
2464 479 2600 559 quis
2628 485 2802 557 putet

558 599 691 640 eum
749 581 902 640 hanc
960 580 1037 640 ob
1097 599 1222 642 rem
1284 580 1429 640 talia
1485 580 1545 639 in
1605 580 1695 640 his
1750 581 2016 656 epistulis
2061 599 2178 641 non
2224 583 2575 660 protulisse,
2635 581 2799 660 quod

559 684 740 743 sciret
782 684 1047 743 Atticum
1111 685 1351 760 linguae
1412 690 1474 742 et
1533 682 1865 743 litterarum
1912 683 2276 744 Graecarum
2330 703 2460 745 esse
2521 685 2800 745 amantis·

556 787 801 864 simum,
859 787 907 845 si
954 785 1100 863 quid
1146 785 1351 863 video,
1409 793 1594 862 erret,
1653 804 1788 845 nam
1836 803 2034 862 neque
2088 785 2241 846 adeo
2286 786 2555 847 Graecus
2600 787 2799 846 factus

557 895 688 948 erat
736 888 1001 958 Atticus,
1064 893 1130 948 ut
1171 887 1386 948 Latina
1439 891 1845 948 contemneret
1868 884 1967 958 ¹⁰),
2042 895 2103 949 et
2163 889 2370 951 Cicero
2430 908 2550 951 nou
2609 888 2795 949 solum

558 990 704 1050 alias
762 1008 859 1050 res
917 990 992 1049 ad
1056 1009 1190 1050 eum
1237 989 1502 1067 scripsit,
1558 1007 1711 1065 quas
1758 990 1916 1049 huuc
1959 990 2206 1050 molesto
2254 992 2461 1052 tulisse
2506 990 2800 1067 suspicari

555 1090 815 1168 licet17),
875 1093 979 1152 sed
1041 1094 1214 1153 etiam
1276 1092 1539 1153 Graecos
1604 1093 1917 1153 occasione
1991 1093 2196 1153 oblata
2255 1095 2313 1153 in
2377 1093 2467 1154 his
2527 1092 2798 1171 epistulis

558 1192 871 1263 derisitw).

728 1314 846 1376 Sed
883 1315 1006 1392 jam
1055 1317 1199 1374 satis
1244 1331 1572 1390 superque,
1633 1312 1777 1390 quid
1823 1313 1898 1374 de
1942 1313 2161 1391 linguis
2204 1313 2437 1374 Graeca
2480 1320 2541 1374 et
2582 1314 2799 1373 Latina

559 1417 764 1477 Cicero
819 1419 1092 1486 sentiret,
1150 1416 1501 1492 exposuisse
1561 1416 1699 1474 mihi
1745 1416 1971 1476 videor.
2056 1416 2573 1494 Progrediendum
2616 1416 2798 1492 igitur

559 1527 651 1579 est
711 1518 787 1579 ad
839 1519 972 1596 ipsa
1030 1518 1337 1578 doctrinae
1391 1536 1616 1594 genera
1672 1525 1855 1595 atque
1911 1520 1994 1578 ita
2038 1537 2133 1578 res
2178 1517 2525 1596 tractanda,
2586 1526 2652 1578 ut
2694 1535 2800 1577 eos

558 1623 810 1682 maxime
876 1621 1043 1681 locos
1102 1639 1233 1681 cum
1306 1620 1380 1679 de
1439 1621 1722 1679 universa
1780 1621 2144 1681 Graecorum
2205 1620 2280 1679 ad
2343 1620 2801 1697 philosophiam,

558 1724 990 1802 eloquentiam,
1049 1723 1354 1783 historiam
1415 1721 1649 1801 indole,
1707 1728 1832 1782 tum
1892 1723 1966 1782 de
2011 1723 2082 1781 iis
2137 1721 2414 1800 Graecis,
2475 1723 2580 1800 qui
2626 1722 2799 1799 quasi

557 1832 837 1887 auctores
883 1831 942 1886 et
983 1826 1288 1903 principes
1332 1824 1703 1902 singulorum
1744 1843 2029 1902 generum
2061 1824 2435 1901 exstiterunt,
2479 1823 2798 1902 proferam,

560 1931 657 1989 ubi
738 1928 1174 2006 quodammodo
1240 1926 1606 1988 Graecorum
1691 1931 1752 1986 et
1818 1928 2218 1989 Romanorum
2293 1928 2797 2005 comparationem

556 2032 879 2093 instituisse
925 2031 1178 2092 videtur.

728 2153 930 2229 Atque
989 2155 1057 2211 ut
1107 2151 1336 2210 initium
1397 2150 1685 2209 faciamus
1752 2169 1789 2209 a
1864 2150 2163 2210 nonnullis
2235 2149 2311 2210 de
2382 2148 2795 2228 philosophiae

558 2256 782 2314 virtute
813 2272 882 2313 ac
914 2253 1204 2328 dignitate
1250 2253 1412 2326 locis,
1458 2253 1603 2313 satis
1649 2251 1890 2312 difficile
1936 2257 2026 2312 est
2064 2254 2409 2313 accuratius
2438 2253 2798 2328 perspicere,

562 2375 718 2435 quae
765 2374 911 2415 vera
956 2356 1260 2416 Ciceronis
1304 2355 1484 2415 fuerit
1529 2355 1759 2432 opinio,
1815 2372 1946 2414 cum
1994 2354 2067 2414 de
2112 2356 2226 2415 hac
2271 2373 2512 2432 quoque
2556 2372 2622 2415 re
2667 2353 2797 2413 aliis

561 2460 707 2519 locis
766 2458 937 2517 aliter
988 2457 1235 2534 Judicet
1339 2457 1470 2516 Hoc
1529 2460 1728 2516 autem
1775 2460 2029 2533 optime,
2084 2458 2131 2515 si
2178 2457 2324 2533 quid
2372 2458 2572 2535 video,
2643 2457 2793 2517 Dru-

563 2577 814 2620 mannus
875 2558 1128 2618 affirmat
1149 2555 1222 2629 ¹⁹)
1283 2559 1335 2616 ei
1348 2601 1365 2634 ‚
1429 2562 1494 2616 ut
1538 2563 1669 2616 erat
1712 2559 2044 2628 Romanus,
2090 2558 2278 2616 multo
2324 2559 2551 2635 majore
2610 2559 2801 2635 gloria

562 2662 807 2739 dignum
854 2679 983 2720 csse
1030 2662 1245 2735 visum,
1304 2659 1408 2735 qui
1463 2659 1560 2718 vel
1606 2658 1765 2717 bello
1811 2659 1909 2717 vel
1952 2676 2101 2735 pace
2145 2658 2404 2735 publicis
2447 2661 2802 2720 muneribus

559 2765 803 2823 functus
861 2764 960 2823 vel
1021 2762 1391 2822 orationibus
1453 2758 1744 2820 habendis
1803 2760 2029 2820 civibus
2086 2761 2292 2820 utilem
2336 2777 2400 2819 se
2445 2766 2801 2837 praestaret,

561 2884 737 2943 quam
786 2865 890 2942 qui
935 2870 1122 2924 totum
1168 2863 1380 2923 litteris
1425 2881 1496 2922 ac
1528 2861 1945 2938 philosophiae
1975 2861 2303 2923 tractandis
2334 2862 2803 2940 excolendisque

557 2987 623 3030 se
669 2968 857 3045 daret,
902 2985 1160 3045 eumque
1203 2967 1372 3027 initio
1405 2964 1640 3043 quidem
1687 2966 1844 3025 hanc
1887 2966 2073 3025 solam
2118 2966 2192 3026 ob
2238 2983 2511 3026 caussam
2551 2964 2627 3025 ad
2672 2966 2800 3043 phi-

559 3071 867 3149 losophiae
922 3070 1123 3129 studia
1177 3070 1529 3140 accessisse,
1594 3067 1754 3144 qnod
1810 3069 1894 3127 ita
1945 3068 2021 3128 ad
2077 3068 2356 3145 majorem
2419 3068 2795 3145 eloquentiae

557 3177 677 3235 vim
723 3192 786 3234 se
832 3190 1290 3251 progressurum
1336 3172 1390 3231 ei
1432 3187 1791 3248 persuasum
1835 3179 2017 3248 esset3
2081 3171 2227 3247 quin
2285 3171 2459 3231 etiam
2507 3169 2797 3248 supremis

557 3278 716 3337 vitae
777 3276 950 3335 annis
1011 3293 1143 3335 eum
1190 3292 1309 3333 non
1354 3280 1475 3333 tam
1519 3272 1772 3348 simplici
1819 3273 2091 3333 veritatis
2136 3272 2430 3333 desiderio
2476 3274 2799 3348 incensum,

559 3397 734 3455 quam
784 3378 953 3453 quia,
1010 3382 1330 3454 postquam
1392 3376 1548 3435 omni
1606 3392 1712 3451 spe
1771 3392 2051 3452 magnum
2110 3373 2340 3452 aliquid
2382 3374 2442 3434 in
2489 3371 2798 3450 republica

557 3479 774 3557 agendi
837 3480 1084 3539 orbatus
1128 3486 1243 3551 est,
1303 3497 1379 3538 ex
1432 3477 1532 3537 illa
1593 3478 1846 3538 maxime
1906 3495 1972 3538 se
2033 3475 2309 3538 solatium
2370 3482 2573 3554 petere
2618 3491 2798 3552 posse

735 3679 800 3742 ¹⁰)
833 3676 891 3730 in
921 3690 1036 3744 eos,
1072 3674 1169 3743 qui
1204 3672 1309 3728 hoc
1334 3670 1607 3741 fecerunt,
1644 3673 1867 3742 saepius
1895 3670 2257 3728 vehementer
2291 3671 2578 3726 invehitur
2602 3671 2799 3726 Cicero

558 3762 629 3817 cf.
666 3762 719 3816 d.
755 3761 850 3815 fin.
916 3766 958 3829 1,
985 3765 1015 3814 4
1051 3767 1110 3815 et
1145 3764 1204 3826 53
1239 3758 1373 3814 ibid.
1419 3762 1478 3812 10
1513 3757 1591 3812 in.

734 3849 801 3914 ¹⁷)
828 3843 897 3901 cf.
922 3845 1010 3901 ad.
1031 3846 1152 3899 Att.
1180 3847 1229 3912 9,
1257 3849 1301 3912 1,
1335 3849 1376 3913 1,
1397 3843 1496 3899 ubi
1521 3859 1666 3913 opus
1692 3859 1855 3898 suum
1884 3843 1953 3898 de
1977 3844 2273 3899 consulatu
2296 3858 2402 3898 suo
2425 3841 2797 3910 conscriptum

558 3938 845 4004 praestare
880 3930 1018 3986 dicit
1050 3930 1151 3998 illi,
1188 3928 1342 3998 quod
1377 3929 1449 3984 de
1484 3928 1678 3983 eadem
1713 3945 1774 3984 re
1810 3925 2046 3984 Atticus
2084 3934 2492 3997 composuerat.

735 4021 798 4084 ¹⁸)
831 4015 901 4071 cf.
937 4016 1023 4071 ad.
1061 4011 1186 4070 Att.
1223 4019 1272 4083 6,
1316 4019 1358 4083 1,
1401 4020 1486 4069 15:
1534 4012 1734 4069 Graeci
1779 4029 1915 4070 vero
1964 4014 2243 4078 exultant,
2289 4012 2439 4081 quod
2486 4011 2798 4080 peregrinis

559 4102 843 4174 judicibus
886 4107 1140 4156 utuntur.
1225 4099 1609 4170 Nugatur-ibus
1646 4099 1896 4170 quidem,
1943 4099 2182 4168 inquies.
2255 4097 2401 4163 Quid
2436 4095 2643 4152 refert?
2696 4095 2799 4149 Ta-

561 4205 684 4244 men
718 4203 779 4243 se
815 4180 1166 4255 αὐτονομίαν
1199 4186 1440 4255 adeptos
1476 4191 1692 4255 putant.

737 4276 798 4341 ¹⁹)
832 4270 904 4328 cf.
939 4273 1120 4328 locum
1146 4272 1264 4342 jam
1301 4287 1472 4341 supra
1507 4271 1730 4325 allatum
1768 4269 1804 4325 l.
1843 4271 1875 4325 l.
1909 4271 2000 4337 Vl,
2025 4272 2156 4339 5263
2190 4266 2324 4323 ibid.
2351 4272 2469 4322 650.
