3166 4871
562 287 682 349 178

551 454 818 539 μεγέθη,
862 454 974 518 καὶ
1032 450 1245 531 τόνοι,
1290 453 1404 517 καὶ
1446 455 1730 535 πνεῦμα,
1788 452 1902 517 καὶ
1953 448 2331 536 προσώπου
2377 454 2497 517 ’καὶ
2547 454 2797 538 χειρῶν

550 557 662 620 καὶ
706 560 833 621 τοῦ
881 559 1127 620 λοιποῦ
1186 549 1490 639 σώματος
1534 544 1797 638 ἀξίωμά
1846 578 1915 618 τε
1964 554 2077 619 καὶ
2135 552 2388 638 ῥυθμοὶ
2436 607 2448 619 .
2499 608 2510 618 .
2561 605 2613 633 .,
2666 563 2793 640 jam

551 669 850 743 pergitur:
898 654 1003 722 διὸ
1047 658 1160 722 καὶ
1203 649 1327 722 τὸν
1357 647 1736 741 Ἰσοκράτην
1781 648 2063 734 εἰκότως
2107 657 2261 738 φασὶ
2307 659 2427 743 τῆς
2454 658 2796 752 πολιτείας

552 751 959 847 ἀποστῆναι·
1008 756 1090 845 νὴ
1136 751 1231 826 Δί’
1277 750 1451 824 ἀλλὰ
1494 759 1923 845 Δημοσθένης
1969 760 2081 824 καὶ
2124 763 2409 844 πρῶτον
2452 758 2629 845 ἔλεγε
2681 760 2794 826 καὶ

553 860 872 948 δεύτερον
933 864 1042 928 καὶ
1088 864 1323 947 τρίτον
1371 857 1538 927 εἶναι
1599 858 1725 946 τὴν
1780 856 2139 949 ὑπόκρισιν
2181 861 2257 927 ἐν
2307 866 2389 945 τῇ
2442 859 2791 948 ῥητορικῇ·

553 971 941 1031 καλλιπτι
972 988 1028 1030 ι(
1060 1017 1074 1031 .
1110 1017 1169 1029 ..
1216 972 1280 1030 se
1316 987 1446 1030 και
1476 982 2041 1051 νεικοστρατος
2069 987 2492 1051 τωφηιωτο
2521 988 2677 1031 παν
2709 965 2793 1030 ἐν

549 1070 973 1157 τραγῳδίᾳ,
1021 1064 1289 1134 λύκων
1321 1058 1470 1135 δ’ἐν
1501 1066 1875 1155 κωμῳδίᾳ
1908 1120 1919 1132 .
1948 1120 1960 1132 .
1988 1121 2001 1133 .
2036 1076 2167 1136 Hoc
2199 1075 2330 1136 loco
2362 1094 2400 1135 a
2430 1073 2644 1136 Grosio
2675 1094 2793 1136 nou

552 1182 715 1240 recte
760 1179 1097 1239 restitutum
1145 1196 1295 1250 esse,
1343 1195 1539 1255 neque
1587 1166 2022 1248 „Ko'cumnog
2067 1163 2484 1257 Ἰσοκράτους
2528 1178 2634 1246 (sc.
2677 1195 2794 1258 μα-

550 1269 786 1362 θητὴς)
816 1275 930 1339 καὶ
959 1270 1418 1360 Νικόστρατος
1448 1271 1705 1359 ἔφησαν
1732 1270 1814 1340 τὸ
1844 1277 1985 1338 πᾶν
2016 1285 2128 1341 etc.
2167 1300 2365 1358 neque
2396 1269 2794 1351 Κάλλιππός

551 1401 622 1442 τε
653 1378 766 1442 καὶ
793 1368 1204 1463 Ἰσοκράτους
1233 1382 1342 1455 (sc.
1369 1371 1701 1464 μαθητὴς)
1732 1372 2217 1464 Ναυσικράτης,
2260 1383 2365 1445 sed
2398 1383 2791 1462 Callippidem

551 1496 611 1547 et
640 1488 1042 1547 Nicostratum
1089 1485 1414 1564 significari
1445 1486 1768 1547 histriones
1812 1487 2074 1565 tragicos
2118 1490 2180 1547 et
2208 1477 2515 1564 Lyconem
2564 1506 2794 1548 comoe-

552 1589 781 1650 diarum
826 1595 1116 1660 actorem‚
1169 1589 1314 1649 illud
1360 1588 1560 1659 docet,
1618 1589 1782 1668 quod
1827 1589 2139 1666 tragoedia
2182 1594 2244 1650 et
2288 1589 2594 1650 comoedia
2640 1591 2794 1650 inter

551 1709 616 1753 se
647 1697 1053 1771 opponuntur,
1083 1691 1466 1769 Lyconisque
1492 1710 1708 1751 nomen
1742 1692 2047 1753 histrionis
2076 1691 2301 1764 comici,
2333 1694 2436 1770 qni
2459 1691 2793 1753 Alexandri

551 1795 893 1856 Macedonis
922 1795 1291 1872 temporibus
1321 1795 1522 1855 floruit
1551 1793 1754 1868 (inser.
1785 1814 1878 1873 ap.
1912 1796 2243 1855 Kohlerum
2274 1796 2311 1855 1.
2344 1796 2378 1855 l.
2409 1796 2515 1867 111,
2547 1816 2605 1874 p.
2637 1798 2793 1872 2463

549 1899 765 1958 Athen.
797 1899 928 1976 XII,
958 1918 1013 1976 p.
1045 1901 1169 1960 538
1193 1898 1250 1975 f„
1295 1898 1448 1957 Plut.
1477 1898 1649 1959 Alex.
1682 1901 1762 1959 29
1809 1903 1871 1958 et
1913 1897 1989 1958 de
2035 1898 2129 1959 Al.
2159 1899 2293 1958 virt.
2325 1899 2398 1976 11,
2432 1896 2511 1969 2).
2589 1898 2787 1958 Verba

544 2001 694 2079 ipsa,
738 2019 993 2078 quorum
1025 2018 1238 2061 sensus
1268 2001 1414 2061 satis
1441 2002 1795 2078 perspicuus
1827 2004 1933 2079 est,
1963 2000 2214 2061 feliciter
2244 2000 2499 2061 fortasse
2530 2001 2790 2061 restituit

549 2102 904 2163 Welckerus
948 2103 985 2162 L
1015 2103 1050 2162 l.
1096 2121 1153 2179 p.
1188 2106 1367 2173 1085,
1424 2104 1598 2162 Anm.
1643 2108 1709 2165 7:
1774 2098 2240 2184 Καλλιππίδης
2286 2096 2357 2161 δὲ
2415 2096 2528 2162 καὶ
2587 2092 2788 2163 Νικό-

544 2217 845 2286 στρατος,
891 2191 1024 2283 ἐγώ
1068 2194 1283 2285 φήσω,
1326 2189 1406 2263 τό
1451 2202 1595 2264 πᾶν
1638 2197 1712 2264 ἐν
1756 2201 2097 2287 τραγῳδίᾳ
2140 2223 2201 2264 κ.
2233 2223 2289 2266 τ.
2322 2203 2379 2264 λ.

715 2308 1037 2369 Videamus
1067 2312 1281 2378 autem,
1327 2326 1484 2384 quae
1513 2313 1826 2386 praeterea
1871 2307 1946 2368 de
1978 2314 2235 2385 utroque
2276 2308 2563 2369 histrione
2597 2309 2789 2370 relata

544 2413 678 2473 sint.
753 2412 927 2471 Anno
958 2413 1084 2473 408
1132 2409 1529 2488 Callippidem
1576 2429 1687 2472 usu
1732 2411 2118 2490 conjunctum
2164 2410 2435 2473 videmus
2465 2428 2599 2472 cum
2631 2412 2787 2472 Alci·

544 2514 733 2584 biade,
781 2533 958 2591 quem
1006 2531 1082 2573 ex
1113 2513 1328 2574 exsilio
1373 2514 1432 2573 in
1478 2515 1732 2591 patriam
1779 2514 2128 2575 redeuntem
2175 2533 2516 2592 magnoque
2545 2518 2785 2593 sumptu

543 2623 602 2677 et
647 2617 791 2676 luxu
838 2616 977 2676 navi
1022 2617 1081 2675 in
1113 2616 1387 2675 Piraeum
1434 2615 1769 2692 ingressum
1814 2634 2044 2677 summo
2089 2616 2243 2678 fovit
2283 2617 2502 2688 studio,
2548 2618 2622 2678 de
2665 2636 2788 2694 qua

541 2737 607 2779 re
653 2719 1016 2779 Plutarchus
1061 2721 1307 2778 auctore
1353 2717 1581 2779 Duride
1627 2716 1825 2778 Samio
1871 2719 1930 2778 in
1977 2719 2081 2779 vit.
2125 2719 2313 2780 Alcib.
2345 2723 2424 2781 32
2472 2720 2621 2781 haec
2665 2724 2784 2780 tra-

542 2822 722 2884 didit:
766 2866 823 2893 „.
860 2867 872 2879 .
909 2866 921 2879 .
955 2804 1189 2880 αὐλεῖν
1231 2814 1355 2899 μὲν
1399 2813 1690 2898 εἰρεσίαν
1732 2826 1874 2891 τοῖς
1934 2805 2296 2881 ἐλαύνουσι
2342 2808 2785 2901 Χρυσόγονον

538 2911 663 2983 τόν
709 2918 1157 3001 Πυθιονίκην,
1203 2911 1501 2982 κελεύειν
1547 2916 1620 2981 δὲ
1652 2918 2129 3004 Καλλιππίδην
2174 2910 2297 2984 τόν
2339 2922 2485 2983 τῶν
2527 2941 2784 3005 τραγῳ-

540 3023 709 3086 διῶν
753 3014 1148 3107 ὑποκριτὴν,
1201 3010 1488 3096 στατοὺς
1530 3019 1640 3085 καὶ
1689 3021 1966 3101 ξυστίδα
2028 3021 2138 3084 καὶ
2193 3017 2319 3087 τὸν
2377 3013 2587 3086 ἄλλον
2639 3021 2785 3087 ἕνα·

537 3114 793 3208 γώνιον
826 3114 1289 3208 ἀμπεχόμενον
1319 3118 1632 3207 κόσμον.“
1680 3128 1902 3189 Eodem
1929 3149 1962 3190 e
1986 3129 2218 3191 Doride
2248 3130 2516 3191 hausisse
2551 3130 2788 3192 videtur

539 3234 890 3293 Athenaeus
936 3233 1063 3303 XII,
1108 3250 1162 3308 p.
1196 3235 1348 3293 535ο
1404 3276 1453 3303 „.
1487 3277 1500 3290 .
1537 3277 1551 3291 .
1583 3226 2053 3312 Καλλιππίδης
2115 3217 2214 3291 δ’ὁ
2259 3222 2607 3312 τραγῳδὸς
2652 3225 2783 3292 ἐκέ-

537 3333 686 3392 λευε
737 3320 862 3414 τὴν
918 3327 1028 3393 ἐπὶ
1072 3330 1192 3414 τῆς
1254 3329 1499 3415 σκηνῆς
1557 3320 1806 3414 στολὴν
1870 3318 2368 3414 ἠμφιεσμένος.“
2456 3336 2782 3397 Plutarcho

540 3437 750 3497 Duridi
809 3436 983 3498 fidem
1051 3456 1170 3497 non
1235 3437 1552 3516 tribuenti,
1630 3439 1773 3515 quia
1833 3457 2031 3515 neque
2086 3438 2518 3517 Theopompus
2586 3457 2782 3517 neque

539 3539 820 3617 Ephorus
864 3558 1063 3618 neque
1093 3540 1427 3616 Xenophon
1469 3540 1543 3600 de
1590 3540 1702 3601 hac
1733 3559 1797 3601 re
1831 3541 2157 3619 quidquam
2203 3542 2547 3603 rettulerint
2589 3560 2784 3620 neque

537 3641 887 3703 convenerit
939 3641 1242 3702 Alcibiadi
1298 3661 1371 3705 ex
1436 3643 1647 3703 exsilio
1709 3643 1915 3704 reduci
1980 3649 2041 3704 et
2098 3662 2355 3705 summas
2416 3645 2782 3706 calamitates

537 3762 825 3823 perpesso
874 3749 1042 3804 tanta
1089 3745 1314 3805 laetitia
1359 3746 1686 3817 exsultare,
1731 3750 2055 3825 propterea
2100 3765 2219 3808 non
2265 3748 2586 3822 assentior,
2640 3749 2782 3825 quia

536 3847 875 3909 Alcibiades
917 3847 1173 3908 libenter
1227 3847 1601 3908 scenicorum
1659 3847 1956 3909 artificum
2015 3853 2218 3927 partes
2280 3851 2589 3928 amplexus
2649 3868 2781 3911 esse

535 3952 801 4013 videtur:
861 3950 1211 4012 Athenaeus
1250 3969 1308 4028 p.
1336 3943 1493 4012 407b
1533 3949 1996 4013 chamaeleonte
2026 3952 2279 4014 Pontico
2311 3957 2556 4014 auctore
2586 3953 2781 4031 Hege-

534 4073 767 4116 mouem
848 4053 1032 4114 tradit
1103 4043 1270 4132 »τὸν
1346 4043 1466 4124 τὰς
1528 4048 1879 4134 παρῳδίας
1946 4041 2394 4134 ποιήσανταῑῑ,
2461 4075 2644 4135 quum
2716 4057 2778 4116 in

523 4156 820 4235 Judieium
881 4160 1098 4218 vocato
1164 4156 1294 4217 dies
1354 4157 1410 4217 ei
1484 4156 1649 4216 dicta
1722 4164 1909 4229 esset,
1983 4160 2365 4236 congregatis
2424 4159 2629 4220 amicis
2701 4158 2779 4219 ad

533 4260 902 4321 Alcibiadem
961 4261 1304 4337 confugisse
1363 4259 1776 4338 auxiliumque
1838 4261 1972 4336 ejus
2029 4262 2345 4339 petivisse3
2407 4281 2584 4339 quem
2648 4280 2778 4321 cum
