3166 4871
1079 1362 1941 1499 CONSPECTUs

1404 1637 1610 1647 ——

1276 1770 1460 1837 Pars
1506 1770 1732 1855 prior.

724 1898 822 1957 De
866 1897 1405 1958 terminationis
1450 1913 1621 1967 αιυς
1665 1896 1912 1956 formis
1958 1896 2282 1956 diversis.
2531 1918 2630 1957 pas·

378 1993 439 2042 1.
542 1992 637 2043 De
671 1993 800 2043 iota
834 1995 979 2044 ante
1011 1992 1292 2044 vocalem
1326 1992 1497 2043 eliso.

592 2076 625 2147 5
664 2081 707 2130 1.
752 2096 815 2131 .α
850 2093 951 2146 pro
989 2096 1045 2131 αι
1082 2077 1140 2131 in
1176 2076 1306 2131 dial.
1345 2077 1511 2132 Lesb.
1549 2083 1609 2131 et
1643 2076 1764 2130 aliis
1852 2114 2459 2129 ........
2603 2079 2624 2127 1

591 2162 624 2231 ς
660 2165 707 2215 2.
778 2181 815 2216 α
851 2178 953 2231 pro
990 2181 1043 2216 m
1083 2163 1140 2216 in
1178 2161 1309 2216 dial.
1348 2159 1542 2216 Attica
1599 2147 1672 2215 .·
1684 2199 2459 2215 ..........
2599 2165 2630 2214 3

588 2250 621 2318 5
656 2252 705 2301 3.
777 2248 847 2302 de
883 2247 1246 2317 diphthongis
1282 2255 1412 2302 ante
1448 2248 1696 2302 vocalem
1734 2246 2006 2315 correptis
2043 2246 2193 2315 apud
2231 2252 2426 2315 poetas
2601 2251 2632 2299 8

591 2333 623 2403 5
659 2337 706 2386 4.
778 2332 923 2387 idem
961 2333 1111 2403 apud
1148 2333 1386 2388 Lesbios
1422 2332 1630 2387 factum
1686 2370 2462 2386 ..........
2575 2334 2631 2384 12

592 2420 625 2488 5
662 2423 709 2473 5.
752 2419 1001 2474 nomina
1036 2418 1092 2474 in
1130 2437 1233 2484 αυς
1266 2433 1408 2489 quae
1444 2418 1602 2489 prius
1639 2437 1694 2472 αι
1734 2417 2050 2473 habuerunt
2109 2457 2461 2472 .....
2570 2418 2632 2469 12

375 2505 466 2556 Π.
537 2506 632 2556 De
667 2507 1097 2558 terminatione
1134 2525 1256 2575 ηιυς
1291 2520 1368 2557 ex
1402 2522 1527 2570 αιυς
1560 2509 1726 2558 nata.

589 2591 621 2661 5
657 2596 705 2645 6.
776 2591 971 2645 Ionum
1008 2611 1099 2660 ηιυ
1135 2607 1419 2661 nunqnam
1453 2606 1521 2660 ex
1556 2606 1692 2646 vera
1727 2590 2107 2646 terminatione
2144 2608 2237 2644 αιυ
2273 2595 2459 2644 natum
2571 2594 2631 2643 19

590 2675 623 2746 5
659 2682 707 2729 7.
780 2676 969 2731 Ionum
998 2695 1088 2746 ηιυ
1126 2691 1195 2731 ex
1233 2681 1367 2732 αῘιυ
1403 2681 1595 2730 natum
1680 2714 2461 2730 ..........
2567 2678 2630 2729 23

591 2761 623 2830 5
659 2766 707 2814 8.
779 2761 1069 2830 Digamma
1105 2762 1244 2817 eliso
1281 2768 1561 2817 servatum
1601 2769 1691 2817 est
1725 2781 1762 2816 α
1798 2769 1928 2817 ante
1963 2779 2018 2815 ιυ
2107 2801 2459 2815 .....
2565 2764 2630 2813 25

590 2846 623 2916 5
658 2851 707 2901 9.
779 2847 885 2912 Qui
921 2848 995 2902 sit
1032 2848 1195 2903 huius
1232 2848 1311 2903 rei
1348 2853 1530 2902 status
1564 2847 1625 2901 in
1662 2847 1792 2901 dial,
1828 2847 2000 2901 attica
2024 2886 2461 2900 ......
2566 2847 2629 2898 27

374 2933 498 2984 m.
569 2932 664 2983 De
699 2935 1203 2986 terminationum
1237 2951 1362 2998 αιυς
1398 2937 1461 2985 et
1498 2952 1615 2998 ειυς
1648 2934 2095 2985 vicissitudine.

590 3017 623 3088 5
668 3023 739 3072 10.
811 3017 1047 3073 Nomina
1087 3021 1145 3074 in
1194 3037 1320 3082 αιυς
1366 3025 1421 3074 et
1473 3036 1592 3083 ειυς
1635 3033 1775 3088 quae
1823 3033 1856 3072 a
1902 3018 2141 3072 diversis
2194 3016 2462 3086 stirpibus

886 3105 1169 3174 pullulant
1254 3141 2460 3158 ...............
2567 3108 2631 3156 30

590 3189 623 3258 5
664 3192 741 3243 11.
814 3190 1049 3244 Nomina
1082 3190 1140 3245 in
1177 3208 1300 3256 αιυς
1334 3193 1391 3245 et
1429 3208 1546 3255 ειυς
1579 3190 1651 3244 ab
1689 3189 1881 3243 eadem
1920 3189 2116 3257 stirpe,
2155 3188 2256 3243 sed
2293 3187 2463 3258 signi-

888 3274 1145 3330 ficatione
1182 3275 1405 3330 diversa
1507 3312 2458 3329 ............
2565 3276 2623 3327 31

594 3360 627 3430 5
668 3363 742 3414 12.
817 3353 986 3415 ὁδαῖα
1022 3366 1078 3415 et
1114 3353 1416 3432 εῧρυόδεια
1509 3398 2461 3415 ............
2567 3362 2632 3413 33

379 3446 495 3498 tv,
531 3446 628 3497 De
664 3463 790 3511 αιυς
827 3449 890 3497 et
927 3464 1020 3511 ευς
1053 3447 1499 3499 alternantibus
1533 3447 1565 3517 5
1605 3450 1683 3501 13.
1725 3452 1778 3499 11
1788 3482 2462 3499 .........
2568 3448 2633 3498 38

377 3532 462 3583 V.
496 3532 906 3583 Examinatur
926 3532 1223 3584 Lobeokfi
1241 3533 1319 3584 de
1335 3533 1659 3594 adjectivis
1677 3534 1741 3584 ln
1762 3536 1893 3596 ευῦς
1909 3531 2260 3600 sententia5
2285 3536 2359 3584 15.
2385 3535 2461 3585 16.
2567 3536 2633 3585 46

377 3617 493 3668 V'L
528 3617 625 3668 De
657 3618 980 3670 vocabulis
1012 3619 1327 3670 Boeotiois
1362 3620 1426 3670 ln
1463 3637 1564 3686 ηυς
1597 3617 1629 3688 5
1656 3624 1714 3672 17
1722 3655 2462 3671 ..........
2567 3620 2629 3670 57

1202 3808 1390 3875 Pars
1435 3807 1824 3892 posterior.

620 3934 721 3994 De
766 3933 1309 3995 terminationis
1353 3951 1531 4006 αιυς
1574 3939 1837 3995 natura
1880 3939 1947 3996 et
1990 3934 2403 4018 generibus.

377 4030 432 4081 1.
470 4047 597 4093 αιος
632 4042 709 4079 ex
744 4032 908 4093 αῙιυς
942 4032 1157 4081 natum
1192 4032 1288 4081 est
1320 4030 1353 4100 5
1394 4031 1614 4084 18-25
1686 4068 2462 4084 ..........
2568 4032 2633 4082 63

382 4115 469 4165 Π.
507 4114 883 4166 'seminatio
922 4132 1048 4180 αιυς
1081 4129 1158 4166 ex
1192 4132 1355 4179 ασιος
1387 4118 1535 4167 nata
1570 4118 1667 4166 est
1699 4115 1732 4185 ξ
1768 4119 1848 4169 26.
1886 4117 1947 4168 27
1955 4154 2463 4169 .......
2568 4117 2627 4166 81

388 4200 507 4251 ΙΠ.
544 4200 640 4251 De
672 4200 992 4252 vocabulis
1024 4201 1090 4251 in
1127 4219 1252 4266 αιυς
1283 4214 1323 4251 ο,
1357 4201 1657 4263 stirpibus
1690 4202 1757 4252 in
1792 4219 1829 4254 α
1865 4201 2161 4253 derivatis
2196 4241 2209 4254 .
2281 4239 2294 4253 .
2365 4239 2377 4253 .
2449 4239 2462 4252 .
2569 4202 2632 4256 87

590 4284 623 4354 5
660 4287 741 4339 28.
814 4285 885 4339 de
924 4285 1089 4340 huius
1125 4287 1348 4355 generis
1383 4286 1661 4341 elassibus
1686 4323 2463 4340 ..........
2569 4288 2632 4337 87

590 4373 622 4440 5
660 4375 899 4425 29-36.
971 4370 1041 4425 de
1084 4385 1364 4441 paragoge
1398 4370 1599 4427 ionica.
1635 4372 1891 4442 epierisis
1927 4369 2196 4426 Lobeekii
2281 4408 2295 4423 .
2365 4407 2379 4423 .
2450 4408 2464 4423 .
2568 4372 2635 4423 88
