3166 4871
581 276 705 337 310

579 466 720 509 num
752 456 867 521 est,
913 467 961 508 c.
994 451 1106 510 39:
1147 449 1354 522 pisces
1384 452 1605 505 vmtare
1634 451 1890 521 oportet,
1939 465 1986 505 e.
2017 452 2131 507 42:
2176 463 2337 519 aqua
2375 449 2593 507 dentes
2622 445 2823 520 habet,

580 570 629 611 e.
659 555 774 613 43:
819 552 996 624 lonqe
1032 550 1226 623 fuqit,
1272 550 1548 623 quisquis
1592 565 1737 607 suos
1761 548 1953 623 βαρεῖ,
1997 553 2077 609 45
2110 548 2233 622 (50,
2265 552 2305 609 8
2351 554 2412 608 et
2456 547 2537 622 9),
2584 553 2664 610 45
2696 548 2821 623 (51,

583 652 714 731 12),
757 659 838 715 46
885 652 1018 730 (52,
1052 651 1142 724 7),
1191 656 1269 713 63
1316 650 1613 728 (74,18),
1662 655 1741 711 64
1789 650 1925 729 (76,
1956 649 2050 728 6),
2096 656 2175 712 66
2223 651 2354 724 (79,
2392 651 2528 728 10),
2575 657 2653 713 76
2701 656 2822 723 (90,

584 761 704 822 19).
759 787 835 797 —
880 756 1085 816 eodem
1149 756 1453 832 pertinent
1514 755 1668 814 aliae
1712 754 2004 832 quaedam
2055 754 2339 831 loquendi
2385 753 2704 832 formulae,
2759 760 2823 814 ιιι

580 880 629 920 c.
674 865 788 920 42:
832 865 1003 918 utres
1060 859 1254 934 inflati
1305 858 1691 917 ambulamus
1798 857 2045 915 minoris
2100 873 2275 931 quam
2328 873 2571 918 muscae
2620 874 2823 916 sumus

579 967 640 1021 et
690 962 979 1021 neminem
1036 961 1193 1020 nihil
1253 958 1391 1019 bom·
1437 961 1660 1033 facere
1704 964 1966 1032 oportet,
2011 978 2059 1019 c.
2099 963 2215 1019 46:
2274 960 2455 1019 habet
2511 961 2665 1020 hoec
2723 976 2822 1019 res

572 1080 793 1138 panem
846 1068 906 1123 et
961 1064 1206 1123 litterae
1249 1062 1605 1121 thesaurum
1650 1068 1779 1133 est,
1825 1080 1874 1119 c.
1919 1066 2030 1121 47;
2086 1078 2254 1121 nemo
2314 1066 2587 1121 nostrum
2629 1062 2821 1121 solide

576 1170 758 1224 natus
802 1169 909 1237 est,
956 1183 1005 1224 e.
1036 1168 1149 1225 59:
1192 1178 1431 1238 semper
1475 1165 1536 1222 in
1583 1164 1704 1223 hac
1747 1180 1833 1235 re,
1881 1165 1984 1236 qui
2028 1164 2318 1235 vincitur,
2365 1164 2583 1237 vineit,
2628 1183 2674 1223 e.
2709 1169 2819 1225 61:

575 1269 769 1327 satius
827 1272 919 1327 est
975 1268 1195 1339 rideri,
1256 1282 1432 1340 quam
1476 1265 1782 1336 derideri,
1843 1284 1894 1324 o.
1938 1267 2050 1326 75:
2111 1266 2423 1326 corcitlum
2479 1271 2598 1338 est,
2660 1267 2823 1340 quod

576 1370 843 1429 homines
882 1370 1062 1443 facit.

745 1491 900 1549 Tum
946 1489 1237 1564 particula
1282 1489 1523 1566 saepius
1568 1487 1894 1564 omittitur,
1955 1488 2003 1546 si
2065 1488 2219 1547 duae
2281 1488 2611 1548 sententiae
2664 1488 2820 1548 inter

577 1610 641 1652 se
686 1590 1080 1668 opponendae
1134 1593 1292 1650 sunt.
1379 1589 1450 1648 ef.
1498 1610 1547 1650 c.
1595 1593 1707 1651 37:
1760 1605 1931 1663 quem
1976 1595 2164 1661 amat,
2224 1595 2425 1658 amat,·
2483 1607 2656 1663 quem
2700 1605 2820 1648 non

575 1700 762 1765 amat,
809 1708 930 1751 non
973 1696 1154 1764 amat,
1202 1711 1249 1751 e.
1281 1690 1390 1754 39:
1438 1690 1780 1764 straboneS,
1827 1691 1931 1765 qui
1975 1692 2187 1750 holera
2230 1697 2529 1765 spectant,
2575 1692 2817 1749 lardum

576 1796 824 1866 tollunt,
871 1813 921 1854 e.
964 1797 1078 1854 44:
1136 1811 1298 1853 nunc
1333 1795 1607 1869 populus
1651 1800 1741 1852 est
1787 1794 1946 1853 domi
1989 1795 2221 1866 leoneS,
2279 1794 2463 1867 foras
2506 1794 2714 1867 vulpes
2756 1798 2816 1852 et

573 1914 742 1957 nemo
779 1897 974 1958 Iovem
1009 1898 1131 1971 pili
1168 1897 1350 1970 facit,
1393 1897 1502 1956 sed
1544 1913 1747 1956 omnes
1790 1897 2028 1971 opertis
2073 1896 2265 1955 oculis
2308 1894 2463 1955 bona
2503 1912 2614 1954 sua
2659 1911 2814 1955 com-

569 2004 805 2074 putant.
912 2004 1094 2059 antea
1148 2001 1409 2059 stolatae
1468 1997 1653 2058 ibant.
1700 2030 1783 2040 —
1829 2017 2011 2075 saepe
2072 1998 2226 2059 tales
2284 2000 2617 2059 sententiae
2676 1999 2816 2057 inei·

572 2103 747 2180 piunt
804 2120 842 2161 a
886 2101 1341 2178 pronominibus
1402 2100 1819 2177 personalibus
1874 2117 2025 2176 eqo,
2087 2105 2188 2175 tu,
2247 2117 2361 2160 nos
2413 2101 2575 2175 aliis,
2635 2118 2817 2178 saepe

572 2206 747 2265 etiam
793 2223 830 2264 a
875 2205 1058 2265 verbo
1103 2220 1255 2276 non,
1320 2204 1420 2264 ubi
1486 2207 1592 2264 aut
1648 2222 1911 2281 persona
1954 2208 2059 2263 ant
2102 2205 2341 2280 negatio
2389 2205 2640 2263 maxime
2686 2221 2817 2280 pre-

570 2306 787 2367 menda
831 2311 937 2366 est.

739 2425 889 2487 Aliis
950 2425 1095 2487 loeis
1141 2426 1438 2503 particula
1480 2426 1700 2485 omissa
1746 2429 1869 2503 est,
1933 2428 2253 2503 propterea
2298 2425 2495 2503 quod,
2540 2426 2589 2485 si
2636 2424 2815 2485 adde-

568 2533 750 2598 retur,
795 2528 914 2586 vim
960 2527 1283 2587 verborum
1331 2528 1642 2603 minueret,
1688 2531 1754 2586 ιιι
1783 2528 1842 2587 in
1876 2527 2443 2587 enumerationibus.
2504 2527 2578 2587 ef.
2623 2546 2672 2587 o.
2705 2531 2813 2589 38:

563 2630 796 2688 solebat
837 2629 928 2687 sic
974 2644 1198 2687 cenare
1242 2629 1532 2702 quomodo
1577 2645 1728 2688 rex:
1771 2644 1961 2701 apros
2003 2636 2420 2702 yausapatos,
2477 2645 2674 2704 opera
2716 2631 2811 2703 pi-

563 2733 775 2804 storia,
820 2732 970 2804 avio,
1016 2746 1209 2804 coco-³,
1246 2731 1539 2805 pistores,
1583 2749 1631 2789 e.
1665 2733 1771 2792 39:
1818 2732 2026 2804 itaque
2071 2732 2341 2804 quisquis
2388 2733 2671 2791 nascitur
2709 2733 2811 2791 illo

564 2832 775 2907 siquo,
834 2834 1028 2892 multa
1079 2849 1317 2908 peoora
1374 2831 1589 2904 habet,
1648 2832 1896 2904 multum
1967 2834 2174 2906 lanae,
2240 2838 2430 2907 caput
2485 2840 2811 2908 praeterea

563 2935 801 3010 durum,
840 2936 1112 3012 frontem
1156 2937 1617 3010 expudoratam,
1665 2951 1914 2994 cornum
1960 2941 2201 2995 acutum
2246 2935 2435 2997 multa
2478 2936 2611 2996 alia.

736 3070 928 3150 Saepe
973 3092 1153 3149 porro
1200 3072 1279 3144 id,
1329 3071 1491 3150 quod
1539 3092 1573 3132 e
1620 3074 1927 3133 nonnullis
1971 3073 2283 3133 sententiis
2330 3072 2806 3134 concludendum

561 3179 670 3252 est,
715 3174 1001 3235 dissolute
1045 3175 1301 3235 additur.
1387 3174 1492 3235 sed
1538 3176 1717 3235 huius
1764 3194 1907 3235 usus
1953 3176 2227 3253 exempla
2269 3177 2489 3236 afferre
2524 3176 2623 3234 vix
2656 3194 2808 3253 opus

562 3278 690 3348 erit,
738 3296 919 3336 unum
967 3277 1163 3337 loeum
1210 3277 1556 3353 exscribam,
1601 3296 1721 3354 quo
1768 3279 1954 3337 verbo
2001 3278 2200 3336 onmia
2236 3279 2566 3355 praemisso
2598 3282 2809 3356 postea

558 3378 830 3455 singulae
874 3396 972 3439 res
1018 3384 1460 3455 enumerantur,
1506 3397 1556 3437 e.
1590 3382 1703 3441 38:
1750 3381 1950 3440 omnia
1997 3381 2156 3439 domi
2198 3385 2597 3441 nascuntur:
2641 3382 2803 3453 lana,

558 3496 760 3552 cerae,
796 3476 1004 3555 piper,
1053 3483 1215 3540 lacte
1257 3482 1671 3555 qallinaoeum
1711 3483 1773 3540 si
1816 3483 2171 3556 quaes-teria,
2220 3484 2502 3544 invenies,

731 3617 954 3677 Contra
997 3617 1509 3693 Naegelsbachius
1555 3618 1615 3677 id
1664 3637 1872 3678 verum
1919 3619 2255 3697 asyndeton
2300 3639 2436 3682 esse
2481 3621 2638 3693 dicit,
2684 3640 2804 3698 quo

558 3720 898 3780 coniunctio
943 3719 1234 3779 omittitur
1278 3738 1349 3780 eo
1396 3721 1682 3798 eonsili0,
1730 3725 1796 3780 ιιι
1840 3739 1962 3793 ree,
2012 3741 2167 3799 quae
2214 3722 2522 3784 dissolutis
2567 3727 2803 3783 senten-

556 3823 655 3882 tiis
702 3828 1056 3897 narrantur‚
1108 3822 1364 3882 celerius
1408 3823 1563 3882 inter
1607 3839 1673 3881 se
1718 3823 2077 3884 subsecutae
2123 3842 2256 3884 esse
2303 3825 2641 3886 videantur.
2729 3825 2802 3885 ef.

555 3942 606 3984 c.
637 3929 748 3986 62:
793 3926 1185 3998 apocalamus
1227 3941 1337 3984 nos
1381 3924 1554 3984 circa
1598 3925 1939 3998 qallicinia.
2035 3927 2185 3984 luna
2228 3926 2471 3994 lucebat
2518 3934 2802 4001 tanquam

552 4027 816 4087 meridie.
905 4028 1164 4086 venimus
1194 4027 1360 4086 intra
1391 4028 1764 4087 monimenta.
1852 4029 2023 4088 homo
2054 4044 2217 4087 meus
2250 4031 2449 4103 coepit
2478 4030 2562 4088 ad
2586 4031 2801 4088 stellas

545 4114 787 4202 facere,
830 4129 1011 4188 sedeo
1059 4144 1167 4202 eqo
1213 4127 1386 4202 (haee
1415 4127 1705 4188 Schefferi
1751 4136 1813 4189 et
1846 4130 2040 4190 Iahnii
2090 4131 2339 4189 mutatio
2382 4130 2571 4206 magis
2603 4132 2803 4207 placet

548 4237 797 4309 propter
842 4232 1154 4309 abruptam
1201 4233 1382 4291 totius
1425 4231 1538 4291 loci
1586 4232 1878 4291 rationem
1943 4232 2260 4308 narrandi,
2326 4250 2505 4309 quam
2552 4233 2797 4305 Heinsii,
