3166 4871
2492 261 2606 321 401

378 452 626 494 munera
671 432 995 510 curabant,
1062 433 1167 492 etsi
1217 436 1539 509 utrumqne
1598 450 1792 509 genus
1837 432 2439 509 aliquoties·difficile
2487 450 2615 492 esse

375 534 451 595 ad
499 534 955 595 discernendum
1005 554 1120 594 non
1169 552 1359 611 neg03
1424 552 1622 611 neque
1671 553 1815 594 vero
1868 538 2097 594 tantum
2145 534 2451 612 equestria
2494 552 2614 594 mu-

373 655 519 697 nera
564 655 599 696 a
645 637 893 714 plebejis
937 637 1195 697 discerni
1251 639 1528 709 interest,
1592 643 1881 713 quantum
1945 654 2099 713 quae
2157 637 2612 715 primipilarium

372 739 430 798 b.
475 759 548 799 m.
594 741 903 800 missorum
948 740 1176 800 fuerint
1219 739 1294 799 ab
1338 739 1429 817 iis,
1477 757 1630 816 quae
1676 740 2038 817 equestrium
2081 739 2371 799 honorum
2402 740 2614 816 petito·

371 840 538 902 ribus
583 842 968 903 obvenerint:

545 942 604 1015 1)
671 944 825 1003 hanc
886 944 1036 1002 viam
1097 943 1399 1004 derectam
1463 962 1573 1021 per
1619 943 1816 1003 Atium
1892 943 2296 1003 centurionem
2356 944 2616 1003 restituit

361 1037 538 1124 jussu
584 1047 674 1107 Ti.
719 1046 949 1107 Claudii
995 1047 1268 1107 Caesaris
1313 1047 1464 1123 Aug.
1517 1045 1853 1106 Germanici
1899 1046 2282 1121 Imperatoris
2325 1045 2614 1106 Rusellius

370 1149 627 1210 Severus
685 1148 1082 1226 primipilaris.
1172 1147 1370 1223 (Corp.
1433 1149 1498 1207 V.
1546 1151 1667 1209 698
1713 1166 1903 1224 prope
1964 1148 2310 1224 Tergesten.
2370 1149 2611 1207 Momm-

368 1267 476 1311 sen
523 1250 701 1322 cont)

541 1349 603 1424 2)
649 1352 810 1414 Suet.
843 1353 965 1413 Cal.
997 1357 1106 1413 21:
1153 1352 1564 1412 destinaverat
1610 1353 1930 1428 imperator
1960 1351 2243 1411 Isthmum
2289 1352 2349 1410 in
2380 1351 2613 1429 Achaja

370 1454 689 1531 perfodere
734 1455 1096 1529 miseratque
1133 1454 1260 1530 jam
1310 1453 1383 1512 ad
1431 1452 1858 1513 dimetiendum
1905 1471 2054 1529 opus
2099 1453 2542 1530 primipilarem.

547 1552 609 1627 3)
655 1557 722 1615 Τ.
769 1556 1019 1615 Aurelio
1067 1554 1353 1615 Flaviano
1415 1574 1472 1633 p.
1518 1574 1571 1632 p.
1635 1556 1747 1631 leg.
1803 1556 1884 1614 IV
1944 1555 2187 1615 Flaviae
2243 1556 2379 1614 item
2440 1572 2611 1631 prae-

368 1656 599 1734 positus
666 1658 942 1718 Umbriae
1005 1663 1065 1717 et
1121 1658 1325 1716 Piceni
1392 1661 1451 1717 et
1510 1658 1765 1734 Apuliae
1825 1701 2019 1717 .....
2074 1658 2338 1733 conjunx
2399 1657 2609 1736 marito

367 1778 501 1819 cum
550 1778 669 1836 quo
716 1762 867 1819 vixit
911 1761 1083 1819 annis
1128 1760 1254 1819 XX.
1342 1759 1617 1831 (Pisauri.
1663 1760 1912 1819 Henzen
1962 1756 2169 1831 3175.)

540 1864 603 1930 4)
654 1860 844 1937 Spart.
891 1861 1028 1921 Did.
1073 1861 1188 1921 Jul.
1234 1865 1304 1921 5:
1351 1858 1679 1934 (Julianus)
1724 1862 1975 1936 Nigrum
2010 1863 2186 1922 misso
2217 1860 2608 1939 primipilario

367 1962 559 2022 occidi
602 1968 1013 2040 praeceperat.
2516 2000 2524 2006 ·

537 2166 703 2225 Haec
774 2166 1048 2241 exempla
1108 2168 1215 2225 etsi
1275 2185 1476 2242 pauca
1533 2172 1710 2242 sunt,
1785 2173 1981 2224 tamen
2054 2167 2198 2225 satis
2257 2167 2443 2225 multa
2503 2183 2611 2227 nos

367 2267 618 2338 docent3
666 2268 882 2326 milites
928 2268 1230 2327 Romanos
1272 2267 1350 2327 ad
1398 2269 1526 2329 vias
1572 2267 1898 2328 struendas
1943 2268 2256 2345 fossasque
2304 2267 2613 2328 faciendas

367 2388 546 2448 saepe
591 2369 892 2431 adhibitos
937 2388 1067 2430 esse
1117 2372 1481 2430 notissimum
1532 2378 1653 2441 est3
1704 2369 1921 2448 quibus
1967 2372 2252 2448 operibus
2298 2390 2430 2430 cum
2479 2389 2612 2431 cen-

300 2460 311 2470 ’
366 2474 634 2533 turiones
678 2471 921 2548 praefici
967 2473 1227 2532 solerent
1272 2472 1382 2549 (1),
1429 2473 1572 2549 quid
1621 2479 1712 2533 est
1757 2473 2127 2550 probabilius
2173 2493 2346 2549 quam
2380 2474 2612 2550 aliquos

365 2593 587 2646 eorum,
655 2576 756 2652 qui
826 2594 900 2634 ex
960 2575 1324 2652 primipilatu
1390 2577 1549 2635 missi
1612 2582 1813 2653 erant,
1883 2577 2023 2653 quia
2077 2581 2253 2635 antea
2319 2576 2611 2653 ejusmodi

366 2677 645 2753 operibus
711 2695 844 2737 cum
924 2678 1099 2737 laude
1167 2695 1411 2753 operam
1488 2678 1808 2755 dederant,
1876 2697 1949 2737 ex
2014 2679 2226 2739 aetatis
2298 2680 2613 2739 vacatione

365 2779 578 2840 iterum
628 2779 704 2839 ad
749 2779 909 2839 hauc
953 2798 1157 2839 curam
1205 2780 1442 2857 minime
1472 2780 1827 2840 laboriosam
1860 2784 2143 2840 evocatos
2176 2780 2354 2840 esse?
2420 2779 2501 2852 (1.
2533 2778 2614 2853 2.)

538 2882 612 2941 Τ.
658 2882 885 2942 Aurelii
932 2882 1209 2941 Flaviani
1260 2882 1614 2959 exemplum,
1663 2901 1772 2941 cur
1817 2883 1929 2942 hoe
1977 2883 2104 2942 loeo
2149 2883 2477 2959 attulerim,
2538 2902 2611 2943 ex

364 2984 465 3054 iis,
529 3002 684 3060 quae
750 3001 936 3061 supra
982 2983 1120 3054 dixi,
1180 2983 1350 3043 facile
1410 2985 1798 3061 intelligetur3
1874 2985 2171 3061 equestris
2230 2985 2469 3062 quidem
2534 3005 2611 3045 an

364 3087 601 3163 plebeja
645 3085 826 3146 fuerit
869 3087 1198 3162 praepositi
1245 3087 1525 3160 dignitas,
1572 3088 1672 3146 vix
1708 3086 1969 3163 judicari
2017 3091 2241 3163 potest,
2286 3106 2418 3146 cum
2464 3106 2611 3148 vero

366 3189 517 3265 lapis
561 3188 638 3247 sit
682 3189 1055 3266 sepulcralia,
1119 3189 1542 3265 primipilarem
1594 3188 1755 3247 ill'um
1804 3207 1840 3246 a
1884 3189 2246 3267 primipilatu
2296 3208 2487 3266 usque
2531 3190 2608 3251 ad

364 3290 582 3351 obitum
632 3290 941 3361 Umbriae,
1011 3292 1261 3361 Piceno,
1326 3291 1580 3367 Apuliae
1625 3292 2030 3368 praepositum
2078 3292 2258 3351 fuisse
2303 3292 2402 3350 vel
2450 3297 2610 3353 cene
2664 3334 2667 3338 ι

365 3392 478 3452 boc
523 3397 791 3469 tempore
840 3393 1003 3453 nullo
1036 3394 1152 3452 alio
1202 3412 1446 3453 munere
1494 3393 1765 3455 functum
1816 3412 1945 3453 esse
1991 3398 2266 3471 apparet3
2314 3413 2432 3471 qua
2477 3414 2608 3472 pro-

362 3499 498 3572 pter
554 3495 649 3554 ille
711 3496 866 3555 inter
922 3514 1229 3556 munerum
1278 3497 1646 3572 equestrium
1692 3497 1978 3571 petitores
2041 3515 2158 3557 non
2207 3497 2611 3558 numerandus

363 3596 603 3657 videtur
649 3615 798 3657 esse.

535 3700 667 3761 Uno
713 3699 973 3775 denique
1018 3700 1291 3778 exemplo
1340 3699 1433 3773 (4)
1479 3700 1880 3776 primipilares
1925 3700 1999 3759 ab
2046 3701 2507 3779 imperatoribus
2545 3704 2613 3761 ut

363 3802 604 3876 saepius
669 3802 1047 3860 centuriones
1113 3801 1189 3860 ad
1262 3802 1528 3861 homines
1598 3803 1823 3861 invisos
1891 3802 1964 3861 de
2043 3802 2238 3864 medio
2313 3801 2609 3864 tollendos

363 3904 571 3963 missos
617 3921 750 3963 esse
796 3902 1107 3973 discimus3
1182 3904 1335 3963 idem
1385 3904 1769 3982 primipilaris
1814 3906 1932 3964 alio
1981 3906 2113 3965 loco
2160 3906 2389 3973 (Sever.
2436 3904 2500 3977 5)
2548 3907 2606 3965 in

362 4007 546 4077 „notis
592 4005 807 4065 ducum
855 4006 1373 4067 interfect01·ibus“
1428 4013 1796 4067 numeratur.
1900 4007 2326 4083 cognoscimus
2372 4027 2446 4068 ex
2494 4009 2610 4070 hoc

363 4109 658 4186 exemplo,
688 4108 988 4185 quomodo
1021 4096 1418 4185 primipilares
1449 4110 1724 4169 nonnulli
1756 4109 2217 4187 imperatoribus
2244 4129 2351 4186 pro
2373 4112 2610 4188 magnis

370 4210 671 4269 beneficiis
715 4217 917 4286 gratos
961 4228 1025 4271 sc
1074 4212 1495 4288 praestiterint.
1585 4210 1684 4283 (ct.
1731 4208 1956 4287 supra.)
