3166 4871
2515 290 2637 350 363

394 466 593 520 certae
624 462 701 519 sit
730 464 790 520 et
821 460 1186 538 depravatae
1219 462 1507 522 lectionis.
1546 491 1634 536 e—
1678 461 1907 521 Deinde
1941 468 2137 522 autem
2169 463 2284 524 hoc
2313 463 2635 524 tenendum

393 565 483 621 est
533 580 642 622 nos
688 561 763 622 de
806 563 1055 623 coloniis
1101 563 1309 640 Capua
1357 564 1618 624 Venafro
1665 564 1935 624 Dertona
1981 566 2639 628 Beneveut0.Taurina

392 664 565 723 etiam
597 667 815 742 optime
852 665 1115 726 iudicare
1156 684 1353 744 posse,
1390 667 1439 726 si
1479 666 1569 725 his
1607 665 1792 726 titulis
1835 684 2049 726 nomen
2093 667 2285 736 „Iulia
2323 665 2631 745 Augusta“

391 766 807 828 exhibentibus
851 786 1208 829 careremus,
1253 800 1335 809 —
1380 770 1593 846 Itaque
1639 769 1713 829 de
1758 769 1871 828 hoc
1916 770 2155 829 nomine
2201 789 2394 847 usque
2437 770 2637 830 adhuc

396 869 540 929 nihil
600 871 746 929 certi
809 869 964 929 effici
1007 872 1217 947 potuit.
1308 873 1385 931 Ut
1431 890 1623 931 meum
1669 870 1957 931 iudicium
2003 871 2319 948 profitear:
2373 873 2638 932 colonias

394 971 572 1032 Iulias
629 973 690 1032 in
760 973 1006 1049 seculis,
1066 991 1222 1049 quae
1284 992 1320 1032 a
1380 974 1756 1051 simplicitate
1822 977 1882 1033 et
1946 973 2240 1051 dignitate
2299 975 2470 1052 primi
2532 976 2639 1035 ab-

395 1075 790 1152 horruerunt,
846 1077 1021 1134 etiam
1077 1093 1289 1152 nomen
1347 1075 1689 1153 „Augusta“
1756 1077 1867 1136 sibi
1917 1076 2244 1153 arripuisse
2307 1076 2403 1146 (cf.
2450 1078 2639 1139 Cassii

396 1178 566 1236 Dion.
613 1178 649 1237 l.
696 1175 772 1249 1.).
864 1180 1078 1255 Neque
1124 1179 1281 1238 enim
1328 1179 1485 1239 ullus
1530 1179 1740 1239 horum
1801 1178 2106 1239 titulorum
2166 1185 2305 1240 ante
2346 1180 2636 1241 Hadriani

394 1285 628 1357 tempus
673 1281 934 1357 scriptus
979 1288 1087 1341 est.

565 1383 733 1457 Quae
793 1401 925 1442 cum
982 1385 1065 1442 ita
1128 1384 1263 1459 sint,
1329 1402 1401 1443 ex
1470 1385 1583 1443 hac
1643 1383 2044 1460 disputatione
2107 1385 2201 1444 hic
2255 1387 2640 1462 consequitur

394 1485 652 1561 fructus,
698 1490 788 1561 ut,
833 1484 994 1562 quod
1041 1485 1310 1562 Velleius
1354 1504 1462 1546 suo
1508 1492 1778 1564 tempore
1825 1488 2220 1561 pronuntiare
2267 1489 2491 1565 potuit,
2537 1488 2639 1547 mi-

392 1587 651 1647 litarium
730 1589 1093 1649 coloniarum
1170 1591 1567 1650 Romanorum
1646 1594 1707 1648 et
1786 1607 2001 1648 causas
2080 1594 2140 1649 et
2212 1594 2490 1650 auctores
2562 1609 2638 1651 ex

393 1691 655 1768 ipsarum
718 1692 951 1750 nomine
1011 1691 1420 1769 praefulgere,
1489 1696 1696 1751 nostra
1764 1696 1960 1751 aetate
2043 1692 2281 1752 omnino
2315 1692 2457 1760 ‚dici
2517 1712 2636 1753 non

393 1811 572 1869 posse
617 1811 984 1854 censeamus.

2175 4377 2239 4426 25
