3166 4871
485 289 609 349 3150

1531 523 1674 610 §.a

1068 662 1173 727 De
1221 663 1668 728 coloniarum
1713 663 2149 729 nominibus.

653 823 713 885 Si
759 824 889 883 sola
934 825 1315 899 antiquorum
1363 824 1724 901 scriptorum
1771 822 2109 883 testimonia
2153 829 2523 901 spectamus,
2583 821 2730 883 haee

481 930 610 986 tota
663 926 1030 985 coloniarum
1093 926 1364 1002 quaestio
1436 927 1658 1002 optime
1736 926 2105 985 coloniarum
2177 926 2322 1004 ipsis
2394 924 2730 985 nominibus

482 1028 753 1087 solvatur
807 1029 1189 1103 oportuisset.
1293 1029 1445 1088 Nam
1506 1028 1764 1105 primum
1820 1028 2058 1105 quidem
2082 1024 2127 1100 ¹)
2205 1027 2470 1105 Vellejus
2536 1032 2587 1087 1.
2650 1030 2728 1087 14

482 1131 566 1190 sie
611 1132 821 1191 refert:
888 1131 1268 1200 „militarium
1331 1128 1750 1203 (coloniarum)
1809 1138 1870 1191 et
1927 1149 2144 1191 causae
2204 1137 2264 1190 et
2322 1137 2599 1190 auctores
2655 1148 2729 1188 ex

483 1236 744 1310 ipsarum
792 1234 1179 1312 praefulgent
1218 1233 1508 1293 nomine.“
1575 1236 1653 1293 Et
1683 1234 1838 1293 idem
1869 1233 2168 1311 Josephus
2213 1223 2385 1291 κατὰ
2412 1217 2730 1302 Ἀπίωνος

484 1341 539 1396 2.
601 1340 666 1396 4;
735 1325 1017 1406 „xc-ivn..-
1080 1325 1205 1413 γὰρ
1265 1327 1331 1405 ἐς
1392 1321 1714 1395 ἀποικίαν
1773 1326 1924 1394 τινὰ
1992 1329 2529 1415 κατακληθέντες
2596 1321 2728 1393 κᾶν

481 1435 804 1497 πλεῖστον
849 1423 1168 1516 ἀλλήλων
1211 1445 1355 1509 τοῖς
1400 1433 1617 1517 γένεσι
1668 1433 2033 1517 διαφέρωσι
2075 1423 2211 1498 ἀπὸ
2241 1433 2386 1497 τῶν
2414 1431 2731 1497 οἰκιστῶν

480 1530 608 1618 τὴν
650 1534 1120 1621 ζπροςηγορίαν
1179 1526 1699 1618 λαμβάνουσιν“.
1819 1543 2033 1618 Neque
2094 1543 2269 1602 aliter
2332 1542 2445 1601 Dio
2504 1541 2733 1600 iudieat

483 1647 581 1704 54.
637 1648 743 1704 23:
804 1637 945 1714 „xaz
1001 1633 1120 1714 τὰς
1181 1636 1567 1721 ἐπωνυμίας
1627 1650 1773 1713 ταῖς
1827 1633 2108 1704 πόλεσιν
2167 1631 2207 1724 ἡ
2271 1637 2582 1723 γερουσία
2655 1634 2730 1701 ἐν

478 1739 659 1823 μέρει
702 1741 893 1824 τιμῆς
937 1736 1125 1823 ἔνεμε
1170 1739 1284 1804 καὶ
1328 1734 1452 1823 οὐχ
1499 1730 1725 1823 ὥσπερ
1767 1742 1897 1804 νῦν
1942 1731 2136 1804 αὐτοὶ
2167 1737 2434 1816 ἑαυτοῖς
2464 1734 2730 1804 ἕκαστοι

482 1836 896 1927 καταλόγους
915 1833 1274 1926 ὀνομάτων
1297 1837 1435 1927 οὓς,
1459 1835 1542 1907 ἂν
1563 1838 1937 1909 sessionum
1957 1836 2046 1920 ὡς
2069 1838 2320 1928 πλήθει
2341 1844 2730 1908 ποιοῦνται“

482 1969 842 2029 quamquam
889 1951 1018 2012 eius
1062 1952 1433 2030 testimonio,
1489 1953 1594 2028 qui
1656 1971 1693 2011 a
1755 1956 1877 2013 222
1923 1972 1979 2030 p.
2027 1952 2132 2013 Oh.
2176 1970 2327 2030 opus
2372 1969 2544 2012 suum
2590 1968 2728 2010 eon-

481 2054 677 2132 elusit,
720 2054 908 2114 solum
955 2052 1015 2112 id
1063 2054 1315 2114 docetur
1359 2060 1502 2115 ante
1533 2055 1746 2115 Dionis
1790 2059 2043 2115 aetatem
2088 2055 2441 2132 eognomina
2485 2053 2730 2113 coloniis

478 2154 668 2217 indita
713 2174 846 2216 esse
907 2175 944 2216 a
1003 2162 1233 2235 senatu,
1286 2176 1405 2217 non
1453 2177 1486 2216 a
1531 2158 1761 2218 colonis
1805 2157 1967 2235 ipsis.
2055 2158 2322 2233 Quorum
2366 2158 2726 2234 scriptorum

481 2259 731 2335 vestigia
777 2263 1019 2326 secutus
1065 2258 1464 2336 Borghesius,
1522 2260 1656 2337 qui,
1718 2265 1783 2319 ut
1826 2260 1941 2319 iam
1986 2278 2172 2338 supra
2215 2258 2439 2319 dietum
2484 2262 2609 2336 est,
2653 2257 2727 2316 de

480 2361 736 2438 Augusti
782 2360 1030 2420 eoloniis
1074 2361 1444 2441 militaribus,
1488 2363 1538 2421 si
1581 2362 1699 2423 hoe
1743 2363 2035 2423 vocabulo
2081 2363 2168 2423 uti
2210 2362 2349 2423 lieet
2365 2358 2432 2434 2),
2487 2361 2728 2439 egregie

482 2463 838 2539 disputavit,
897 2464 1164 2524 colonias
1221 2464 1300 2524 ad
1362 2464 1601 2525 nomina
1657 2465 1895 2526 illorum
1949 2466 2247 2542 disposuit
2291 2468 2352 2525 et
2394 2463 2583 2525 Julias
2626 2480 2729 2523 eas

478 2564 784 2644 iudicavit,
818 2584 974 2643 quae
1005 2574 1144 2627 ante
1168 2586 1217 2626 a.
1257 2571 1376 2628 727
1411 2571 1515 2628 aut
1545 2588 1583 2628 a
1612 2568 1702 2628 111
1734 2568 1876 2628 viris
1907 2587 1954 2629 r.
1983 2588 2040 2647 p.
2074 2588 2124 2629 e.
2153 2574 2259 2628 aut
2287 2568 2362 2628 ab
2394 2565 2728 2627 Octaviano

480 2668 772 2728 deductae
818 2673 990 2746 sunt,
1044 2670 1234 2730 Julias
1277 2670 1621 2749 Augustas,
1682 2689 1835 2748 quae
1896 2673 2109 2732 iterum
2155 2676 2366 2732 anetae
2410 2674 2549 2730 sunt
2591 2675 2729 2746 post

481 2790 532 2830 a.
580 2775 717 2843 727,
762 2771 1099 2849 Augustas,
1144 2791 1302 2851 quae
1347 2779 1485 2851 post
1529 2794 1586 2834 a.
1633 2778 1752 2835 727
1816 2776 2094 2836 conditae
2137 2781 2298 2836 sunt.
2382 2775 2558 2850 Quod
2606 2790 2727 2850 quo

479 2873 610 2933 iure
639 2873 767 2935 fieri
799 2877 1005 2953 possit,
1038 2881 1104 2936 ut
1133 2875 1526 2955 intelligatur,
1557 2897 1858 2956 apponam
1891 2880 2087 2939 omnia
2117 2880 2327 2939 harum
2360 2879 2728 2940 coloniarum

480 2976 819 3037 Italicarum
868 2979 1123 3051 nomina,
1171 2997 1328 3056 quae
1372 2978 1781 3041 innotuerunt.

566 3079 679 3139 eol.
722 3080 875 3140 Iulia
918 3082 1093 3142 Felix
1138 3083 1387 3142 elassiea
1430 3084 1651 3144 Suessa
2265 3084 2321 3143 X
2365 3102 2421 3143 n.
2466 3079 2698 3154 48323)

565 3183 674 3243 eol.
721 3184 876 3242 Iulia
918 3185 1064 3243 Fan.
1110 3184 1413 3245 Fortunae
2274 3185 2374 3246 Gr.
2420 3190 2560 3247 625.
2606 3189 2662 3244 9.

566 3284 676 3343 eol.
720 3284 868 3344 Iulia
916 3286 1085 3345 Felix
1132 3287 1445 3347 Pisaurum
2270 3285 2369 3347 Or.
2402 3306 2456 3346 n.
2489 3291 2587 3348 81.

568 3386 676 3447 eol.
722 3387 872 3448 Iulia
915 3389 1175 3466 Hispelli
2270 3388 2374 3450 Gr.
2418 3395 2559 3451 351.
2608 3393 2660 3448 1.

567 3489 677 3550 eol.
721 3490 875 3551 Iulia
918 3491 1069 3551 Fida
1112 3492 1320 3552 Tuder
2270 3494 2423 3553 Mur.
2458 3497 2637 3552 1111.
2668 3495 2728 3551 4.

567 3592 674 3651 eol.
720 3590 1076 3669 Obsequens
1120 3594 1273 3655 Iulia
1315 3594 1539 3654 Pisana
2269 3595 2385 3654 Wi.
2416 3616 2470 3655 n.
2503 3597 2645 3655 883.

565 3694 675 3754 eol.
720 3695 872 3754 Iulia
913 3695 1085 3755 Felix
1128 3696 1633 3757 Luooferonensis
2265 3696 2365 3758 Or.
2397 3717 2454 3757 n.
2498 3700 2684 3758 4099.

566 3798 678 3858 eol.
725 3798 996 3858 eoniune.
1037 3798 1191 3859 Iulia
1233 3800 1474 3861 Sutrina
2268 3799 2371 3860 Gr.
2418 3803 2560 3861 302.
2609 3805 2661 3858 1.

568 3900 680 3960 eol.
724 3900 874 3961 Iulia
921 3900 1257 3963 Concordia
2275 3901 2343 3961 V.
2390 3921 2448 3961 n.
2495 3904 2675 3961 1901.

656 4101 697 4164 ι)
733 4096 803 4154 ef.
843 4098 1006 4153 Notis
1043 4099 1240 4154 Cenot.
1276 4098 1481 4153 Pisana
1514 4115 1567 4168 p.
1606 4102 1688 4152 21.

651 4186 690 4248 ²)
727 4183 800 4238 ef.
837 4183 1141 4238 Mommsen
1177 4181 1384 4238 enchir.
1420 4182 1547 4237 1102)
1579 4200 1634 4252 p.
1672 4189 1770 4236 715
1806 4184 1936 4237 adn.
1974 4192 2021 4238 3.

653 4272 700 4336 ³)
732 4292 802 4316 =
835 4267 879 4323 Ι.
918 4270 982 4324 N.
1020 4286 1074 4323 n.
1112 4274 1245 4323 4324
1281 4293 1350 4316 =
1384 4270 1474 4324 Or.
1510 4286 1562 4323 n.
1600 4273 1750 4323 5152.
