3166 4871
2452 320 2571 382 377

1142 487 1444 585 Regio
1514 486 1761 562 VIIII.

1284 676 1630 743 Dertona.

500 804 564 866 O.
610 806 660 863 V
721 823 779 881 p.
823 805 966 866 832.
1063 803 1304 863 Titulus
1351 802 1621 862 urbanus
1666 799 1767 862 Or.
1813 797 1873 861 ιι.
1918 806 1998 863 74
2044 802 2286 863 exhibet
2329 820 2576 862 nomen:

329 909 395 968 P.
426 907 577 967 Vibi.
621 908 689 967 P.
718 906 756 965 f.
790 907 1045 966 Mariani
1089 924 1141 965 e.
1172 924 1246 965 m.
1278 925 1330 964 v.
1377 949 1392 965 .
1426 947 1442 963 .
1472 948 1485 961 .
1515 949 1532 964 .
1576 904 1831 965 oriundo
1863 923 1938 964 ex
1969 905 2103 964 Ital.
2136 905 2246 964 Iul.
2277 907 2579 964 Dertona:

331 1009 506 1084 Quod
582 1010 800 1086 legitur
870 1009 929 1068 iu
991 1008 1164 1068 titulo
1227 1009 1292 1066 V.
1354 1027 1412 1067 n.
1467 1010 1633 1068 7376
1695 1004 1833 1078 col[
1835 1049 2073 1067 ......
2105 1004 2254 1083 aJug
2311 1008 2581 1068 Dertona

330 1111 757 1189 negligendum
825 1116 940 1188 est,
1007 1111 1147 1188 quia
1212 1111 1425 1170 titulus
1494 1110 1763 1169 lectionis
1829 1114 1921 1169 est
1985 1127 2198 1187 parum
2258 1116 2456 1169 certae
2521 1112 2580 1169 et

330 1214 585 1274 fortasse
626 1213 1035 1290 interpolatae.
1125 1214 1356 1273 Tamen
1390 1212 1582 1271 Plinio
1615 1218 1675 1271 et
1705 1212 1879 1271 titulo
1911 1211 2135 1271 urbano
2168 1214 2580 1272 consentiente

333 1318 623 1376 coloniam
671 1315 987 1375 deductam
1034 1333 1165 1374 esse
1213 1314 1287 1373 ab
1334 1317 1611 1390 Augusto
1657 1313 2038 1373 statuendum
2086 1320 2191 1373 est.

1224 1580 1530 1677 Regio
1602 1579 1696 1653 X.

1285 1764 1637 1850 Aquileja.
1702 1764 1714 1776 '

506 1896 569 1957 C.
616 1898 665 1955 V
710 1916 766 1973 p.
813 1898 913 1957 83.
1000 1896 1054 1954 A
1083 1895 1280 1954 Plinio
1313 1899 1826 1954 commemoratur.
1902 1892 2037 1964 Sed,
2085 1899 2150 1953 ut
2179 1894 2584 1954 Mommseuus

334 1999 520 2073 vidit,
598 1999 851 2058 Plinium
926 1999 1281 2073 cogitavisse
1366 1997 1439 2056 de
1523 1998 1762 2056 colonia
1835 1997 2022 2056 latina
2087 2015 2162 2056 ex
2229 2015 2299 2058 eo
2366 1997 2584 2073 optime

335 2101 590 2178 perspici
622 2105 836 2178 potest,
879 2101 1038 2177 quod
1088 2100 1295 2159 eodem
1342 2101 1473 2159 loco
1518 2099 1585 2158 L.
1631 2099 1865 2159 Pisonis
1910 2099 1986 2158 de
2015 2097 2301 2176 Aquileja
2344 2099 2587 2159 condita

336 2205 687 2264 relationem
733 2204 952 2263 citavit.
1011 2232 1099 2242 —
1149 2204 1220 2261 A.
1267 2220 1321 2262 u.
1369 2221 1419 2262 c.
1465 2206 1595 2264 664
1641 2200 1743 2275 (cf.
1790 2201 2000 2262 enchir
2046 2207 2101 2273 3,
2151 2207 2204 2262 1.
2247 2205 2354 2272 48)
2401 2203 2587 2262 muni·

335 2307 551 2383 cipium
617 2305 840 2365 factum
899 2309 1021 2382 est,
1082 2311 1293 2380 postea
1337 2304 1647 2364 Hadriano
1693 2304 1792 2363 vel
1835 2304 1944 2364 Pio
1999 2305 2326 2381 imperante
2370 2323 2584 2365 nomen

337 2406 828 2469 honorificentius
872 2407 1137 2468 coloniae
1185 2408 1431 2485 accepit.
1521 2405 1723 2481 Quare
1759 2426 1878 2467 non
1910 2407 2240 2468 mirandum
2273 2411 2379 2485 est,
2423 2405 2586 2484 quod

334 2512 394 2570 iu
442 2510 678 2570 duobus
720 2512 909 2570 titulis
955 2510 1130 2570 huius
1175 2516 1283 2570 aut
1328 2511 1681 2587 posterioris
1728 2512 1860 2569 aevi
1908 2530 1964 2569 ιι.
2013 2513 2178 2571 1084
2227 2516 2288 2569 et
2332 2530 2388 2570 ιι.
2425 2513 2585 2571 1127

337 2615 724 2674 inveniuntur
766 2614 925 2673 servi
971 2614 1080 2674 col.

1248 2807 1664 2876 Concordia.

511 2934 574 2994 C.
607 2936 654 2992 V
699 2953 757 3012 p.
791 2937 931 2995 178.
1018 2936 1168 2994 lulia
1214 2934 1552 2995 Concordia
1595 2935 1935 3012 appellatur
1980 2936 2037 2994 in
2081 2935 2270 2994 titulis
2302 2940 2590 3013 quattuor

340 3057 394 3097 n.
447 3039 627 3112 1901,
676 3039 856 3097 1884.
929 3036 1098 3096 Grut.
1143 3040 1285 3113 549,
1332 3040 1387 3096 7.
1461 3037 1522 3097 G.
1552 3037 1641 3096 ΙΙΙ
1680 3057 1738 3097 ιι.
1769 3040 1959 3098 5238.
2051 3036 2357 3097 Coloniam
2404 3038 2589 3097 fuisse

337 3144 633 3200 testantur
677 3139 925 3214 Plinius,
970 3139 1346 3198 Ptolemaeus
1391 3144 1446 3211 3,
1498 3145 1549 3199 1.
1597 3143 1695 3210 29,
1754 3141 1999 3218 Fronto,
2060 3143 2165 3218 qui
2211 3138 2329 3219 (ep.
2375 3141 2589 3200 adam

341 3242 414 3301 ed
446 3242 719 3301 Niebuhr
760 3261 816 3318 p.
848 3238 995 3313 220)
1039 3240 1230 3318 legem
1279 3242 1543 3302 coloniae
1589 3242 1765 3301 huius
1811 3230 2231 3303 commemorat
2273 3262 2590 3321 paucaque

341 3363 415 3403 ex
476 3364 547 3403 ea
606 3344 935 3421 descripsit.
1026 3346 1235 3420 Itaque
1286 3345 1621 3405 Concordia
1665 3346 1924 3422 Augusti
1970 3345 2206 3405 colonia
2250 3344 2376 3405 fuit.

1274 3541 1648 3622 Tergeste.

514 3666 577 3727 C.
625 3668 672 3724 V
726 3686 784 3745 p.
829 3671 925 3727 53.
1000 3667 1220 3727 Titulis
1265 3667 1604 3726 tacentibus
1649 3667 1791 3727 solis
1836 3670 2192 3745 scriptorum
2240 3670 2593 3729 testimoniis

344 3771 435 3828 usi
480 3771 826 3844 'Pergestem
873 3769 1160 3828 coloniam
1195 3770 1451 3846 Augusti
1501 3771 1833 3830 statuimus.
1908 3771 2059 3831 Nam
2094 3776 2595 3832 commemoratur

344 3872 577 3931 colonia
631 3892 667 3930 a
712 3871 909 3931 Plinio
966 3877 1026 3930 et
1068 3872 1412 3931 Ptolemaeo
1474 3872 1753 3950 idemque
1811 3873 1885 3932 ab
1945 3876 2223 3951 Appiano
2283 3874 2449 3951 Illyr.
2497 3878 2594 3936 18.
2679 3876 2686 3882 ’

341 4006 430 4014 -
474 3976 790 4052 Fortasse,
849 3978 916 4033 ut
971 3974 1318 4050 suspicatur
1364 3975 1798 4051 Mommseuus,
1858 3976 2173 4054 Appianus
2235 3984 2433 4053 errat,
2488 3979 2593 4055 qui

345 4096 472 4137 eam
548 4080 734 4138 refert
795 4098 845 4137 a.
894 4096 950 4138 u.
995 4096 1044 4136 c.
1105 4080 1225 4137 719
1287 4077 1586 4137 conditam
1650 4096 1796 4137 esse.
1915 4080 2190 4155 Namque
2270 4098 2345 4139 ex
2417 4081 2594 4141 titulo

328 4199 403 4239 ·n.
449 4184 572 4241 525
632 4182 819 4258 „lmp.
880 4180 1101 4241 Caesar
1159 4198 1263 4239 cos
1321 4179 1505 4257 desig.
1560 4184 1697 4240 tert.
1750 4172 1760 4259 Ι
1813 4180 1900 4239 111
1965 4182 2074 4242 vir.
2135 4200 2180 4240 r.
2225 4181 2262 4240 i.
2308 4192 2360 4241 c.
2401 4183 2534 4243 iter.
2583 4178 2591 4262 Ι

347 4303 575 4343 murum
624 4290 941 4360 turresque
1000 4284 1200 4360 seciv‘,
1264 4302 1437 4359 quem
1504 4302 1623 4343 uon
1692 4283 2014 4344 convenire
2083 4285 2193 4343 nisi
2258 4303 2419 4344 auno
2469 4288 2590 4347 721
