3166 4871
2572 313 2682 372 141

959 470 1177 562 μόρον
1221 468 1281 541 δ’
1306 470 1602 562 ἄφερτον
1650 478 2053 554 Πελοπίδαις
2097 470 2540 562 ἐπεύχεται.

450 604 508 644 v.
558 590 734 647 1606.
962 579 1198 663 τρίτον
1241 577 1364 664 γὰρ
1414 572 1578 646 ὄντα
1622 572 1688 664 μ’
1711 573 1815 646 ἐπὶ
1870 570 2004 645 δέκ’
2050 572 2275 665 ἀθλίῳ
2317 581 2523 664 πατρί

961 678 1526 764 συνεξελαύνει
1571 678 1835 748 τυτθὸν
1880 673 2022 747 ὄντ>
2064 674 2138 748 ἐν
2181 679 2606 768 σπαργάνοις.

622 791 690 850 In
739 791 1111 868 Choephoris
1154 810 1445 868 praeseus
1491 792 1839 853 historicum
1884 810 2002 852 non
2048 797 2231 853 extat.
2272 791 2452 865 —⁴³)

621 893 1081 954 Eumenides:

624 996 802 1055 Initio
858 996 1090 1073 prologi
1144 997 1364 1073 Pythia
1424 998 1591 1057 varia
1652 999 1774 1056 fata
1825 997 2053 1058 oraculi
2112 998 2387 1076 Delphici
2435 1005 2695 1076 enarrat,

455 1098 634 1157 nullis
676 1097 877 1158 adbuc
921 1099 1099 1158 animi
1144 1099 1692 1176 perturbationibus
1735 1101 2012 1171 excitata,
2060 1109 2125 1160 ut
2166 1102 2469 1178 praesenti
2516 1101 2694 1162 histo·

455 1202 578 1261 rico
623 1201 682 1259 in
729 1207 847 1259 tam
893 1202 1096 1276 quieta
1141 1201 1542 1280 descriptione
1590 1202 1797 1262 deesse
1841 1202 2119 1263 videatur
2163 1204 2319 1263 iusta
2363 1221 2564 1263 causa.

623 1304 857 1363 Primos
928 1305 1153 1364 oraculi
1228 1306 1330 1382 qui
1394 1306 1705 1364 extiterint
1757 1324 2137 1381 possessores
2195 1306 2537 1383 praeteritis
2595 1306 2695 1366 ad·

455 1405 655 1466 bibitis
716 1412 1046 1482 enumerat,
1090 1406 1312 1467 Gaeam
1358 1415 1419 1467 et
1460 1407 1743 1484 Themin,
1785 1392 1826 1486 ἢ
1873 1398 1953 1485 δὴ
1998 1398 2079 1466 τὸ
2122 1397 2371 1487 μητρὸς
2417 1401 2694 1487 δευτέρα

451 1496 595 1565 τόδ’
639 1497 823 1584 ἕζετο
868 1514 1189 1585 μαντεῖον
1235 1554 1247 1567 .
1297 1554 1310 1567 .
1422 1543 1442 1552 -

963 1642 1043 1651 -
1090 1596 1163 1669 ἐν
1209 1606 1280 1670 δὲ
1324 1609 1422 1690 τῷ
1464 1606 1674 1690 τρίτῳ

967 1699 1171 1792 λάχει,
1216 1703 1569 1794 θελούσης,
1614 1702 1772 1774 οὐδὲ
1816 1699 1988 1793 πρὸς
2032 1710 2186 1787 βίαν
2231 1700 2413 1785 τινος

973 1811 1232 1886 Τιτανὶς
1275 1805 1445 1896 ἄλλη
1489 1823 1648 1888 παῖς
1694 1802 1970 1886 Χθονὸς
2013 1811 2361 1892 καθέζετο,

973 1914 1186 1999 Φοίβη
1231 1964 1244 1978 .
1297 1965 1308 1977 .
1359 1963 1372 1977 .

629 2022 750 2080 lam
797 2021 874 2080 ad
918 2021 1261 2098 Apollinem
1309 2021 1408 2081 ubi
1453 2022 1745 2097 pervenit,
1794 2040 2081 2098 praesens
2124 2021 2406 2082 infertur:

457 2141 511 2181 v.
559 2126 615 2182 7.
968 2117 1245 2182 δίδωσι
1293 2108 1350 2181 d'
1379 2110 1420 2201 ἡ
1464 2116 1819 2201 γενέθλιον
1864 2109 2055 2182 δόσιν
2102 2117 2332 2202 Φοίβῳ

542 2231 604 2284 et
646 2223 805 2284 infra
851 2244 904 2284 v.
953 2230 1048 2296 12,

967 2320 1364 2404 πέμπουσι
1412 2312 1470 2386 d'
1495 2314 1705 2387 αὐτὸν
1749 2323 1864 2387 καὶ
1907 2322 2279 2406 σεβίζουσιν
2316 2322 2484 2409 μέγα

966 2424 1450 2491 κελευθοποιοὶ
1491 2426 1725 2502 παῖδες
1757 2414 2118 2507 Ἡφαίστου
2164 2463 2247 2472 -

457 2553 512 2592 ν.
564 2538 658 2595 15.
969 2519 1268 2612 μολόντα
1312 2517 1604 2592 ὁάὐτὸν
1648 2523 1861 2613 κάρτα
1904 2533 2291 2612 τιμαλφεῖ
2331 2525 2513 2606 λεώς.

458 2656 509 2695 v.
562 2641 659 2697 16.
968 2630 1204 2716 τέχνης
1248 2631 1322 2696 δέ
1364 2652 1472 2695 νιν
1518 2625 1684 2707 Ζεὺς
1730 2628 1975 2696 ἔνθεον
2018 2632 2249 2708 κτίσας
2292 2631 2504 2716 φρένα

459 2758 511 2798 v.
560 2745 654 2800 17.
966 2732 1116 2816 ἵζει
1161 2734 1486 2818 τέταρτον
1530 2727 1726 2798 τόνδε
1772 2729 2018 2817 μάντιν
2058 2724 2131 2798 ἐν
2174 2729 2473 2818 θρόνοις.

627 2842 744 2904 Sed
787 2852 985 2903 tamen
1031 2844 1365 2919 praesentis
1395 2842 1660 2901 historici
1705 2842 1863 2902 iusta
1906 2861 2089 2903 causa
2126 2862 2201 2902 ne
2230 2842 2305 2903 ab
2338 2843 2427 2902 his
2457 2842 2696 2920 quidem

458 2946 605 3006 locis
648 2945 829 3004 abest.

627 3047 887 3106 Primum
935 3047 1091 3107 enim
1122 3046 1426 3125 sacerdos,
1470 3064 1604 3105 cum
1637 3044 1845 3107 eodem
1879 3047 2008 3106 loco
2040 3051 2332 3117 versetur,
2378 3065 2497 3123 quo
2543 3067 2700 3125 quae

459 3156 665 3208 narrat
722 3148 884 3208 facta
948 3166 1078 3208 esse
1139 3149 1450 3217 dicuntur,
1509 3149 1569 3206 iu
1630 3148 1927 3224 Apollinis
1986 3148 2227 3208 historia
2286 3150 2510 3226 optimo
2568 3150 2698 3210 iure

458 3255 892 3327 commoratur,
951 3251 1176 3328 quippe
1221 3252 1326 3327 qui
1372 3268 1534 3310 nunc
1578 3250 1821 3310 oraculo
1868 3251 2096 3327 praesit
2150 3255 2211 3310 et
2253 3251 2410 3310 iusta
2452 3270 2698 3313 venera·

456 3355 620 3414 tione
667 3355 998 3414 honoretur
1057 3360 1240 3431 atque
1286 3355 1531 3414 colatur.
1580 3383 1660 3393 -
1706 3353 1861 3413 Tum
1908 3370 2051 3412 vero
2109 3354 2284 3412 etiam
2332 3358 2547 3430 poetae
2593 3356 2697 3415 ali·

459 3456 605 3533 quid
652 3455 992 3516 interfuisse
1039 3455 1293 3531 videtur,
1339 3456 1495 3515 banc
1527 3454 1762 3515 fabulae
1794 3453 1868 3514 de
1914 3455 2141 3530 origine
2186 3457 2416 3515 oraculi
2451 3462 2695 3534 partem,

460 3576 617 3635 quae
676 3558 754 3619 ad
811 3558 1152 3636 Apollinem
1214 3561 1478 3635 spectat,
1552 3556 1893 3634 diligentius
1952 3556 2252 3617 illustrari.
2366 3557 2701 3620 Scholiasta

625 3775 694 3841 ⁴²)
735 3771 844 3827 Vel
897 3772 1088 3841 potius
1141 3766 1395 3841 σφαγάς,
1450 3770 1603 3841 quod
1657 3778 1807 3825 recte
1859 3770 2164 3825 coniecisse
2200 3769 2696 3828 ‘Schneidewinum

454 3859 551 3927 (ad
587 3874 641 3912 v.
675 3863 825 3922 1568)
861 3858 993 3912 mihi
1030 3872 1358 3927 persuasum
1385 3864 1490 3911 est.
1548 3855 1634 3911 Cf.
1660 3854 1775 3925 Ag.
1808 3858 1949 3911 1388.
2012 3856 2097 3911 De
2119 3857 2283 3911 tmesi
2307 3855 2378 3911 cf.
2402 3859 2555 3913 Pers.
2580 3863 2695 3913 669.

462 3948 573 4000 102.
609 3949 726 3999 917.
763 3941 835 3998 of.
874 3944 1047 4012 Krug.
1089 3942 1155 3997 D.
1191 3944 1329 4013 568,
1366 3946 1448 4011 48,
1484 3948 1531 3996 4.

627 4034 699 4099 ⁴³)
733 4031 915 4084 Etiam
955 4030 1057 4084 hac
1096 4044 1163 4083 ex
1202 4037 1361 4098 parte
1396 4028 1776 4094 confirmatur,
1825 4028 1977 4096 quod
2012 4026 2339 4100 Bernhardy
2374 4029 2446 4083 de
2482 4027 2583 4084 hac
2616 4027 2695 4084 fa-

455 4116 591 4170 bula
642 4115 879 4170 iudicat:
935 4113 1001 4170 G.
1038 4116 1236 4170 Litter.
1263 4114 1318 4167 11
1356 4117 1412 4182 2,
1462 4130 1515 4183 p.
1544 4119 1645 4168 295
1691 4113 1804 4181 (ed.
1842 4112 1980 4181 111):
2038 4113 2161 4175 „die
2211 4112 2459 4182 Spracbe
2512 4114 2696 4169 dieses

456 4200 696 4255 Stlickes
731 4200 808 4255 ist
840 4199 976 4255 herb
1014 4200 1129 4254 und
1163 4198 1305 4267 hart,
1341 4200 1522 4253 seiten
1559 4198 1752 4262 sehon,
1789 4196 1931 4252 noch
1969 4198 2214 4267 weniger
2245 4198 2344 4251 mit
2366 4198 2490 4253 dem
2517 4197 2697 4253 Glanz

457 4285 556 4340 der
593 4285 792 4341 beiden
826 4286 1038 4339 andern
1079 4285 1304 4340 Glieder
1339 4300 1409 4337 zu
1447 4283 1847 4353 vergleicben.“
