3166 4871
510 287 634 351 228

518 464 738 525 multos
784 466 985 524 autem
1032 464 1259 524 alienos
1305 464 1486 551 fuisse
1542 484 1575 522 a
1629 464 1859 525 Graeca
1913 463 2185 524 doctrina
2241 465 2491 540 apparet
2543 481 2616 521 ex
2660 463 2749 538 iis,

513 585 666 644 quae
714 566 821 627 Ac.
850 586 937 644 pr.
970 572 1028 646 2,
1053 570 1251 628 5—7
1298 567 1706 646 proferuntur,
1750 568 2017 645 inprimis
2048 586 2121 627 ex
2159 567 2360 627 verbis
2405 565 2441 637 ᾗ
2472 569 2509 627 5
2563 565 2751 638 „Sunt

515 670 670 730 enim
716 670 902 748 multi,
952 670 1052 747 qui
1101 671 1339 731 omnino
1388 669 1651 730 Graecas
1698 688 1814 730 non
1862 673 2062 731 ament
2104 668 2385 742 litteras‚“
2438 673 2498 731 et
2540 688 2615 730 ex
2661 688 2751 748 eo,

513 771 696 851 quod,
741 774 809 832 ut
852 771 1051 832 studia
1094 790 1204 832 sua
1248 777 1510 852 tueatur,
1554 773 1631 832 ad
1677 773 1918 834 Catonis
1976 776 2036 834 et
2079 770 2373 852 Scipionis
2417 774 2749 851 exemplum

511 878 837 955 provocat,
892 878 957 935 ut
1000 876 1375 954 saepissime,
1434 893 1554 953 qua
1599 879 1728 936 erat
1771 875 2110 937 infirmitate
2156 876 2366 954 animi,
2427 877 2486 937 in
2531 876 2752 937 talibus

514 978 694 1039 rebus
762 977 1057 1038 clarorum
1122 978 1412 1056 pristinae
1472 979 1684 1039 aetatis
1747 979 2044 1039 hominum
2109 980 2468 1039 auctoritate
2529 978 2754 1039 nititur.

514 1080 887 1142 Notabiliora
944 1082 1121 1141 etiam
1167 1085 1309 1141 sunt
1364 1081 1513 1142 haec
1561 1081 1745 1143 verba
1790 1082 1897 1150 (or.
1947 1079 2093 1155 132)
2160 1083 2413 1153 „Uterer
2472 1081 2755 1158 exemplis

515 1182 878 1260 domesticis,
938 1183 1051 1244 nisi
1097 1202 1168 1243 ea
1211 1183 1488 1260 legisses3
1536 1190 1737 1244 uterer
1783 1184 2021 1263 alienis,
2079 1185 2179 1244 vel
2221 1184 2474 1263 Latinis,
2532 1185 2581 1244 si
2628 1184 2755 1244 ulla

515 1286 857 1363 reperirem,
903 1285 1000 1345 vel
1045 1285 1308 1358 Graecis,
1357 1288 1404 1347 si
1452 1285 1752 1347 deceret.“
1840 1289 1993 1347 Nam
2039 1289 2106 1349 P.
2146 1307 2199 1346 v.
2231 1287 2286 1348 d.
2319 1287 2479 1366 Chys
2525 1304 2755 1347 errasse

521 1388 663 1448 mihi
692 1387 950 1465 videtur,
981 1405 1126 1447 ·cum
1173 1390 1231 1448 in
1266 1389 1469 1449 libello
1501 1407 1611 1449 suo
1643 1408 1780 1466 pag.
1814 1394 1896 1452 30
1939 1392 2019 1451 ita
2054 1390 2130 1450 de
2160 1391 2274 1450 hoc
2304 1390 2440 1450 loco
2484 1388 2755 1449 disserite

524 1490 763 1566 „Quare
805 1494 1003 1550 autem
1065 1509 1185 1550 non
1234 1490 1476 1551 decuit?
1542 1491 1758 1564 Credo,
1804 1495 1947 1570 quia
2005 1494 2217 1570 longas
2261 1511 2293 1552 e
2339 1492 2583 1553 Graecis
2626 1510 2757 1552 ora-

516 1593 746 1654 toribus
776 1592 1056 1671 periodos
1102 1594 1160 1652 in
1206 1593 1358 1654 libro
1391 1594 1606 1655 Latino
1643 1594 1871 1656 Graece
1919 1597 2135 1656 afferre
2181 1596 2255 1656 ab
2301 1596 2432 1673 ejus
2474 1596 2758 1673 temporis

520 1694 953 1757 consuetudine
984 1695 1359 1756 abhorrebat.
1447 1696 1679 1757 Versus
1720 1697 1959 1774 quidem
1992 1697 2253 1759 Graecos
2283 1697 2761 1776 interponebant,

518 1799 658 1859 item
706 1798 1018 1858 breviores
1061 1798 1417 1875 sententias,
1462 1803 1528 1859 ut
1569 1799 1632 1859 in
1679 1800 1948 1877 epistulis
1993 1799 2066 1859 ad
2116 1800 2403 1878 Atticum,
2446 1800 2553 1860 sed
2610 1799 2757 1860 illud

521 1917 846 1977 numquam
904 1918 941 1959 a
984 1901 1252 1962 Romano
1309 1901 1582 1962 videmus
1642 1905 1996 1980 usurpatum
2062 1921 2210 1962 esse.
2309 1902 2485 1962 Dicat
2544 1902 2758 1978 aliquis

525 2004 872 2066 Ciceronem
919 2003 1195 2080 exempla
1239 2004 1536 2080 quaedam
1583 2023 1659 2066 ex
1704 2005 1773 2065 iis
1818 2004 2187 2066 orationibus
2232 2005 2446 2065 Latine
2504 2004 2760 2065 reddere

521 2106 818 2185 potuisse3
877 2105 985 2166 sed
1049 2105 1122 2166 de
1183 2125 1254 2166 eo
1312 2126 1387 2167 ne
1432 2108 1730 2185 cogitasse
1790 2107 2031 2184 quidem
2088 2108 2357 2186 videtur,
2416 2108 2465 2166 si
2521 2106 2757 2184 quidem

526 2207 747 2269 ardens
811 2208 1033 2280 oratio,
1097 2228 1274 2286 quam
1336 2213 1654 2288 memorat,
1717 2211 1813 2270 vel
1857 2212 2078 2286 optima
2124 2212 2397 2271 versione
2461 2227 2761 2288 expressa,

524 2310 859 2370 necessario
904 2312 1299 2389 restinguitur
1344 2316 1405 2371 et
1448 2311 1522 2372 de
1566 2313 1624 2372 vi
1671 2330 1781 2373 sua
1824 2316 2056 2372 tantum
2101 2314 2330 2384 amittit,
2376 2317 2443 2373 ut
2485 2312 2761 2389 exemplo

525 2412 767 2492 quidem
811 2413 1100 2474 inservire
1147 2412 1456 2491 nequeat.“
1553 2415 1752 2492 Atque
1793 2415 2067 2493 equidem
2114 2420 2259 2492 puto
2303 2416 2385 2477 ita
2415 2416 2762 2478 Ciceronem

523 2516 794 2591 intellegi
835 2515 1099 2575 voluisse
1143 2516 1328 2576 verba
1374 2534 1511 2577 sua:
1581 2518 1854 2594 „Timeo,
1914 2537 1989 2578 ne
2036 2519 2279 2579 Graecis
2336 2519 2625 2597 exemplis
2667 2537 2762 2579 su-

522 2618 788 2697 perbiam
846 2619 1247 2679 Romanorum
1309 2617 1605 2697 laedam“,
1667 2639 2029 2697 quamquam
2092 2620 2357 2682 concedo
2423 2622 2568 2681 alias
2629 2639 2761 2681 eum

522 2720 667 2782 talia
724 2719 997 2797 proferre
1042 2738 1165 2781 non
1225 2719 1545 2782 dubitasse.
1632 2723 1785 2782 Nam
1833 2725 2045 2784 contra
2088 2723 2154 2783 P.
2198 2743 2257 2783 v.
2302 2723 2359 2783 d.
2405 2723 2570 2802 Chys
2630 2741 2763 2784 sen·

524 2823 769 2884 tentiam
829 2822 944 2884 hoc
989 2824 1242 2884 maxime
1297 2824 1661 2886 monendum
1707 2829 1799 2886 est
1844 2826 2188 2888 Ciceronem
2250 2826 2491 2904 saepius
2535 2826 2767 2898 docere,

525 2945 704 3005 quam
750 2926 902 2987 bene
947 2926 1209 2988 Graecos
1254 2927 1441 2988 libros
1495 2945 1615 2988 non
1665 2928 1740 2989 ad
1786 2929 2063 3007 verbum,
2122 2929 2229 2990 sed
2276 2928 2352 2989 ad
2397 2947 2637 2989 sensum
2683 2929 2767 2988 ita

522 3033 760 3091 vertere
802 3029 968 3101 sciat,
1020 3033 1087 3090 ut
1143 3031 1453 3107 pristinam
1500 3031 1619 3091 vim
1666 3032 1850 3092 verba
1892 3032 2203 3093 retineant.
2225 3028 2272 3104 8)
2361 3032 2451 3092 Ac
2496 3032 2547 3091 si
2589 3034 2758 3091 recte

518 3131 748 3212 judico,
795 3152 868 3193 ex
915 3132 986 3192 iis
1030 3151 1300 3213 quoque,
1362 3151 1520 3210 quae
1562 3134 1623 3193 in
1671 3134 1870 3194 multis
1922 3134 2176 3211 dialogis
2226 3135 2443 3213 prioris
2487 3134 2769 3212 temporis

529 3235 798 3296 homines
839 3234 1158 3311 loquentes
1201 3234 1362 3314 facit,
1405 3236 1695 3312 suspicari
1740 3237 1898 3315 licet,
1942 3255 2119 3313 quam
2160 3238 2548 3297 vehementer
2590 3236 2765 3296 etiam

529 3336 834 3400 Ciceronis
863 3336 1230 3415 temporibus
1257 3337 1428 3397 multi
1455 3338 1709 3398 Romani
1739 3338 1988 3400 Graecis
2019 3339 2235 3400 litteris
2268 3356 2332 3400 se
2363 3338 2768 3417 opposuerint.

529 3439 620 3529 ᾼο
665 3439 999 3516 dignissimi
1055 3440 1341 3500 memoria
1400 3439 1686 3500 videntur
1745 3441 2081 3520 complures
2124 3440 2265 3513 loci,
2328 3460 2361 3502 e
2406 3433 2625 3518 quibus
2682 3440 2766 3501 in-

528 3541 866 3621 tellegItur‚
924 3541 1069 3619 quid
1114 3542 1363 3603 Crassus
1408 3546 1468 3603 et
1511 3542 1837 3616 Antonius,
1890 3543 2066 3621 longe
2112 3545 2346 3622 optimi,
2401 3543 2453 3604 si
2497 3543 2769 3613 Ciceroni,

700 3758 744 3823 ⁸)
779 3754 850 3811 ct.
888 3755 941 3809 d.
965 3760 1078 3823 opt.
1109 3771 1162 3824 g.
1187 3771 1266 3811 or.
1291 3760 1376 3811 14:
1416 3757 1716 3821 „Converti
1741 3757 1884 3812 enim
1912 3772 1981 3812 ex
2006 3755 2217 3813 Atticis
2243 3757 2477 3812 duorum
2502 3757 2765 3826 eloquen-

529 3840 865 3897 tissimorum
911 3840 1290 3896 nobilissimas
1336 3841 1618 3898 orationes
1662 3842 1808 3897 iuter
1845 3857 2017 3912 seque
2054 3843 2362 3898 contrarias
2404 3839 2679 3897 Aeschini
2714 3846 2771 3895 et

528 3925 919 3996 Demostheni3
953 3941 1060 3981 nec
1095 3926 1347 3982 converti
1373 3933 1437 3981 ut
1459 3926 1752 3997 interpres,
1790 3928 1890 3983 sed
1916 3934 1981 3982 ut
2017 3933 2221 3997 orator,
2257 3927 2550 3983 sententiis
2571 3927 2769 3982 iisdem

531 4018 589 4068 et
633 4028 815 4068 earum
863 4009 1056 4067 formis
1100 4018 1363 4080 tanquam
1413 4008 1636 4081 figuris,
1681 4014 1872 4069 verbis
1916 4014 1988 4068 ad
2022 4020 2263 4069 nostram
2308 4012 2768 4068 consuetudinem

531 4098 710 4168 aptis3
751 4097 813 4151 iu
848 4096 1052 4166 quibus
1099 4113 1212 4151 nou
1249 4098 1483 4152 verbum
1531 4114 1634 4168 pro
1670 4098 1847 4154 verbo
1892 4114 2122 4154 necesse
2157 4098 2323 4154 habui
2360 4098 2620 4165 reddere,
2668 4096 2769 4152 sed

533 4198 715 4253 genus
751 4197 913 4237 omne
949 4182 1246 4236 verborum
1285 4182 1510 4251 vimque
1548 4183 1788 4238 servavi.
1856 4183 1979 4239 Non
2007 4182 2153 4238 enim
2190 4198 2257 4237 ea
2289 4198 2376 4238 me
2411 4168 2797 4238 annumerare'

533 4267 727 4321 lectori
760 4267 956 4336 putavi
991 4271 1265 4337 oportere,
1305 4267 1405 4321 sed
1443 4272 1706 4335 tanquam
1741 4268 2108 4337 appendere.“
