3166 4871
446 267 572 331 278

573 446 630 504 4.
704 445 995 508 Hercules
1040 449 1112 509 cf.
1164 451 1266 511 Ac.
1311 469 1400 527 pr.
1434 455 1488 520 2,
1520 455 1622 514 89.

577 552 632 608 5.
709 548 921 610 Medea
966 551 1036 611 cf.
1084 551 1141 612 d.
1187 552 1285 613 fin.
1319 558 1371 625 1,
1407 559 1465 615 4.

580 653 633 710 6.
707 650 1075 715 Phoenissae
1136 655 1212 716 cf.
1258 654 1316 717 d.
1360 657 1456 716 off.
1504 662 1562 734 3,
1598 659 1681 718 82
1724 681 1808 703 =
1856 676 1952 717 vv.
1984 662 2106 719 525
2165 662 2226 717 et
2279 662 2401 719 526
2455 657 2563 733 K.;
2617 656 2694 717 ad

709 753 823 815 Att.
859 759 916 834 2,
947 760 1047 834 25,
1081 763 1113 819 1
1148 783 1231 806 --
1260 778 1316 820 v.
1348 762 1472 823 394
1520 761 1627 837 K.;
1670 760 1812 820 ibid.
1844 764 1899 837 7,
1934 764 2028 829 11,
2066 765 2098 821 1
2133 784 2215 807 =
2250 779 2303 820 V.
2335 764 2457 822 507
2506 760 2583 820 K.

586 859 640 916 7.
713 856 975 920 Phrixus
1020 860 1091 920 of.
1136 862 1315 922 Tuae.
1348 866 1406 940 3,
1436 866 1515 924 67
1547 886 1631 909 =
1662 860 1733 922 fr.
1762 865 1888 924 818
1932 859 2098 938 N.⁹⁸)

579 961 637 1021 e.
707 959 1005 1041 Theseus·
1037 962 1112 1024 es.
1171 965 1352 1025 Taso.
1414 969 1487 1043 3,
1531 969 1612 1028 29
1659 990 1742 1013 =
1790 965 1862 1025 fr.
1909 968 2030 1027 392
2080 966 2154 1026 N.
2198 995 2284 1007 —
2327 963 2469 1026 ibid.
2514 948 2572 1036 3,·
2617 966 2697 1025 58

710 1060 968 1136 (initium
1014 1065 1281 1144 ejusdem
1331 1067 1694 1144 fragmenti).

629 1165 943 1229 Accedunt
997 1168 1158 1230 haud
1219 1188 1452 1248 paucae
1499 1169 1873 1248 tragoediae,
1931 1189 2004 1231 ex
2064 1169 2279 1248 quibus
2322 1171 2407 1230 ita
2466 1169 2701 1247 profert

457 1268 640 1340 leone,
685 1273 767 1340 ut,
816 1289 952 1330 num
1000 1272 1138 1333 illas
1185 1274 1440 1351 noverit,
1484 1291 1605 1334 non
1650 1272 1796 1334 satis
1840 1281 2160 1352 appareat,
2218 1289 2579 1350 quamquam
2624 1271 2699 1332 de

456 1370 764 1431 nonnullis
808 1371 1066 1450 quidem,
1116 1380 1181 1436 ut
1223 1375 1298 1436 de
1343 1375 1691 1455 Hippolyto,
1747 1376 2102 1454 Hypsipyla,
2158 1376 2387 1445 Oreste,
2448 1375 2560 1435 hoc
2604 1392 2699 1435 su·

454 1473 670 1551 spicari
718 1475 887 1536 licet:

589 1581 642 1637 1.
714 1576 1102 1639 Andromeda
1145 1580 1221 1640 cf.
1268 1579 1322 1640 d.
1369 1580 1465 1641 fin.
1498 1585 1553 1652 2,
1590 1585 1710 1644 105
1741 1606 1825 1628 ===
1858 1580 1927 1641 fr.
1963 1585 2081 1643 131
2116 1581 2194 1641 N.

587 1684 644 1741 2.
715 1680 1091 1760 Chrysippus
1136 1681 1212 1744 cf.
1255 1683 1438 1744 Tusc.
1468 1688 1532 1761 4,
1566 1688 1641 1745 71
1694 1683 1809 1744 vid.
1852 1682 2090 1744 Nauck.
2135 1683 2173 1744 l.
2216 1682 2254 1742 l.
2298 1702 2353 1761 p.
2385 1684 2528 1744 497.

586 1788 641 1843 3.
717 1783 1083 1862 Hippolytus
1128 1785 1202 1846 cf.
1266 1785 1342 1846 ad
1404 1787 1472 1862 Q.
1536 1786 1609 1847 fr.
1655 1792 1711 1859 3,
1747 1791 1799 1858 1,
1846 1791 1921 1848 18
1953 1810 2035 1832 =
2069 1805 2125 1847 v.
2164 1788 2289 1849 438
2334 1786 2443 1861 K.;
2501 1783 2558 1844 d.
2604 1784 2701 1844 off.

716 1890 772 1957 3,
806 1889 928 1949 108
957 1911 1041 1935 =
1071 1906 1125 1947 v.
1157 1892 1279 1951 607
1328 1890 1402 1950 K.

587 1992 645 2050 4.
720 1990 1060 2068 Hypsipyla
1102 1991 1177 2052 cf.
1220 1992 1403 2053 Tusc.
1436 1997 1493 2069 3,
1523 1996 1606 2055 59
1637 2017 1720 2040 =
1753 1991 1823 2054 fr.
1872 1994 1992 2054 757
2044 1993 2114 2052 N.
2130 1989 2209 2063 ⁰⁹)

590 2097 648 2153 5.
719 2092 833 2153 Jon
880 2092 957 2152 cf.
1002 2093 1078 2154 ad
1125 2095 1247 2155 Att.
1282 2099 1378 2172 13,
1413 2099 1510 2171 11,
1545 2101 1577 2157 1
1609 2120 1695 2142 =
1726 2094 1798 2155 fr.
1828 2099 1953 2157 585
1999 2095 2071 2155 Ν.

591 2198 647 2255 6.
720 2194 968 2257 Orestes
1014 2196 1087 2257 cf.
1130 2198 1310 2258 Tusc.
1341 2202 1398 2269 4,
1429 2200 1511 2259 63
1542 2223 1626 2244 =
1656 2216 1753 2258 vv.
1790 2203 1820 2259 1
1844 2201 1987 2259 —5
2031 2196 2109 2257 Κ.

595 2301 647 2358 7.
720 2299 1033 2376 Supplices
1078 2300 1152 2360 cf.
1196 2299 1272 2360 ad
1318 2300 1390 2376 Q.
1437 2300 1508 2360 fr.
1541 2305 1597 2377 2,
1634 2304 1729 2378 15,
1761 2304 1798 2363 5
1830 2325 1912 2347 =
1944 2318 2002 2360 ν.
2037 2303 2151 2360 121
2206 2300 2277 2358 Κ.

590 2403 649 2463 8.
721 2400 1030 2479 Telephus
1059 2401 1136 2465 cf.
1165 2403 1239 2464 ad
1271 2403 1395 2465 Att.
1424 2408 1482 2483 4,
1514 2408 1569 2476 6,
1604 2407 1641 2467 2
1671 2428 1754 2451 =
1786 2403 1857 2466 fr.
1892 2408 2012 2466 722
2046 2403 2146 2474 Ν.;
2176 2401 2252 2463 ad
2286 2403 2405 2463 Att.
2438 2406 2489 2478 1,
2521 2404 2618 2472 20,
2651 2403 2705 2460 3.

637 2504 745 2564 Cui
793 2522 1041 2565 numero
1072 2524 1146 2566 ex
1191 2507 1491 2568 hominum
1524 2505 1836 2568 doctorum
1883 2505 2180 2568 sententia
2221 2504 2536 2565 addendae
2567 2508 2709 2564 sunt

464 2606 579 2666 hae
624 2605 893 2666 fabulae:

595 2712 651 2771 9.
723 2707 1067 2770 Alexander
1111 2709 1184 2772 cs.
1230 2710 1285 2771 d.
1331 2711 1429 2772 fin.
1461 2717 1519 2790 3,
1552 2716 1634 2774 64
1668 2737 1752 2759 ===
1782 2712 1898 2772 inc.
1943 2711 2058 2771 ine.
2086 2713 2213 2772 430
2258 2711 2364 2771 N.:
2413 2708 2549 2769 huic
2591 2713 2707 2768 tra-

721 2811 973 2888 goediae
1021 2830 1258 2874 versum
1305 2813 1688 2876 tribuendum
1747 2833 1879 2876 esse
1924 2813 2180 2892 conjecit
2229 2814 2574 2889 Musgrave,
2634 2810 2711 2870 cs.

722 2913 960 2975 Nauck.
1004 2914 1042 2975 l.
1073 2915 1110 2976 l.

556 3021 651 3078 10.
725 3017 1099 3080 Erechtheus
1154 3019 1229 3080 cf.
1287 3020 1361 3079 ad
1421 3019 1557 3081 fam.
1612 3025 1706 3091 12,
1758 3024 1854 3099 14,
1897 3023 1932 3080 7
1979 3043 2061 3066 =
2107 3019 2219 3079 inc.
2264 3018 2377 3078 inc.
2426 3019 2547 3080 339
2607 3016 2712 3076 N.:

731 3120 874 3181 hnic
902 3122 1246 3199 tragoediae
1278 3140 1516 3184 versum
1549 3123 1874 3201 adscripsit
1902 3124 1970 3183 R.
1995 3121 2222 3182 Person
2258 3120 2332 3179 cf.
2364 3116 2577 3180 Nauck
2610 3118 2646 3178 l.
2677 3118 2712 3178 1.

560 3226 654 3283 11.
728 3223 1065 3286 Philocteta
1096 3225 1169 3284 cf.
1201 3225 1258 3286 d.
1288 3244 1373 3287 or.
1404 3231 1460 3304 3,
1488 3230 1636 3303 1413
1682 3224 1759 3287 ad
1785 3226 1906 3286 Att.
1935 3222 1993 3294 6,
2016 3226 2075 3302 8,
2097 3227 2135 3285 5
2168 3247 2249 3270 ===
2280 3222 2395 3283 inc.
2428 3222 2541 3282 inc.
2571 3220 2641 3280 fr.
2670 3222 2711 3282 8

725 3326 826 3385 N.:
872 3326 1012 3388 huic
1054 3327 1288 3390 fabulae
1318 3347 1553 3391 versum
1602 3327 1810 3390 tribuit
1840 3328 1984 3389 satis
2029 3325 2321 3405 probabili
2351 3324 2714 3402 conjectura,

725 3427 798 3489 A.
827 3428 1042 3490 Nauck
1084 3429 1119 3490 l.
1149 3430 1185 3491 l.

645 3530 924 3608 Denique
969 3536 1208 3594 exstant
1248 3532 1409 3612 apud
1442 3533 1788 3595 Ciceronem
1826 3532 2099 3592 nonnulli
2148 3548 2358 3591 versus
2390 3526 2715 3606 Euripidei,

476 3633 577 3710 qui
622 3632 699 3692 ad
746 3651 923 3710 quam
969 3636 1369 3713 pertinuerint
1411 3634 1696 3713 fabulam,
1740 3653 1861 3695 non
1909 3637 2160 3696 constat.

609 3740 661 3797 1.
732 3736 843 3796 inc.
891 3737 1006 3797 inc.
1036 3740 1158 3800 897
1206 3738 1280 3798 N.
1326 3736 1400 3797 cf.
1448 3736 1523 3797 ad
1571 3735 1705 3797 fam.
1743 3741 1839 3809 13,
1873 3740 1970 3813 15,
2000 3740 2061 3798 2.

604 3842 661 3901 2.
733 3837 871 3900 ibid.
904 3843 1027 3902 898
1073 3840 1146 3900 N.
1193 3838 1269 3900 cf.
1310 3839 1389 3899 ad
1436 3839 1572 3900 fam.
1609 3844 1707 3918 16,
1737 3842 1793 3912 8,
1826 3842 1883 3901 2.

651 4092 719 4156 ⁹⁸)
753 4088 824 4144 cf.
872 4090 942 4145 A.
981 4089 1176 4145 Nauck
1215 4088 1629 4144 adnotationem
1665 4088 1735 4142 ad
1774 4087 1920 4141 hunc
1955 4085 2134 4140 locum
2171 4091 2229 4140 et
2262 4083 2333 4137 ad
2368 4081 2561 4151 fragm.
2599 4086 2717 4134 816.

647 4176 716 4243 ⁹⁹)
751 4175 907 4231 Hanc
944 4174 1186 4231 fabulam
1225 4174 1392 4245 priori
1416 4173 1611 4243 generi
1653 4172 1873 4228 adicere
1897 4186 2008 4226 non
2032 4170 2356 4236 dubitarem,
2391 4167 2502 4221 nisi
2519 4181 2719 4221 versus

476 4260 575 4329 illi,
612 4262 705 4331 qui
746 4261 1120 4331 proferuntur,
1157 4277 1227 4317 ex
1266 4257 1537 4315 Antiochi
1571 4259 1710 4315 libro
1745 4257 1983 4329 quodum
2029 4255 2184 4311 ducti
2218 4267 2344 4309 esse
2379 4251 2717 4308 viderentur.
