3166 4871
554 286 678 350 21⁴

553 481 598 521 s.
645 479 697 518 v.
742 446 887 538 „fin
931 453 1223 536 givovg‘fl
1310 460 1568 519 Facinus
1615 459 1759 519 illud
1807 458 2180 535 praeclarum
2229 474 2348 516 nou
2394 460 2485 515 est
2524 473 2632 515 cur
2661 474 2793 515 cum

554 562 859 622 nonnullis
931 561 1327 640 scriptoribus
1401 562 1616 639 Satyro
1690 560 2102 638 abjudicemus
2173 563 2235 619 et
2306 560 2366 619 in
2432 557 2794 618 Phocionem

552 664 934 725 conferamus
979 663 1079 737 (cf.
1124 663 1365 725 Suidam
1413 682 1458 724 s.
1493 683 1546 723 v.
1593 657 1918 723 Φωκίων.·
1965 693 2092 734 ,‚—
2122 646 2159 720 ὃ
2204 654 2276 720 δὲ
2323 652 2436 719 ἐπὶ
2481 648 2797 738 Σατύρου

551 761 754 845 φησὶν
797 753 835 826 ὁ
881 760 1313 846 Δημοσθένης
1359 756 1554 826 ἕνεκα
1599 763 1741 825 τῶν
1786 749 2332 840 Ἀπολλοφάνους
2374 755 2797 842 θυγατέρων,

548 864 752 928 τοῦτο
797 862 890 940 εἰς
920 858 1259 929 Φωκίωνά
1305 886 1480 940 τινες
1524 853 1961 947 ἀναφέρουσι,
2007 861 2118 926 καί
2165 880 2371 943 φασιν
2416 851 2522 925 ὅτι
2566 850 2797 938 λαβών

551 956 758 1042 αι’·τάς
810 963 903 1043 εἰς
945 955 1223 1052 Ἀθήνας
1279 957 1481 1051 ἤγαγε
1526 966 1641 1030 καὶ
1700 963 2128 1049 ἐξέδωκεν.“),
2189 971 2332 1048 quia
2376 988 2412 1028 a
2456 966 2795 1038 Plutarcho,

551 1074 827 1134 Cornelio
873 1075 1146 1153 Nepote,
1207 1074 1478 1153 Diogene
1525 1073 1594 1133 L.
1641 1075 1745 1133 vit.
1790 1074 1964 1151 Diog.
2008 1072 2158 1148 Cyn.
2205 1075 2303 1148 76,
2347 1072 2541 1131 Dione
2584 1069 2797 1147 Chrys.

552 1180 699 1236 orat.
745 1180 824 1237 73
871 1176 1160 1236 Phocioni
1209 1177 1323 1236 hoc
1371 1175 1606 1236 facinus
1651 1193 1769 1235 uon
1818 1175 2113 1235 tribuitur.

720 1279 1001 1355 Satyrum
1071 1277 1372 1339 nobilioris
1445 1277 1628 1338 fuisse
1700 1277 2052 1337 histrionum
2126 1276 2485 1338 comicorum
2551 1274 2797 1351 ordinis,

549 1380 587 1441 i.
631 1397 680 1440 e.
726 1379 1048 1458 primarum
1093 1385 1375 1456 actorem,
1421 1398 1454 1440 e
1498 1380 1630 1439 loco
1673 1380 1779 1439 illo
1824 1378 2285 1440 Demosthenico
2329 1384 2390 1438 et
2432 1377 2793 1438 Plutarcheo

550 1480 653 1556 (de
692 1498 756 1541 se
796 1482 902 1558 ips.
933 1479 1144 1559 XVII),
1190 1480 1287 1542 ubi
1333 1487 1713 1559 comparatur
1758 1500 1891 1541 cum
1930 1479 2252 1541 Theodoro
2295 1480 2528 1556 tragico
2572 1487 2794 1550 actore,

551 1582 955 1661 colligendum
1002 1601 1135 1644 esse
1181 1583 1319 1643 mihi
1369 1583 1624 1644 videtur.

722 1684 842 1744 Iam
876 1689 1250 1745 revertamur
1288 1686 1366 1745 ad
1396 1686 1592 1745 locum
1624 1704 1696 1745 ex
1729 1686 2002 1745 oratione
2029 1684 2366 1745 Aeschines
2395 1684 2792 1763 desumptum,

550 1806 670 1865 quo
733 1787 986 1862 Satyrus
1052 1786 1270 1847 dicitur
1335 1769 1416 1858 „5
1480 1779 1605 1866 μὲν
1668 1771 1831 1857 τους
1900 1780 2254 1864 Καρίωνας
2316 1780 2428 1845 καὶ
2490 1778 2793 1856 Ξανθίας

551 1871 1146 1966 ὑποκρινόμενος“,
1189 1888 1408 1966 quibus
1455 1889 1655 1949 verbis
1699 1888 2017 1949 scholiasta
2057 1889 2337 1967 ascripsit
2377 1888 2558 1950 haec:
2600 1877 2794 1967 υτούς

549 1987 711 2068 Καρ.
768 1985 881 2048 καὶ
927 1974 1344 2055 Ξανθ.-ἄντὶ
1409 1987 1531 2049 τοῦ
1602 1980 1892 2062 δούλους
1924 1985 2254 2049 ’τοιαῦτα
2320 1979 2444 2069 γὰρ
2504 1980 2589 2049 τὰ
2649 1988 2793 2050 τῶν

549 2083 815 2153 δούλων
857 2077 1191 2171 πρόσωπα
1239 2082 1568 2171 εἰσάγεται
1614 2086 1706 2164 εἰς
1750 2082 1873 2173 τὴν
1902 2086 2292 2171 κωμῳδίαν,
2338 2088 2650 2158 Ξανθίου
2679 2087 2791 2151 καὶ

464 2255 470 2261 ,
548 2190 900 2275 Καρίωνος
945 2190 1058 2254 καὶ
1102 2181 1332 2254 ἄλλων
1375 2193 1641 2254 τινῶν.“
1748 2189 2023 2273 Καρίων
2067 2197 2251 2257 fuisse
2298 2214 2511 2256 nomen
2556 2197 2793 2274 servile,

548 2317 623 2358 ex
654 2298 1076 2375 Aristophanis
1106 2299 1304 2377 Pluto,
1349 2298 1677 2374 Euphrone
1723 2317 1817 2375 ap.
1848 2298 2065 2358 Athen.
2098 2299 2200 2375 IX,
2238 2316 2293 2375 p.
2327 2292 2502 2375 377⁶,
2545 2299 2792 2359 Lucian.

547 2400 771 2478 Catapl.
808 2404 885 2462 12
920 2400 1307 2479 intelligitur3
1351 2400 1507 2462 idem
1554 2400 1740 2461 fuisse
1770 2391 2093 2473 Ξανθίας,
2140 2402 2559 2480 Aristophanis
2588 2402 2791 2463 Ranae

547 2507 609 2563 et
657 2503 885 2579 Vespae
945 2503 1182 2563 docent.
1295 2504 1384 2562 Ac
1442 2502 1807 2578 singularem
1876 2502 2114 2580 quidem
2178 2502 2312 2562 dico
2370 2504 2566 2565 locum
2621 2505 2789 2565 illum

546 2604 980 2682 Aeschineum‚
1043 2603 1269 2682 quippe
1330 2622 1453 2681 quo
1512 2610 1810 2663 certarum
1853 2621 2249 2680 personarum
2309 2610 2516 2682 partes
2571 2605 2647 2666 ab
2706 2608 2790 2666 hi·

547 2705 774 2765 strioue
827 2706 1051 2765 comico
1109 2710 1283 2766 actae
1345 2704 1785 2783 significentur,
1854 2705 1914 2764 id
1970 2705 2133 2783 quod
2196 2725 2491 2785 nusquam
2550 2715 2790 2787 praeter

545 2807 708 2867 huuc
769 2806 997 2885 locum,
1056 2806 1221 2884 quod
1268 2806 1550 2885 equidem
1598 2807 1814 2884 sciam,
1871 2806 2089 2868 factum
2151 2814 2271 2888 est3
2344 2816 2603 2871 attamen
2664 2810 2792 2871 fieri

505 2909 784 2987 ·nequit‚
868 2915 931 2969 ut
995 2909 1374 2970 inhaerentes
1441 2910 1699 2970 oratoris
1776 2910 1978 2970 verbis
2045 2915 2377 2972 statuamus
2434 2912 2493 2971 in
2580 2914 2792 2973 aetatis

544 3012 922 3079 Aeschineae
967 3012 1289 3072 comoediis
1328 3030 1639 3072 servorum
1684 3019 1888 3089 partes
1929 3015 2206 3090 proprias
2236 3013 2421 3074 fuisse
2465 3015 2789 3091 primarum

548 3119 838 3175 actorum.
931 3115 1200 3174 Vidimus
1231 3115 1586 3175 Aeschinem
1634 3113 1749 3174 hoc
1794 3114 1926 3175 loco
1970 3116 2057 3173 uti
2107 3117 2341 3176 ratione
2387 3115 2791 3194 deformandi;

544 3216 749 3277 eadem
798 3216 1029 3277 ratione
1075 3217 1135 3276 in
1183 3217 1332 3294 ipsis
1381 3217 1470 3277 his
1514 3217 1717 3276 verbis
1765 3217 1849 3276 uti
1896 3216 2037 3277 mihi
2084 3217 2354 3293 videtur,
2414 3219 2498 3278 ita
2543 3225 2609 3279 ut
2652 3237 2789 3279 con·

543 3318 680 3379 silio
768 3317 983 3394 Satyro
1068 3318 1147 3377 ad
1236 3320 1654 3379 auctoritatem
1729 3318 1862 3396 eJus
1944 3318 2406 3379 imminuendam
2480 3339 2788 3382 servorum

542 3419 912 3498 potissimum
944 3424 1147 3497 partes
1177 3419 1471 3491 tribuerit,
1518 3437 1639 3497 quo
1683 3421 1869 3498 magis
1913 3413 2301 3498 ,,Καρίωνος
2344 3427 2403 3482 et
2445 3413 2790 3489 Ξανθίου“

543 3526 746 3599 partes
808 3523 1009 3599 agenti
1060 3523 1192 3598 ipse
1246 3529 1585 3599 opponatur
1648 3509 1723 3600 „o
1777 3518 1894 3603 τῆς
1953 3517 2263 3603 μεγίστης
2313 3513 2580 3597 πόλεως
2634 3513 2790 3603 σύμ·

538 3619 805 3697 βουλος,
851 3615 888 3681 ὁ
934 3613 1096 3694 τούς
1134 3617 1416 3702 μυρίους
1443 3609 1780 3701 Ἀρκάδων
1825 3620 2241 3685 νουθετῶν“.
2329 3625 2623 3702 Quoniam
2670 3648 2787 3687 nou

539 3730 780 3787 exstant
845 3725 1076 3786 mediae
1133 3745 1288 3803 quae
1336 3726 1555 3787 dicitur
1599 3726 1942 3787 comoediae
1986 3728 2257 3804 fabulae,
2312 3729 2524 3806 quales
2569 3730 2791 3790 fuerint

540 3833 664 3889 tum
709 3828 993 3905 temporis
1037 3845 1346 3888 servorum
1392 3829 1451 3888 in
1498 3828 1818 3889 comoediis
1876 3835 2082 3907 partes
2127 3848 2244 3890 non
2293 3834 2558 3910 constat3
2630 3834 2679 3893 si
2727 3835 2787 3891 in

538 3930 735 3993 media
813 3929 1118 3995 comoedia
1189 3938 1406 3990 natura
1461 3948 1669 3990 earum
1728 3936 1909 4008 atque
1971 3930 2243 3992 condicio
2304 3932 2509 3994 eadem
2573 3935 2791 3994 mansit

534 4036 717 4111 atque
800 4034 857 4092 in
949 4030 1164 4091 fabulis
1230 4030 1689 4109 Aristophaneis
1709 4076 1727 4111 ,
1802 4049 2115 4094 servornm
2194 4038 2394 4111 partes
2464 4034 2789 4113 primarum

533 4136 736 4195 actore
818 4152 1008 4210 aeque
1108 4132 1326 4209 dignae
1397 4133 1578 4193 fuisse
1661 4133 1799 4193 mihi
1888 4133 2166 4194 videntur
2267 4140 2451 4212 atque
2539 4137 2786 4197 aliarum

533 4253 927 4315 personarum
1011 4240 1245 4312 partes3
1339 4235 1396 4293 in
1485 4235 1700 4295 fabulis
1791 4236 2253 4312 Aristophaneis
2343 4238 2557 4314 partim
2646 4242 2787 4299 sunt
