3166 4871
571 320 692 381 3715

1481 486 1902 553 Brixillum.

738 616 831 675 De
874 614 1122 675 Brixillo
1169 612 1319 673 nihil
1363 614 1649 690 comperi.

1504 794 1874 861 Placentia

564 925 679 985 fuit
721 924 955 983 colonia
1000 922 1213 981 Latina
1256 939 1310 980 a.
1355 925 1478 982 536
1526 921 1802 981 deducta.
1847 952 1930 962 —
1987 922 2151 998 Lege
2197 924 2350 983 Iulia
2410 926 2682 1001 pervenit
2734 925 2813 986 ad

564 1029 862 1088 civitatem
904 1027 1228 1085 Romanam
1277 1029 1337 1083 et
1380 1031 1519 1101 post
1562 1025 1623 1082 id
1668 1031 1904 1101 tempus
1949 1027 2332 1103 municipium
2379 1031 2630 1087 vocatur
2674 1035 2735 1087 et
2777 1047 2815 1087 a

566 1130 851 1191 Cicerone
927 1130 985 1187 in
1060 1127 1383 1186 Pisoniana
1454 1127 1615 1203 apud
1690 1127 2011 1187 Asconium
2089 1149 2145 1205 p.
2191 1133 2227 1190 3
2304 1129 2400 1198 (cf.
2464 1131 2817 1207 Marquardt

565 1232 774 1293 enchir
819 1236 859 1291 4
905 1250 958 1307 p.
1006 1227 1111 1300 60)
1158 1235 1218 1287 et
1262 1229 1319 1287 in
1368 1229 1583 1298 titulis,
1645 1230 1692 1287 si
1755 1237 1916 1289 recte
1983 1250 2020 1289 a
2079 1232 2442 1291 Mommseuo
2497 1234 2815 1309 suppletur

562 1335 769 1395 titulus
802 1334 867 1391 V.
900 1353 956 1392 n.
988 1335 1153 1393 5847
1195 1350 1267 1390 ex
1299 1330 1418 1390 alio
1452 1332 1799 1391 Placentino
1834 1334 2009 1392 titulo
2039 1325 2304 1411 reperto:
2357 1336 2507 1395 Mur.
2543 1339 2725 1396 1067.
2754 1340 2810 1395 4.

563 1439 641 1497 Et
702 1438 874 1496 etiam
931 1436 992 1493 in
1037 1434 1153 1494 alio
1216 1434 1389 1493 titulo
1453 1435 1604 1493 Mur.
1651 1438 1791 1506 679,
1842 1440 1872 1495 1
1939 1438 2240 1512 reperitur
2300 1456 2409 1513 pro
2455 1437 2514 1496 11
2557 1438 2653 1497 vir
2694 1438 2814 1497 1111

562 1540 674 1616 vir,
720 1537 934 1597 alicubi
979 1537 1039 1596 11
1084 1537 1194 1596 vir.

1549 1717 1821 1782 Mutina

561 1846 674 1906 fuit
717 1845 956 1905 colonia
999 1845 1214 1903 civium
1264 1844 1679 1902 Romanorum.
1741 1873 1825 1882 —
1883 1843 2073 1902 Etiam
2121 1844 2197 1904 ob
2243 1863 2370 1903 eam
2419 1863 2660 1905 causam
2708 1847 2810 1905 im-

561 1951 864 2026 peratoria
909 1953 1101 2006 aetate
1148 1945 1380 2006 colonia
1426 1953 1811 2021 nuncupatur
1854 1946 1912 2004 in
1960 1947 2131 2005 titulo
2163 1948 2322 2023 apud
2371 1949 2524 2007 Mur.
2558 1953 2738 2025 1112,
2769 1953 2807 2008 5

562 2053 664 2128 qui
710 2052 950 2110 vitiatus
992 2051 1295 2109 invenitur
1337 2048 1496 2124 apud
1544 2047 1711 2108 Grut.
1761 2053 1943 2126 1160,
1987 2053 2023 2110 3
2071 2048 2168 2122 (cf.
2213 2051 2400 2126 Mai-q.
2449 2051 2485 2109 1.
2532 2053 2604 2118 c.)

1556 2229 1820 2295 Parma

557 2360 672 2420 fuit
730 2359 964 2420 colonia
1021 2358 1236 2417 civium
1282 2351 1688 2416 Romanorum
1736 2376 1788 2416 a.
1835 2361 1953 2418 571
2020 2356 2280 2417 deducta
2325 2363 2385 2418 et
2428 2359 2662 2419 colonia
2704 2378 2808 2438 ap·

559 2464 820 2541 pellatur
877 2464 935 2522 in
992 2461 1164 2521 titulo
1226 2448 1559 2520 honorat-io*
1590 2461 1659 2518 V.
1703 2480 1758 2519 n.
1807 2464 1994 2522 8659.
2082 2460 2203 2522 Sed
2252 2463 2426 2521 etiam
2471 2464 2808 2524 testimonia

560 2570 832 2641 exstant,
892 2564 1111 2640 quibus
1166 2563 1240 2622 ab
1299 2564 1572 2638 Augusto
1638 2567 1954 2622 veteranos
2020 2564 2292 2622 Parmam
2340 2564 2630 2625 deductos
2675 2584 2808 2626 esse

558 2667 797 2745 probari
857 2666 1058 2741 possit.
1163 2665 1317 2724 Nam
1380 2663 1715 2724 invenimus
1775 2665 2027 2725 Parmae
2092 2666 2328 2726 titulum
2376 2667 2534 2726 huuc
2579 2660 2807 2745 (wilm.

563 2768 782 2841 1448):

1134 2913 1373 2929 ......
1417 2869 1626 2929 Tertia
1663 2862 1673 2947 Ι
1712 2888 1835 2964 uxo
1879 2889 1910 2929 ι·

1138 2989 1204 3047 L.
1251 2987 1547 3047 Vettidius
1594 2987 1657 3048 G.
1700 2988 1738 3047 f.
1785 2994 2107 3049 veteranus
2151 2990 2266 3066 leg.
2310 2991 2424 3049 XII
2462 2983 2472 3070 Ι
2511 2991 2807 3052 Paternae

1135 3092 1339 3150 sexvir
1382 3090 1495 3149 aed

728 3211 847 3273 Sed
894 3211 1082 3271 solum
1132 3228 1285 3269 unus
1332 3211 1430 3269 vel
1476 3209 1634 3268 alter
1680 3214 2001 3270 veteranus
2047 3211 2343 3271 deductus
2386 3212 2626 3272 videtur
2656 3230 2806 3285 esse,

556 3334 692 3375 nam
737 3315 890 3390 legio
935 3314 1051 3373 XII
1109 3313 1285 3372 etiam
1348 3320 1487 3389 post
1544 3311 1762 3372 bellum
1829 3313 2003 3372 civile
2065 3321 2303 3374 retenta
2353 3320 2446 3374 est
2490 3320 2551 3375 et
2593 3321 2806 3392 postea

557 3435 770 3476 nomen
820 3414 1229 3487 „Fulminata“
1282 3410 1588 3491 accepit.¹)
1620 3446 1703 3453 —
1749 3414 2032 3475 Coloniae
2079 3420 2276 3476 autem
2322 3436 2538 3476 nomen
2585 3435 2804 3493 cogno·

554 3538 722 3580 scere
753 3519 1022 3577 videmur
1066 3538 1141 3577 ex
1188 3517 1359 3577 titulo
1386 3516 1755 3593 ‘posterioris
1801 3518 1932 3578 aevi
1978 3519 2141 3594 apud
2186 3518 2358 3579 Grut.
2391 3523 2535 3595 492,
2567 3524 2622 3579 5.
2670 3517 2801 3596 [qui

553 3621 715 3698 apud
760 3622 911 3681 Mur.
960 3625 1139 3692 1110,
1185 3624 1222 3679 5
1267 3621 1512 3679 vitiatus
1559 3620 1923 3698 inveniturl,
1984 3622 2079 3680 ubi
2142 3622 2392 3699 legimus
2457 3628 2649 3699 „patin
2693 3623 2806 3681 col.

542 3724 666 3784 ·1u1.
730 3725 885 3799 Aug.
948 3724 1175 3782 Parm.“
1315 3722 1591 3783 Ceterum
1659 3722 2047 3782 iudicandum
2113 3731 2205 3783 est
2266 3743 2386 3784 non
2456 3724 2665 3784 deesse
2729 3726 2805 3783 iis

551 3828 907 3896 testimonia,
953 3828 1055 3903 qui
1101 3827 1375 3884 Parmam
1421 3824 1677 3901 Augusti
1722 3826 2010 3885 coloniam
2059 3825 2242 3886 fuisse
2291 3832 2593 3898 censeant,
2639 3832 2806 3887 certe

553 3928 813 3989 discerni
861 3947 985 3988 rem
1032 3946 1150 3988 uon
1200 3945 1395 4005 posse.

727 4213 765 4274 ¹)
803 4176 1204 4263 Vllilmauusius
1222 4208 1476 4262 adnotat:
1516 4215 1747 4276 paterna
1782 4209 2062 4277 appellata
2084 4216 2172 4264 est
2196 4210 2359 4279 legio,
2387 4226 2512 4263 cum
2539 4208 2799 4277 Augusti

550 4294 816 4350 exercitui
852 4295 1259 4348 adscriberetur
1296 4294 1530 4347 necdum
1570 4292 1893 4347 t'ulminatae
1930 4310 2130 4348 nomen
2165 4297 2491 4364 accepisset.
