<?xml version="1.0" encoding="UTF-8"?>
<!DOCTYPE html PUBLIC "-//W3C//DTD XHTML 1.0 Transitional//EN"
    "http://www.w3.org/TR/xhtml1/DTD/xhtml1-transitional.dtd">
<html xmlns="http://www.w3.org/1999/xhtml" xml:lang="en" lang="en">
 <head>
  <title>
</title>
<meta http-equiv="Content-Type" content="text/html;charset=utf-8" />
  <meta name='ocr-system' content='tesseract 3.04.00' />
  <meta name='ocr-capabilities' content='ocr_page ocr_carea ocr_par ocr_line ocrx_word'/>
</head>
<body>
  <div class='ocr_page' id='page_1' title='image "./dissertationesp00hallgoog_0785.png"; bbox 0 0 3166 4871; ppageno 0'>
   <div class='ocr_carea' id='block_1_1' title="bbox 2526 330 2640 392">
    <p class='ocr_par' dir='ltr' id='par_1_1' title="bbox 2526 330 2640 392">
     <span class='ocr_line' id='line_1_1' title="bbox 2526 330 2640 392; baseline -0.018 0"><span class='ocrx_word' id='word_1_1' title='bbox 2526 330 2640 392; x_wconf 81' lang='lat'>421</span> 
     </span>
    </p>
   </div>
   <div class='ocr_carea' id='block_1_2' title="bbox 410 509 2659 1517">
    <p class='ocr_par' dir='ltr' id='par_1_2' title="bbox 410 509 2659 1517">
     <span class='ocr_line' id='line_1_2' title="bbox 587 509 2654 588; baseline -0.003 -15"><span class='ocrx_word' id='word_1_2' title='bbox 587 513 757 587; x_wconf 83' lang='lat' dir='ltr'>Quae</span> <span class='ocrx_word' id='word_1_3' title='bbox 805 532 936 572; x_wconf 92' lang='lat' dir='ltr'>cum</span> <span class='ocrx_word' id='word_1_4' title='bbox 983 514 1066 573; x_wconf 85' lang='lat' dir='ltr'>ita</span> <span class='ocrx_word' id='word_1_5' title='bbox 1109 513 1243 588; x_wconf 85' lang='lat' dir='ltr'>sint,</span> <span class='ocrx_word' id='word_1_6' title='bbox 1286 512 1430 571; x_wconf 88' lang='lat' dir='ltr'>satis</span> <span class='ocrx_word' id='word_1_7' title='bbox 1475 511 1712 572; x_wconf 76' lang='lat' dir='ltr'>elucere</span> <span class='ocrx_word' id='word_1_8' title='bbox 1757 509 2012 587; x_wconf 87' lang='lat' dir='ltr'>videtur,</span> <span class='ocrx_word' id='word_1_9' title='bbox 2057 526 2177 585; x_wconf 88' lang='lat' dir='ltr'>qua</span> <span class='ocrx_word' id='word_1_10' title='bbox 2222 509 2451 569; x_wconf 84' lang='lat' dir='ltr'>ratione</span> <span class='ocrx_word' id='word_1_11' title='bbox 2499 526 2654 567; x_wconf 88' lang='lat' dir='ltr'>com—</span> 
     </span>
     <span class='ocr_line' id='line_1_3' title="bbox 410 612 2651 692; baseline -0.003 -15"><span class='ocrx_word' id='word_1_12' title='bbox 410 617 551 677; x_wconf 91' lang='lat' dir='ltr'>moti</span> <span class='ocrx_word' id='word_1_13' title='bbox 610 616 880 676; x_wconf 89' lang='lat' dir='ltr'>homines</span> <span class='ocrx_word' id='word_1_14' title='bbox 924 615 1302 692; x_wconf 79' lang='lat' dir='ltr'>equestribus</span> <span class='ocrx_word' id='word_1_15' title='bbox 1360 614 1581 674; x_wconf 91' lang='lat' dir='ltr'>militiis</span> <span class='ocrx_word' id='word_1_16' title='bbox 1637 614 1823 675; x_wconf 82' lang='lat' dir='ltr'>functi</span> <span class='ocrx_word' id='word_1_17' title='bbox 1872 612 1949 673; x_wconf 90' lang='lat' dir='ltr'>ad</span> <span class='ocrx_word' id='word_1_18' title='bbox 1994 612 2419 690; x_wconf 81' lang='lat' dir='ltr'><strong>primipilatum</strong></span> <span class='ocrx_word' id='word_1_19' title='bbox 2467 612 2651 672; x_wconf 89' lang='lat' dir='ltr'>redie-</span> 
     </span>
     <span class='ocr_line' id='line_1_4' title="bbox 410 713 2648 796; baseline -0.002 -18"><span class='ocrx_word' id='word_1_20' title='bbox 410 719 560 796; x_wconf 89' lang='lat' dir='ltr'>rint;</span> <span class='ocrx_word' id='word_1_21' title='bbox 605 737 713 795; x_wconf 91' lang='lat' dir='ltr'>spe</span> <span class='ocrx_word' id='word_1_22' title='bbox 758 722 1283 795; x_wconf 87' lang='lat' dir='ltr'>procuraturarum</span> <span class='ocrx_word' id='word_1_23' title='bbox 1335 717 1751 794; x_wconf 79' lang='lat' dir='ltr'><strong>capiebantur,</strong></span> <span class='ocrx_word' id='word_1_24' title='bbox 1798 736 1952 794; x_wconf 88' lang='lat' dir='ltr'>quae</span> <span class='ocrx_word' id='word_1_25' title='bbox 2005 715 2356 793; x_wconf 70' lang='lat' dir='ltr'>„primipilis</span> <span class='ocrx_word' id='word_1_26' title='bbox 2400 713 2648 775; x_wconf 85' lang='lat' dir='ltr'>iterum“</span> 
     </span>
     <span class='ocr_line' id='line_1_5' title="bbox 411 818 2656 897; baseline -0.002 -16"><span class='ocrx_word' id='word_1_27' title='bbox 411 822 602 881; x_wconf 89' lang='lat' dir='ltr'>multo</span> <span class='ocrx_word' id='word_1_28' title='bbox 650 822 869 880; x_wconf 87' lang='lat' dir='ltr'>certior</span> <span class='ocrx_word' id='word_1_29' title='bbox 915 823 1074 894; x_wconf 86' lang='lat' dir='ltr'>erat,</span> <span class='ocrx_word' id='word_1_30' title='bbox 1128 839 1303 897; x_wconf 85' lang='lat' dir='ltr'>quam</span> <span class='ocrx_word' id='word_1_31' title='bbox 1366 819 1688 895; x_wconf 82' lang='lat' dir='ltr'>praesectis</span> <span class='ocrx_word' id='word_1_32' title='bbox 1749 826 1854 879; x_wconf 85' lang='lat' dir='ltr'>aut</span> <span class='ocrx_word' id='word_1_33' title='bbox 1895 820 2175 896; x_wconf 70' lang='lat' dir='ltr'>tribunis,</span> <span class='ocrx_word' id='word_1_34' title='bbox 2218 836 2416 896; x_wconf 85' lang='lat' dir='ltr'>neque</span> <span class='ocrx_word' id='word_1_35' title='bbox 2461 818 2656 878; x_wconf 89' lang='lat' dir='ltr'>minus</span> 
     </span>
     <span class='ocr_line' id='line_1_6' title="bbox 410 922 2652 1001; baseline -0.001 -19"><span class='ocrx_word' id='word_1_36' title='bbox 410 924 624 1001; x_wconf 87' lang='lat' dir='ltr'>elucet,</span> <span class='ocrx_word' id='word_1_37' title='bbox 673 924 891 1000; x_wconf 87' lang='lat' dir='ltr'>quibus</span> <span class='ocrx_word' id='word_1_38' title='bbox 925 924 1120 983; x_wconf 86' lang='lat' dir='ltr'>oausis</span> <span class='ocrx_word' id='word_1_39' title='bbox 1167 926 1232 981; x_wconf 91' lang='lat' dir='ltr'>ut</span> <span class='ocrx_word' id='word_1_40' title='bbox 1270 922 1526 983; x_wconf 88' lang='lat' dir='ltr'>tribunis</span> <span class='ocrx_word' id='word_1_41' title='bbox 1556 922 1954 1000; x_wconf 68' lang='lat' dir='ltr'>praesentiave</span> <span class='ocrx_word' id='word_1_42' title='bbox 2000 922 2198 983; x_wconf 90' lang='lat' dir='ltr'>denuo</span> <span class='ocrx_word' id='word_1_43' title='bbox 2229 922 2652 999; x_wconf 82' lang='lat' dir='ltr'>primipilatum</span> 
     </span>
     <span class='ocr_line' id='line_1_7' title="bbox 411 1024 2655 1103; baseline 0 -17"><span class='ocrx_word' id='word_1_44' title='bbox 411 1026 831 1102; x_wconf 76' lang='lat' dir='ltr'>adsignarent,</span> <span class='ocrx_word' id='word_1_45' title='bbox 887 1024 1128 1085; x_wconf 87' lang='lat' dir='ltr'>adducti</span> <span class='ocrx_word' id='word_1_46' title='bbox 1192 1025 1312 1085; x_wconf 89' lang='lat' dir='ltr'>siut</span> <span class='ocrx_word' id='word_1_47' title='bbox 1356 1025 1774 1101; x_wconf 87' lang='lat' dir='ltr'>imperatores,</span> <span class='ocrx_word' id='word_1_48' title='bbox 1836 1026 2060 1103; x_wconf 91' lang='lat' dir='ltr'>quippe</span> <span class='ocrx_word' id='word_1_49' title='bbox 2119 1040 2374 1103; x_wconf 87' lang='lat' dir='ltr'>quorum</span> <span class='ocrx_word' id='word_1_50' title='bbox 2431 1029 2499 1085; x_wconf 91' lang='lat' dir='ltr'>ut</span> <span class='ocrx_word' id='word_1_51' title='bbox 2542 1024 2655 1101; x_wconf 90' lang='lat' dir='ltr'>ipsi</span> 
     </span>
     <span class='ocr_line' id='line_1_8' title="bbox 411 1128 2659 1207; baseline 0 -18"><span class='ocrx_word' id='word_1_52' title='bbox 411 1128 615 1206; x_wconf 88' lang='lat' dir='ltr'>optimi</span> <span class='ocrx_word' id='word_1_53' title='bbox 648 1133 830 1206; x_wconf 88' lang='lat' dir='ltr'>atque</span> <span class='ocrx_word' id='word_1_54' title='bbox 865 1128 1205 1206; x_wconf 83' lang='lat' dir='ltr'>peritissimi</span> <span class='ocrx_word' id='word_1_55' title='bbox 1239 1128 1509 1188; x_wconf 88' lang='lat' dir='ltr'>homines</span> <span class='ocrx_word' id='word_1_56' title='bbox 1538 1130 1597 1188; x_wconf 90' lang='lat' dir='ltr'>in</span> <span class='ocrx_word' id='word_1_57' title='bbox 1632 1131 2069 1207; x_wconf 88' lang='lat' dir='ltr'>centurionatu,</span> <span class='ocrx_word' id='word_1_58' title='bbox 2096 1130 2256 1206; x_wconf 88' lang='lat' dir='ltr'>quod</span> <span class='ocrx_word' id='word_1_59' title='bbox 2289 1149 2495 1190; x_wconf 90' lang='lat' dir='ltr'>verum</span> <span class='ocrx_word' id='word_1_60' title='bbox 2531 1134 2659 1191; x_wconf 87' lang='lat' dir='ltr'>erat</span> 
     </span>
     <span class='ocr_line' id='line_1_9' title="bbox 413 1231 2658 1310; baseline 0 -17"><span class='ocrx_word' id='word_1_61' title='bbox 413 1233 597 1293; x_wconf 89' lang='lat' dir='ltr'>robur</span> <span class='ocrx_word' id='word_1_62' title='bbox 651 1233 976 1310; x_wconf 87' lang='lat' dir='ltr'>exercitus,</span> <span class='ocrx_word' id='word_1_63' title='bbox 1021 1250 1197 1309; x_wconf 89' lang='lat' dir='ltr'>quam</span> <span class='ocrx_word' id='word_1_64' title='bbox 1247 1231 1586 1307; x_wconf 81' lang='lat' dir='ltr'>longissime</span> <span class='ocrx_word' id='word_1_65' title='bbox 1632 1235 2058 1308; x_wconf 86' lang='lat' dir='ltr'>retinerentur,</span> <span class='ocrx_word' id='word_1_66' title='bbox 2103 1252 2221 1293; x_wconf 91' lang='lat' dir='ltr'>non</span> <span class='ocrx_word' id='word_1_67' title='bbox 2269 1233 2467 1294; x_wconf 88' lang='lat' dir='ltr'>minus</span> <span class='ocrx_word' id='word_1_68' title='bbox 2512 1235 2658 1294; x_wconf 86' lang='lat' dir='ltr'>inte·</span> 
     </span>
     <span class='ocr_line' id='line_1_10' title="bbox 412 1335 2659 1413; baseline 0 -18"><span class='ocrx_word' id='word_1_69' title='bbox 412 1341 631 1406; x_wconf 83' lang='lat' dir='ltr'>resset,</span> <span class='ocrx_word' id='word_1_70' title='bbox 677 1354 851 1413; x_wconf 89' lang='lat' dir='ltr'>quam</span> <span class='ocrx_word' id='word_1_71' title='bbox 918 1339 986 1394; x_wconf 92' lang='lat' dir='ltr'>ut</span> <span class='ocrx_word' id='word_1_72' title='bbox 1046 1335 1400 1395; x_wconf 82' lang='lat' dir='ltr'>fortissimus</span> <span class='ocrx_word' id='word_1_73' title='bbox 1455 1337 1709 1413; x_wconf 87' lang='lat' dir='ltr'>quisquc</span> <span class='ocrx_word' id='word_1_74' title='bbox 1766 1336 2052 1412; x_wconf 87' lang='lat' dir='ltr'>optimum</span> <span class='ocrx_word' id='word_1_75' title='bbox 2107 1355 2176 1396; x_wconf 83' lang='lat' dir='ltr'>ac</span> <span class='ocrx_word' id='word_1_76' title='bbox 2231 1335 2391 1413; x_wconf 88' lang='lat' dir='ltr'>quod</span> <span class='ocrx_word' id='word_1_77' title='bbox 2454 1337 2659 1396; x_wconf 87' lang='lat' dir='ltr'>virtuti</span> 
     </span>
     <span class='ocr_line' id='line_1_11' title="bbox 410 1438 1459 1517; baseline -0.002 -18"><span class='ocrx_word' id='word_1_78' title='bbox 410 1457 523 1517; x_wconf 87' lang='lat' dir='ltr'>par</span> <span class='ocrx_word' id='word_1_79' title='bbox 567 1442 724 1499; x_wconf 88' lang='lat' dir='ltr'>esset</span> <span class='ocrx_word' id='word_1_80' title='bbox 768 1438 1095 1515; x_wconf 89' lang='lat' dir='ltr'>praemium</span> <span class='ocrx_word' id='word_1_81' title='bbox 1142 1439 1459 1515; x_wconf 84' lang='lat' dir='ltr'>acciperet.</span> 
     </span>
    </p>
   </div>
   <div class='ocr_carea' id='block_1_3' title="bbox 411 1626 2665 4368">
    <p class='ocr_par' dir='ltr' id='par_1_3' title="bbox 411 1626 2663 2012">
     <span class='ocr_line' id='line_1_12' title="bbox 584 1626 2660 1705; baseline 0 -19"><span class='ocrx_word' id='word_1_82' title='bbox 584 1627 751 1686; x_wconf 83' lang='lat' dir='ltr'>Haec</span> <span class='ocrx_word' id='word_1_83' title='bbox 805 1627 930 1686; x_wconf 85' lang='lat' dir='ltr'>fere</span> <span class='ocrx_word' id='word_1_84' title='bbox 1011 1626 1217 1702; x_wconf 89' lang='lat' dir='ltr'>habui,</span> <span class='ocrx_word' id='word_1_85' title='bbox 1286 1646 1442 1704; x_wconf 88' lang='lat' dir='ltr'>quae</span> <span class='ocrx_word' id='word_1_86' title='bbox 1506 1627 1581 1687; x_wconf 87' lang='lat' dir='ltr'>de</span> <span class='ocrx_word' id='word_1_87' title='bbox 1638 1627 2088 1705; x_wconf 84' lang='lat' dir='ltr'>primipilarium</span> <span class='ocrx_word' id='word_1_88' title='bbox 2144 1628 2514 1689; x_wconf 88' lang='lat' dir='ltr'>institutione</span> <span class='ocrx_word' id='word_1_89' title='bbox 2575 1626 2660 1688; x_wconf 92' lang='lat' dir='ltr'>di-</span> 
     </span>
     <span class='ocr_line' id='line_1_13' title="bbox 412 1729 2663 1809; baseline 0 -19"><span class='ocrx_word' id='word_1_90' title='bbox 412 1730 606 1791; x_wconf 89' lang='lat' dir='ltr'>cenda</span> <span class='ocrx_word' id='word_1_91' title='bbox 670 1749 801 1790; x_wconf 90' lang='lat' dir='ltr'>esse</span> <span class='ocrx_word' id='word_1_92' title='bbox 861 1729 1247 1809; x_wconf 88' lang='lat' dir='ltr'>viderentur;</span> <span class='ocrx_word' id='word_1_93' title='bbox 1302 1731 1426 1807; x_wconf 89' lang='lat' dir='ltr'>jam</span> <span class='ocrx_word' id='word_1_94' title='bbox 1489 1750 1560 1790; x_wconf 90' lang='lat' dir='ltr'>ea</span> <span class='ocrx_word' id='word_1_95' title='bbox 1621 1751 1777 1808; x_wconf 88' lang='lat' dir='ltr'>quae</span> <span class='ocrx_word' id='word_1_96' title='bbox 1824 1750 2008 1809; x_wconf 89' lang='lat' dir='ltr'>supra</span> <span class='ocrx_word' id='word_1_97' title='bbox 2052 1732 2346 1808; x_wconf 81' lang='lat' dir='ltr'>copiosius</span> <span class='ocrx_word' id='word_1_98' title='bbox 2391 1731 2663 1809; x_wconf 86' lang='lat' dir='ltr'>exposita</span> 
     </span>
     <span class='ocr_line' id='line_1_14' title="bbox 414 1832 2661 1911; baseline 0 -18"><span class='ocrx_word' id='word_1_99' title='bbox 414 1837 556 1893; x_wconf 88' lang='lat' dir='ltr'>sunt</span> <span class='ocrx_word' id='word_1_100' title='bbox 619 1837 682 1892; x_wconf 90' lang='lat' dir='ltr'>et</span> <span class='ocrx_word' id='word_1_101' title='bbox 741 1833 1114 1910; x_wconf 85' lang='lat' dir='ltr'>argumentis</span> <span class='ocrx_word' id='word_1_102' title='bbox 1178 1832 1547 1904; x_wconf 87' lang='lat' dir='ltr'>confirmata,</span> <span class='ocrx_word' id='word_1_103' title='bbox 1624 1835 1833 1910; x_wconf 86' lang='lat' dir='ltr'>paucis</span> <span class='ocrx_word' id='word_1_104' title='bbox 1890 1833 2090 1893; x_wconf 91' lang='lat' dir='ltr'>verbis</span> <span class='ocrx_word' id='word_1_105' title='bbox 2150 1832 2661 1911; x_wconf 82' lang='lat' dir='ltr'>comprehendere</span> 
     </span>
     <span class='ocr_line' id='line_1_15' title="bbox 411 1935 624 2012; baseline 0 -18"><span class='ocrx_word' id='word_1_106' title='bbox 411 1935 624 2012; x_wconf 86' lang='lat' dir='ltr'>placet.</span> 
     </span>
    </p>

    <p class='ocr_par' dir='ltr' id='par_1_4' title="bbox 411 2036 2664 2937">
     <span class='ocr_line' id='line_1_16' title="bbox 592 2036 2659 2116; baseline 0 -19"><span class='ocrx_word' id='word_1_107' title='bbox 592 2038 688 2097; x_wconf 85' lang='lat' dir='ltr'>Ab</span> <span class='ocrx_word' id='word_1_108' title='bbox 717 2036 993 2113; x_wconf 87' lang='lat' dir='ltr'>Augusto</span> <span class='ocrx_word' id='word_1_109' title='bbox 1026 2038 1354 2098; x_wconf 89' lang='lat' dir='ltr'>institutum</span> <span class='ocrx_word' id='word_1_110' title='bbox 1397 2041 1503 2116; x_wconf 89' lang='lat' dir='ltr'>est,</span> <span class='ocrx_word' id='word_1_111' title='bbox 1547 2043 1617 2098; x_wconf 91' lang='lat' dir='ltr'>ut</span> <span class='ocrx_word' id='word_1_112' title='bbox 1658 2039 1696 2098; x_wconf 90' lang='lat' dir='ltr'>ii</span> <span class='ocrx_word' id='word_1_113' title='bbox 1744 2040 1845 2116; x_wconf 90' lang='lat' dir='ltr'>qui</span> <span class='ocrx_word' id='word_1_114' title='bbox 1890 2039 2202 2116; x_wconf 88' lang='lat' dir='ltr'>stipendiis</span> <span class='ocrx_word' id='word_1_115' title='bbox 2247 2038 2322 2098; x_wconf 89' lang='lat' dir='ltr'>ad</span> <span class='ocrx_word' id='word_1_116' title='bbox 2367 2056 2659 2099; x_wconf 91' lang='lat' dir='ltr'>summum</span> 
     </span>
     <span class='ocr_line' id='line_1_17' title="bbox 413 2139 2659 2218; baseline 0.001 -19"><span class='ocrx_word' id='word_1_117' title='bbox 413 2142 892 2200; x_wconf 82' lang='lat' dir='ltr'>centurionatum</span> <span class='ocrx_word' id='word_1_118' title='bbox 968 2140 1218 2201; x_wconf 87' lang='lat' dir='ltr'>honeste</span> <span class='ocrx_word' id='word_1_119' title='bbox 1286 2139 1581 2218; x_wconf 85' lang='lat' dir='ltr'>perfuncti</span> <span class='ocrx_word' id='word_1_120' title='bbox 1631 2146 1829 2214; x_wconf 85' lang='lat' dir='ltr'>eraut,</span> <span class='ocrx_word' id='word_1_121' title='bbox 1897 2143 2138 2218; x_wconf 87' lang='lat' dir='ltr'>egregio</span> <span class='ocrx_word' id='word_1_122' title='bbox 2205 2142 2659 2218; x_wconf 88' lang='lat' dir='ltr'>primipilarium</span> 
     </span>
     <span class='ocr_line' id='line_1_18' title="bbox 417 2243 2664 2322; baseline -0 -18"><span class='ocrx_word' id='word_1_123' title='bbox 417 2243 629 2304; x_wconf 85' lang='lat' dir='ltr'>ordine</span> <span class='ocrx_word' id='word_1_124' title='bbox 678 2244 1148 2302; x_wconf 87' lang='lat' dir='ltr'>continerentur.</span> <span class='ocrx_word' id='word_1_125' title='bbox 1259 2244 1449 2303; x_wconf 89' lang='lat' dir='ltr'>Erant</span> <span class='ocrx_word' id='word_1_126' title='bbox 1506 2248 1703 2304; x_wconf 84' lang='lat' dir='ltr'>autem</span> <span class='ocrx_word' id='word_1_127' title='bbox 1752 2245 1811 2304; x_wconf 92' lang='lat' dir='ltr'>iu</span> <span class='ocrx_word' id='word_1_128' title='bbox 1858 2245 1972 2305; x_wconf 92' lang='lat' dir='ltr'>hoc</span> <span class='ocrx_word' id='word_1_129' title='bbox 2016 2245 2224 2305; x_wconf 91' lang='lat' dir='ltr'>ordine</span> <span class='ocrx_word' id='word_1_130' title='bbox 2271 2244 2392 2304; x_wconf 89' lang='lat' dir='ltr'>duo</span> <span class='ocrx_word' id='word_1_131' title='bbox 2436 2262 2664 2322; x_wconf 82' lang='lat' dir='ltr'>genera</span> 
     </span>
     <span class='ocr_line' id='line_1_19' title="bbox 415 2345 2663 2424; baseline 0 -19"><span class='ocrx_word' id='word_1_132' title='bbox 415 2346 750 2423; x_wconf 89' lang='lat' dir='ltr'>hominum,</span> <span class='ocrx_word' id='word_1_133' title='bbox 812 2345 1062 2406; x_wconf 88' lang='lat' dir='ltr'>alterum</span> <span class='ocrx_word' id='word_1_134' title='bbox 1112 2364 1348 2424; x_wconf 88' lang='lat' dir='ltr'>eorum,</span> <span class='ocrx_word' id='word_1_135' title='bbox 1408 2348 1507 2424; x_wconf 92' lang='lat' dir='ltr'>qui</span> <span class='ocrx_word' id='word_1_136' title='bbox 1557 2347 1821 2407; x_wconf 83' lang='lat' dir='ltr'>contenti</span> <span class='ocrx_word' id='word_1_137' title='bbox 1866 2351 2065 2407; x_wconf 90' lang='lat' dir='ltr'>essent</span> <span class='ocrx_word' id='word_1_138' title='bbox 2109 2348 2336 2407; x_wconf 89' lang='lat' dir='ltr'>honore</span> <span class='ocrx_word' id='word_1_139' title='bbox 2380 2351 2556 2424; x_wconf 84' lang='lat' dir='ltr'>parto</span> <span class='ocrx_word' id='word_1_140' title='bbox 2601 2351 2663 2407; x_wconf 90' lang='lat' dir='ltr'>et</span> 
     </span>
     <span class='ocr_line' id='line_1_20' title="bbox 411 2433 2662 2529; baseline 0 -20"><span class='ocrx_word' id='word_1_141' title='bbox 411 2451 656 2509; x_wconf 89' lang='lat' dir='ltr'>instanti</span> <span class='ocrx_word' id='word_1_142' title='bbox 688 2449 980 2509; x_wconf 87' lang='lat' dir='ltr'>senectuti</span> <span class='ocrx_word' id='word_1_143' title='bbox 1030 2450 1405 2509; x_wconf 77' lang='lat' dir='ltr'>vacationem</span> <span class='ocrx_word' id='word_1_144' title='bbox 1455 2455 1754 2527; x_wconf 55' lang='lat' dir='ltr'>pararent,</span> <span class='ocrx_word' id='word_1_145' title='bbox 1800 2433 2051 2510; x_wconf 85' lang='lat' dir='ltr'>alterum</span> <span class='ocrx_word' id='word_1_146' title='bbox 2094 2469 2317 2529; x_wconf 91' lang='lat' dir='ltr'>eorum,</span> <span class='ocrx_word' id='word_1_147' title='bbox 2347 2451 2449 2528; x_wconf 89' lang='lat' dir='ltr'>qui</span> <span class='ocrx_word' id='word_1_148' title='bbox 2480 2452 2662 2528; x_wconf 90' lang='lat' dir='ltr'>impe·</span> 
     </span>
     <span class='ocr_line' id='line_1_21' title="bbox 415 2550 2664 2633; baseline 0 -21"><span class='ocrx_word' id='word_1_149' title='bbox 415 2551 712 2613; x_wconf 70' lang='lat' dir='ltr'>rator-ibus</span> <span class='ocrx_word' id='word_1_150' title='bbox 756 2550 830 2611; x_wconf 89' lang='lat' dir='ltr'>ad</span> <span class='ocrx_word' id='word_1_151' title='bbox 883 2551 1143 2629; x_wconf 83' lang='lat' dir='ltr'>quodvis</span> <span class='ocrx_word' id='word_1_152' title='bbox 1188 2552 1448 2613; x_wconf 77' lang='lat' dir='ltr'>officium</span> <span class='ocrx_word' id='word_1_153' title='bbox 1495 2553 1860 2630; x_wconf 88' lang='lat' dir='ltr'>explendum</span> <span class='ocrx_word' id='word_1_154' title='bbox 1905 2559 2146 2633; x_wconf 89' lang='lat' dir='ltr'>paratos</span> <span class='ocrx_word' id='word_1_155' title='bbox 2184 2572 2248 2614; x_wconf 88' lang='lat' dir='ltr'>se</span> <span class='ocrx_word' id='word_1_156' title='bbox 2278 2554 2664 2632; x_wconf 80' lang='lat' dir='ltr'>praeberent3</span> 
     </span>
     <span class='ocr_line' id='line_1_22' title="bbox 417 2655 2662 2735; baseline 0.001 -21"><span class='ocrx_word' id='word_1_157' title='bbox 417 2655 475 2714; x_wconf 91' lang='lat' dir='ltr'>hi</span> <span class='ocrx_word' id='word_1_158' title='bbox 539 2655 712 2732; x_wconf 89' lang='lat' dir='ltr'>quasi</span> <span class='ocrx_word' id='word_1_159' title='bbox 770 2655 830 2714; x_wconf 92' lang='lat' dir='ltr'>in</span> <span class='ocrx_word' id='word_1_160' title='bbox 898 2655 1202 2715; x_wconf 89' lang='lat' dir='ltr'>cohortem</span> <span class='ocrx_word' id='word_1_161' title='bbox 1268 2658 1618 2734; x_wconf 87' lang='lat' dir='ltr'>congregati</span> <span class='ocrx_word' id='word_1_162' title='bbox 1664 2658 2080 2735; x_wconf 83' lang='lat' dir='ltr'>imperatorem</span> <span class='ocrx_word' id='word_1_163' title='bbox 2128 2657 2223 2717; x_wconf 90' lang='lat' dir='ltr'>vel</span> <span class='ocrx_word' id='word_1_164' title='bbox 2269 2656 2454 2717; x_wconf 88' lang='lat' dir='ltr'>duces</span> <span class='ocrx_word' id='word_1_165' title='bbox 2497 2675 2662 2719; x_wconf 85' lang='lat' dir='ltr'>exer·</span> 
     </span>
     <span class='ocr_line' id='line_1_23' title="bbox 420 2758 2664 2838; baseline 0 -20"><span class='ocrx_word' id='word_1_166' title='bbox 420 2758 643 2818; x_wconf 87' lang='lat' dir='ltr'>cituum</span> <span class='ocrx_word' id='word_1_167' title='bbox 722 2776 1183 2835; x_wconf 88' lang='lat' dir='ltr'>quoquoversus</span> <span class='ocrx_word' id='word_1_168' title='bbox 1257 2760 1517 2818; x_wconf 81' lang='lat' dir='ltr'>comitati</span> <span class='ocrx_word' id='word_1_169' title='bbox 1585 2760 1867 2820; x_wconf 83' lang='lat' dir='ltr'>videntur</span> <span class='ocrx_word' id='word_1_170' title='bbox 1938 2778 2100 2838; x_wconf 91' lang='lat' dir='ltr'>esse,</span> <span class='ocrx_word' id='word_1_171' title='bbox 2172 2764 2238 2821; x_wconf 94' lang='lat' dir='ltr'>ut</span> <span class='ocrx_word' id='word_1_172' title='bbox 2302 2777 2664 2837; x_wconf 87' lang='lat' dir='ltr'>quocunque</span> 
     </span>
     <span class='ocr_line' id='line_1_24' title="bbox 413 2859 1655 2937; baseline 0 -18"><span class='ocrx_word' id='word_1_173' title='bbox 413 2864 682 2937; x_wconf 89' lang='lat' dir='ltr'>tempore</span> <span class='ocrx_word' id='word_1_174' title='bbox 729 2877 886 2936; x_wconf 89' lang='lat' dir='ltr'>opus</span> <span class='ocrx_word' id='word_1_175' title='bbox 932 2859 1106 2937; x_wconf 82' lang='lat' dir='ltr'>soret,</span> <span class='ocrx_word' id='word_1_176' title='bbox 1151 2863 1392 2935; x_wconf 87' lang='lat' dir='ltr'>praesto</span> <span class='ocrx_word' id='word_1_177' title='bbox 1437 2864 1655 2921; x_wconf 89' lang='lat' dir='ltr'>essent.</span> 
     </span>
    </p>

    <p class='ocr_par' dir='ltr' id='par_1_5' title="bbox 415 2960 2665 3760">
     <span class='ocr_line' id='line_1_25' title="bbox 587 2960 2663 3039; baseline 0 -19"><span class='ocrx_word' id='word_1_178' title='bbox 587 2962 808 3038; x_wconf 89' lang='lat' dir='ltr'>Ingens</span> <span class='ocrx_word' id='word_1_179' title='bbox 868 2961 1200 3038; x_wconf 87' lang='lat' dir='ltr'>praemium</span> <span class='ocrx_word' id='word_1_180' title='bbox 1262 2961 1558 3021; x_wconf 91' lang='lat' dir='ltr'>missionis</span> <span class='ocrx_word' id='word_1_181' title='bbox 1620 2963 1893 3023; x_wconf 90' lang='lat' dir='ltr'>omnibus</span> <span class='ocrx_word' id='word_1_182' title='bbox 1952 2961 2156 3023; x_wconf 81' lang='lat' dir='ltr'>datum</span> <span class='ocrx_word' id='word_1_183' title='bbox 2212 2960 2453 3021; x_wconf 90' lang='lat' dir='ltr'>videtur</span> <span class='ocrx_word' id='word_1_184' title='bbox 2511 2978 2663 3039; x_wconf 90' lang='lat' dir='ltr'>esse,</span> 
     </span>
     <span class='ocr_line' id='line_1_26' title="bbox 415 3061 2664 3142; baseline -0 -19"><span class='ocrx_word' id='word_1_185' title='bbox 415 3064 518 3142; x_wconf 91' lang='lat' dir='ltr'>qui</span> <span class='ocrx_word' id='word_1_186' title='bbox 578 3061 972 3139; x_wconf 84' lang='lat' dir='ltr'>primipilares</span> <span class='ocrx_word' id='word_1_187' title='bbox 1026 3061 1283 3140; x_wconf 90' lang='lat' dir='ltr'>fiebant,</span> <span class='ocrx_word' id='word_1_188' title='bbox 1338 3082 1457 3123; x_wconf 90' lang='lat' dir='ltr'>non</span> <span class='ocrx_word' id='word_1_189' title='bbox 1503 3064 1690 3123; x_wconf 91' lang='lat' dir='ltr'>solum</span> <span class='ocrx_word' id='word_1_190' title='bbox 1739 3065 1809 3123; x_wconf 90' lang='lat' dir='ltr'>iis</span> <span class='ocrx_word' id='word_1_191' title='bbox 1855 3070 1955 3140; x_wconf 83' lang='lat' dir='ltr'>qui</span> <span class='ocrx_word' id='word_1_192' title='bbox 2000 3082 2141 3124; x_wconf 89' lang='lat' dir='ltr'>vere</span> <span class='ocrx_word' id='word_1_193' title='bbox 2186 3062 2664 3140; x_wconf 88' lang='lat' dir='ltr'>dimittebantur;</span> 
     </span>
     <span class='ocr_line' id='line_1_27' title="bbox 417 3164 2661 3244; baseline -0 -18"><span class='ocrx_word' id='word_1_194' title='bbox 417 3185 537 3243; x_wconf 91' lang='lat' dir='ltr'>quo</span> <span class='ocrx_word' id='word_1_195' title='bbox 564 3165 763 3244; x_wconf 85' lang='lat' dir='ltr'>fiebat,</span> <span class='ocrx_word' id='word_1_196' title='bbox 809 3168 875 3225; x_wconf 91' lang='lat' dir='ltr'>ut</span> <span class='ocrx_word' id='word_1_197' title='bbox 905 3165 1361 3242; x_wconf 89' lang='lat' dir='ltr'>primipilarium</span> <span class='ocrx_word' id='word_1_198' title='bbox 1411 3165 1654 3226; x_wconf 86' lang='lat' dir='ltr'>fortuna</span> <span class='ocrx_word' id='word_1_199' title='bbox 1697 3185 1734 3226; x_wconf 84' lang='lat' dir='ltr'>a</span> <span class='ocrx_word' id='word_1_200' title='bbox 1777 3167 1970 3243; x_wconf 87' lang='lat' dir='ltr'>poetis</span> <span class='ocrx_word' id='word_1_201' title='bbox 1999 3171 2058 3225; x_wconf 91' lang='lat' dir='ltr'>et</span> <span class='ocrx_word' id='word_1_202' title='bbox 2101 3165 2405 3226; x_wconf 81' lang='lat' dir='ltr'>historicis</span> <span class='ocrx_word' id='word_1_203' title='bbox 2447 3164 2661 3225; x_wconf 88' lang='lat' dir='ltr'>eximie</span> 
     </span>
     <span class='ocr_line' id='line_1_28' title="bbox 417 3267 2664 3349; baseline -0.001 -19"><span class='ocrx_word' id='word_1_204' title='bbox 417 3268 788 3330; x_wconf 88' lang='lat' dir='ltr'>laudaretur.</span> <span class='ocrx_word' id='word_1_205' title='bbox 880 3267 1026 3328; x_wconf 86' lang='lat' dir='ltr'>Aliis</span> <span class='ocrx_word' id='word_1_206' title='bbox 1076 3286 1318 3345; x_wconf 91' lang='lat' dir='ltr'>quoque</span> <span class='ocrx_word' id='word_1_207' title='bbox 1349 3268 1679 3346; x_wconf 86' lang='lat' dir='ltr'>privilegiis</span> <span class='ocrx_word' id='word_1_208' title='bbox 1710 3287 1842 3328; x_wconf 91' lang='lat' dir='ltr'>eum</span> <span class='ocrx_word' id='word_1_209' title='bbox 1876 3268 2145 3328; x_wconf 87' lang='lat' dir='ltr'>ordinem</span> <span class='ocrx_word' id='word_1_210' title='bbox 2178 3272 2448 3328; x_wconf 88' lang='lat' dir='ltr'>ornatum</span> <span class='ocrx_word' id='word_1_211' title='bbox 2480 3267 2664 3349; x_wconf 82' lang='lat' dir='ltr'>fuisse</span> 
     </span>
     <span class='ocr_line' id='line_1_29' title="bbox 415 3370 2658 3448; baseline -0.001 -17"><span class='ocrx_word' id='word_1_212' title='bbox 415 3370 736 3432; x_wconf 88' lang='lat' dir='ltr'>verisimile</span> <span class='ocrx_word' id='word_1_213' title='bbox 796 3374 909 3442; x_wconf 88' lang='lat' dir='ltr'>est,</span> <span class='ocrx_word' id='word_1_214' title='bbox 975 3389 1333 3448; x_wconf 84' lang='lat' dir='ltr'>quamquam</span> <span class='ocrx_word' id='word_1_215' title='bbox 1396 3370 1567 3430; x_wconf 90' lang='lat' dir='ltr'>nobis</span> <span class='ocrx_word' id='word_1_216' title='bbox 1630 3371 1778 3430; x_wconf 81' lang='lat' dir='ltr'>nihil</span> <span class='ocrx_word' id='word_1_217' title='bbox 1840 3370 2001 3431; x_wconf 89' lang='lat' dir='ltr'>aliud</span> <span class='ocrx_word' id='word_1_218' title='bbox 2055 3375 2258 3431; x_wconf 89' lang='lat' dir='ltr'>notum</span> <span class='ocrx_word' id='word_1_219' title='bbox 2303 3376 2420 3443; x_wconf 90' lang='lat' dir='ltr'>est,</span> <span class='ocrx_word' id='word_1_220' title='bbox 2483 3389 2658 3448; x_wconf 78' lang='lat' dir='ltr'>quam</span> 
     </span>
     <span class='ocr_line' id='line_1_30' title="bbox 418 3474 2665 3551; baseline 0 -18"><span class='ocrx_word' id='word_1_221' title='bbox 418 3475 650 3534; x_wconf 87' lang='lat' dir='ltr'>vacatio</span> <span class='ocrx_word' id='word_1_222' title='bbox 711 3493 748 3534; x_wconf 89' lang='lat' dir='ltr'>a</span> <span class='ocrx_word' id='word_1_223' title='bbox 806 3474 1011 3534; x_wconf 86' lang='lat' dir='ltr'>tutela.</span> <span class='ocrx_word' id='word_1_224' title='bbox 1114 3475 1327 3551; x_wconf 86' lang='lat' dir='ltr'>Neque</span> <span class='ocrx_word' id='word_1_225' title='bbox 1398 3492 1544 3534; x_wconf 87' lang='lat' dir='ltr'>vero</span> <span class='ocrx_word' id='word_1_226' title='bbox 1605 3474 1793 3534; x_wconf 86' lang='lat' dir='ltr'>libera</span> <span class='ocrx_word' id='word_1_227' title='bbox 1855 3480 1986 3535; x_wconf 88' lang='lat' dir='ltr'>erat</span> <span class='ocrx_word' id='word_1_228' title='bbox 2046 3474 2508 3551; x_wconf 85' lang='lat' dir='ltr'>primipilaribus</span> <span class='ocrx_word' id='word_1_229' title='bbox 2564 3491 2665 3534; x_wconf 89' lang='lat' dir='ltr'>res</span> 
     </span>
     <span class='ocr_line' id='line_1_31' title="bbox 419 3574 2665 3654; baseline -0.001 -17"><span class='ocrx_word' id='word_1_230' title='bbox 419 3576 699 3654; x_wconf 89' lang='lat' dir='ltr'>praemiis</span> <span class='ocrx_word' id='word_1_231' title='bbox 728 3580 932 3653; x_wconf 82' lang='lat' dir='ltr'>parta3</span> <span class='ocrx_word' id='word_1_232' title='bbox 976 3575 1152 3634; x_wconf 89' lang='lat' dir='ltr'>immo</span> <span class='ocrx_word' id='word_1_233' title='bbox 1184 3574 1596 3652; x_wconf 89' lang='lat' dir='ltr'>imperatores,</span> <span class='ocrx_word' id='word_1_234' title='bbox 1642 3594 1679 3635; x_wconf 84' lang='lat' dir='ltr'>a</span> <span class='ocrx_word' id='word_1_235' title='bbox 1722 3576 1939 3653; x_wconf 90' lang='lat' dir='ltr'>quibus</span> <span class='ocrx_word' id='word_1_236' title='bbox 1984 3580 2363 3654; x_wconf 81' lang='lat' dir='ltr'>acceperant,</span> <span class='ocrx_word' id='word_1_237' title='bbox 2406 3579 2665 3654; x_wconf 83' lang='lat' dir='ltr'>potesta-</span> 
     </span>
     <span class='ocr_line' id='line_1_32' title="bbox 417 3677 1586 3760; baseline 0 -21"><span class='ocrx_word' id='word_1_238' title='bbox 417 3686 534 3739; x_wconf 88' lang='lat' dir='ltr'>tem</span> <span class='ocrx_word' id='word_1_239' title='bbox 581 3677 881 3756; x_wconf 85' lang='lat' dir='ltr'>quandam</span> <span class='ocrx_word' id='word_1_240' title='bbox 929 3678 1062 3760; x_wconf 80' lang='lat' dir='ltr'>ejus</span> <span class='ocrx_word' id='word_1_241' title='bbox 1108 3677 1586 3739; x_wconf 85' lang='lat' dir='ltr'>vindicaverunt.</span> 
     </span>
    </p>

    <p class='ocr_par' dir='ltr' id='par_1_6' title="bbox 418 3781 2665 4166">
     <span class='ocr_line' id='line_1_33' title="bbox 591 3781 2660 3859; baseline -0 -18"><span class='ocrx_word' id='word_1_242' title='bbox 591 3781 1047 3858; x_wconf 73' lang='lat' dir='ltr'>Primipilarium</span> <span class='ocrx_word' id='word_1_243' title='bbox 1093 3781 1239 3841; x_wconf 90' lang='lat' dir='ltr'>ordo</span> <span class='ocrx_word' id='word_1_244' title='bbox 1285 3799 1427 3841; x_wconf 90' lang='lat' dir='ltr'>vere</span> <span class='ocrx_word' id='word_1_245' title='bbox 1472 3781 1746 3859; x_wconf 89' lang='lat' dir='ltr'>plebejus</span> <span class='ocrx_word' id='word_1_246' title='bbox 1789 3781 2103 3843; x_wconf 90' lang='lat' dir='ltr'>habendus</span> <span class='ocrx_word' id='word_1_247' title='bbox 2148 3788 2256 3859; x_wconf 91' lang='lat' dir='ltr'>est,</span> <span class='ocrx_word' id='word_1_248' title='bbox 2300 3799 2660 3859; x_wconf 88' lang='lat' dir='ltr'>quamquam</span> 
     </span>
     <span class='ocr_line' id='line_1_34' title="bbox 420 3884 2665 3960; baseline -0 -17"><span class='ocrx_word' id='word_1_249' title='bbox 420 3901 602 3944; x_wconf 89' lang='lat' dir='ltr'>censu</span> <span class='ocrx_word' id='word_1_250' title='bbox 659 3885 922 3959; x_wconf 90' lang='lat' dir='ltr'>equestri</span> <span class='ocrx_word' id='word_1_251' title='bbox 976 3886 1131 3953; x_wconf 81' lang='lat' dir='ltr'>erat3</span> <span class='ocrx_word' id='word_1_252' title='bbox 1204 3902 1275 3942; x_wconf 90' lang='lat' dir='ltr'>ac</span> <span class='ocrx_word' id='word_1_253' title='bbox 1328 3884 1376 3943; x_wconf 90' lang='lat' dir='ltr'>si</span> <span class='ocrx_word' id='word_1_254' title='bbox 1425 3902 1854 3960; x_wconf 89' lang='lat' dir='ltr'>nonnunquam</span> <span class='ocrx_word' id='word_1_255' title='bbox 1913 3885 2296 3944; x_wconf 89' lang='lat' dir='ltr'>centuriones</span> <span class='ocrx_word' id='word_1_256' title='bbox 2349 3901 2506 3959; x_wconf 88' lang='lat' dir='ltr'>equo</span> <span class='ocrx_word' id='word_1_257' title='bbox 2559 3901 2665 3959; x_wconf 91' lang='lat' dir='ltr'>pu-</span> 
     </span>
     <span class='ocr_line' id='line_1_35' title="bbox 420 3983 2660 4063; baseline -0.002 -16"><span class='ocrx_word' id='word_1_258' title='bbox 420 3987 574 4047; x_wconf 89' lang='lat' dir='ltr'>blico</span> <span class='ocrx_word' id='word_1_259' title='bbox 605 3985 993 4055; x_wconf 85' lang='lat' dir='ltr'>ornabantur,</span> <span class='ocrx_word' id='word_1_260' title='bbox 1039 3986 1389 4062; x_wconf 85' lang='lat' dir='ltr'>primipilari</span> <span class='ocrx_word' id='word_1_261' title='bbox 1423 3985 1485 4045; x_wconf 88' lang='lat' dir='ltr'>id</span> <span class='ocrx_word' id='word_1_262' title='bbox 1532 3986 1856 4063; x_wconf 86' lang='lat' dir='ltr'>contigisse</span> <span class='ocrx_word' id='word_1_263' title='bbox 1887 3985 2170 4046; x_wconf 84' lang='lat' dir='ltr'>traditum</span> <span class='ocrx_word' id='word_1_264' title='bbox 2206 4004 2324 4045; x_wconf 90' lang='lat' dir='ltr'>non</span> <span class='ocrx_word' id='word_1_265' title='bbox 2358 3989 2462 4044; x_wconf 89' lang='lat' dir='ltr'>est.</span> <span class='ocrx_word' id='word_1_266' title='bbox 2533 3983 2660 4044; x_wconf 86' lang='lat' dir='ltr'>Filii</span> 
     </span>
     <span class='ocr_line' id='line_1_36' title="bbox 418 4087 2231 4166; baseline -0.002 -18"><span class='ocrx_word' id='word_1_267' title='bbox 418 4107 566 4148; x_wconf 92' lang='lat' dir='ltr'>vero</span> <span class='ocrx_word' id='word_1_268' title='bbox 612 4087 1059 4165; x_wconf 88' lang='lat' dir='ltr'>primipilarium</span> <span class='ocrx_word' id='word_1_269' title='bbox 1108 4106 1264 4166; x_wconf 91' lang='lat' dir='ltr'>equo</span> <span class='ocrx_word' id='word_1_270' title='bbox 1309 4088 1548 4165; x_wconf 88' lang='lat' dir='ltr'>publico</span> <span class='ocrx_word' id='word_1_271' title='bbox 1596 4088 1879 4149; x_wconf 89' lang='lat' dir='ltr'>videntur</span> <span class='ocrx_word' id='word_1_272' title='bbox 1925 4088 2231 4147; x_wconf 89' lang='lat' dir='ltr'>meruisse.</span> 
     </span>
    </p>

    <p class='ocr_par' dir='ltr' id='par_1_7' title="bbox 421 4188 2662 4368">
     <span class='ocr_line' id='line_1_37' title="bbox 592 4188 2662 4266; baseline -0.001 -16"><span class='ocrx_word' id='word_1_273' title='bbox 592 4190 709 4264; x_wconf 81' lang='lat' dir='ltr'>Qui</span> <span class='ocrx_word' id='word_1_274' title='bbox 741 4190 815 4250; x_wconf 88' lang='lat' dir='ltr'>de</span> <span class='ocrx_word' id='word_1_275' title='bbox 846 4208 913 4250; x_wconf 88' lang='lat' dir='ltr'>re</span> <span class='ocrx_word' id='word_1_276' title='bbox 945 4190 1183 4250; x_wconf 86' lang='lat' dir='ltr'>militari</span> <span class='ocrx_word' id='word_1_277' title='bbox 1230 4190 1631 4263; x_wconf 89' lang='lat' dir='ltr'>decesserant,</span> <span class='ocrx_word' id='word_1_278' title='bbox 1676 4192 1732 4250; x_wconf 90' lang='lat' dir='ltr'>in</span> <span class='ocrx_word' id='word_1_279' title='bbox 1782 4190 2121 4266; x_wconf 88' lang='lat' dir='ltr'>municipiis</span> <span class='ocrx_word' id='word_1_280' title='bbox 2166 4190 2266 4249; x_wconf 89' lang='lat' dir='ltr'>ubi</span> <span class='ocrx_word' id='word_1_281' title='bbox 2299 4188 2662 4249; x_wconf 89' lang='lat' dir='ltr'>domicilium</span> 
     </span>
     <span class='ocr_line' id='line_1_38' title="bbox 421 4290 2662 4368; baseline -0.001 -16"><span class='ocrx_word' id='word_1_282' title='bbox 421 4293 887 4364; x_wconf 84' lang='lat' dir='ltr'>collocaverant,</span> <span class='ocrx_word' id='word_1_283' title='bbox 950 4312 1180 4352; x_wconf 86' lang='lat' dir='ltr'>summa</span> <span class='ocrx_word' id='word_1_284' title='bbox 1223 4295 1581 4353; x_wconf 84' lang='lat' dir='ltr'>auctoritate</span> <span class='ocrx_word' id='word_1_285' title='bbox 1627 4292 1947 4368; x_wconf 89' lang='lat' dir='ltr'>florebant,</span> <span class='ocrx_word' id='word_1_286' title='bbox 2006 4295 2064 4350; x_wconf 88' lang='lat' dir='ltr'>et</span> <span class='ocrx_word' id='word_1_287' title='bbox 2109 4292 2170 4349; x_wconf 87' lang='lat' dir='ltr'>iu</span> <span class='ocrx_word' id='word_1_288' title='bbox 2217 4290 2374 4351; x_wconf 91' lang='lat' dir='ltr'>omni</span> <span class='ocrx_word' id='word_1_289' title='bbox 2420 4291 2662 4350; x_wconf 86' lang='lat' dir='ltr'>munici-</span> 
     </span>
    </p>
   </div>
  </div>
 </body>
</html>
