3166 4871
605 306 731 369 250
1610 290 1867 347 Zaeher

606 497 851 557 quoque
882 477 1360 539 terminationem
1395 480 1461 534 ut
1490 473 1708 532 multas
1739 472 1883 531 alias
1916 470 1993 529 ad
2039 468 2314 546 quamvis
2357 468 2597 544 stirpem
2637 465 2855 542 adrep-

604 583 754 643 sisse
813 584 1045 660 putent.
1133 580 1317 639 Immo
1380 579 1480 637 vix
1539 577 1666 636 ulla
1723 576 1842 635 alia
1906 579 2025 633 tam
2092 572 2339 650 originis
2405 590 2549 631 suae
2616 587 2856 648 semper

604 684 717 746 sibi
764 683 1005 746 eousoia
1048 681 1163 745 fuit
1204 698 1384 759 quam
1430 681 1598 740 haee.

1678 895 1784 961 v1.

1536 1012 1927 1097 Adespota.

769 1186 882 1255 82.
970 1193 1280 1253 Postremo
1327 1192 1460 1252 loeo
1505 1208 1577 1251 ea
1624 1189 1918 1249 voeabula
1959 1189 2019 1247 in
2058 1204 2206 1257 αιος
2249 1192 2392 1247 sunt
2436 1187 2850 1248 enumeranda

597 1314 854 1375 quorum
906 1296 1075 1373 origo
1127 1286 1328 1355 adhue
1385 1294 1593 1370 ignota
1643 1295 1749 1369 est,
1807 1297 1868 1352 et
1918 1306 2075 1368 quae
2128 1309 2202 1351 ex
2255 1289 2463 1352 alienis
2513 1290 2738 1368 linguis
2784 1292 2844 1350 in
2930 1369 2937 1375 .

596 1398 886 1460 Graecam
933 1402 1183 1475 recepta
1223 1401 1382 1457 sunt.

765 1484 1202 1569 ἄντακαῖος
1247 1515 1500 1574 magnus
1543 1497 1725 1575 piscis
1771 1514 1845 1555 ex
1876 1495 2280 1573 accipenseris
2310 1496 2485 1555 Linn.
2514 1500 2584 1555 ut
2608 1496 2848 1557 videtur

593 1621 846 1682 genere,
889 1602 993 1680 qui
1039 1603 1097 1663 in
1145 1601 1301 1661 Istoeo
1348 1605 1410 1660 et
1451 1598 1832 1676 Borysthene
1879 1597 2136 1658 vivebat.
2221 1597 2362 1658 Hdt.
2408 1598 2512 1675 IV,
2556 1595 2655 1657 53.
2712 1598 2847 1658 Ael.

596 1725 656 1767 n.
700 1724 798 1767 an.
841 1705 999 1783 xlv,
1040 1699 1141 1763 23.
1185 1699 1285 1762 26.
1345 1702 1559 1764 Strabo
1610 1702 1720 1762 VII
1764 1720 1821 1778 p.
1853 1697 1995 1760 307.
2082 1700 2170 1762 Of.
2215 1701 2259 1761 L
2303 1701 2382 1761 M„
2427 1699 2678 1762 Gesneri
2724 1701 2844 1762 dis-

593 1809 823 1886 putatio
868 1807 946 1867 de
988 1806 1296 1871 Antseaeo
1349 1805 1407 1865 in
1456 1805 1589 1864 Aet.
1631 1804 1765 1865 Soe.
1809 1803 1936 1864 len.
1977 1803 2078 1862 lat.
2121 1803 2179 1863 11
2223 1823 2281 1881 p.
2326 1800 2397 1860 21
2438 1822 2526 1881 sq.
2575 1792 2848 1884 τάριχος

590 1894 965 1970 ἀντακαῖον
1007 1908 1334 1987 Antiphan.
1377 1926 1471 1985 ap.
1517 1907 1659 1966 Ath.
1704 1906 1810 1985 111,
1855 1901 1978 1963 418
2009 1906 2083 1965 D.

759 1996 1042 2091 α’ραιός
1085 2011 1369 2071 Doederl.
1412 2006 1795 2087 g1.H.1045
1827 2012 2074 2069 revocat
2114 2007 2192 2067 ad
2237 1992 2407 2087 ἀρᾶν
2450 2008 2567 2068 tab.
2598 2008 2846 2068 neraei.

590 2112 704 2188 (ef.
748 2114 993 2174 Meister
1034 2114 1094 2173 in
1144 2112 1308 2174 euri.
1352 2112 1522 2174 stud.
1566 2112 1669 2189 1v,
1713 2107 1882 2188 436),
1937 2094 2189 2189 ἀρατὸν
2234 2101 2429 2181 ἕλκος
2472 2110 2654 2188 Soph.
2697 2111 2843 2170 Ant.

586 2211 730 2294 970,
773 2199 1103 2296 ἀρημένος
1145 2216 1339 2292 Hom„
1384 2218 1565 2292 atque
1598 2214 1887 2292 explieat:
1952 2213 2177 2292 „duum
2219 2213 2467 2291 schmal‚
2512 2212 2839 2290 eigentlieh

582 2310 1049 2379 zerbreohlieh‘fi
1107 2317 1224 2378 Sed
1250 2316 1632 2378 Aristarchus
1662 2334 1796 2375 eum
1827 2315 2038 2391 spiritu
2068 2333 2285 2393 aspero
2316 2316 2555 2393 scripsit
2584 2301 2840 2393 ἇραιός,

583 2423 645 2480 et
702 2422 797 2480 est
851 2420 914 2480 in
975 2420 1143 2480 hiatu
1204 2416 1268 2478 Ε
1307 2415 1448 2478 425.
1508 2417 1578 2478 Σ
1619 2415 1762 2478 411.
1826 2414 1889 2478 Y
1923 2413 2035 2497 36,
2096 2421 2161 2478 ut
2216 2417 2516 2497 digamma
2557 2418 2618 2478 in
2665 2418 2840 2478 initio

580 2521 884 2600 abJeetum
937 2525 1143 2600 putes,
1202 2522 1364 2599 quod
1422 2522 1482 2581 in
1529 2504 1718 2601 ἆράω
1763 2540 1881 2581 non
1931 2520 2116 2581 fuisse
2161 2521 2384 2582 docent
2425 2521 2544 2581 tab.
2588 2521 2838 2581 Herael.

582 2628 644 2685 et
685 2623 798 2687 Od.
841 2641 865 2682 ι
912 2620 1034 2682 403
1097 2607 1450 2703 Πολύφημ’
1512 2607 1853 2703 ἀρημένος.
1943 2622 2272 2700 Benfeyius
2317 2625 2504 2684 sz.
2547 2623 2632 2702 11,
2681 2619 2839 2682 193:

583 2726 734 2797 „das
779 2727 889 2786 mir
931 2727 1364 2805 etymologisoh
1408 2744 1562 2803 ganz
1607 2724 2000 2786 unbekanute
2045 2708 2304 2804 α’ραιός,
2349 2714 2424 2797 ά,
2471 2714 2571 2798 όν,
2616 2725 2835 2794 (mehr-

588 2827 730 2888 faeh
787 2830 894 2889 mit
936 2829 1054 2890 anl.
1097 2829 1146 2888 f
1185 2823 2034 2906 (Thierseh.Gr.G1·.232),
2094 2832 2198 2887 att.
2243 2828 2351 2887 mit
2403 2828 2522 2888 ani.
2537 2814 2591 2901 ‘)
2651 2827 2839 2901 daun,

579 2937 736 3010 sart,
794 2930 1071 2992 schwaeh
1139 2929 1521 3006 (schwerlieh
1578 2949 1652 2991 zu
1706 2946 1921 3004 rara-5⁸,
1993 2935 2066 2990 st.
2123 2928 2461 3004 amilcar.
2546 2928 2695 2989 Fiek
2742 2927 2834 2990 11³

575 3054 637 3113 p.
665 3030 748 3091 22
808 3033 1044 3096 confert
1102 3024 1359 3113 ἔρημος,
1417 3050 1577 3112 ορος
1621 3032 1728 3106 (---
1775 3017 2058 3111 ὄρῘο-ς),
2119 3018 2336 3111 ᾰρόω,
2392 3010 2677 3111 ἄρουρα,
2730 3033 2833 3092 lat.
2922 3077 2934 3106 ,

583 3151 737 3197 area
778 3153 964 3196 arvus
1007 3151 1213 3209 rarus,
1262 3155 1299 3196 a
1328 3136 1453 3196 rad.
1489 3151 1566 3194 ar
1597 3134 1864 3195 dividere
1908 3135 2183 3195 scindere
2226 3153 2438 3213 agrum
2472 3134 2714 3196 mollire.
2743 3164 2832 3175 ——

575 3238 733 3300 Hine
779 3223 977 3317 ἀραιά
1019 3238 1145 3315 ilia,
1185 3225 1541 3317 μεσάραιος
1585 3230 1893 3313 (φλέβες),
1936 3225 2301 3315 μεσάραιον
2343 3236 2618 3314 gekrose.

747 3331 984 3412 βαΐον
1047 3339 1163 3403 NT
1223 3357 1423 3400 ramus
1488 3340 1726 3416 palmae
1790 3338 2050 3417 arboris,
2112 3345 2172 3400 et
2235 3332 2384 3412 βαῒς
2445 3341 2605 3417 quod
2668 3339 2826 3401 idem

574 3440 902 3519 signifieat,
961 3459 1037 3502 ex
1091 3442 1300 3518 lingua
1350 3442 1638 3520 aegyptia
1696 3443 1755 3501 in
1801 3459 2079 3518 graecam
2126 3443 2422 3502 translata
2464 3448 2633 3521 suut;
2692 3462 2826 3521 aeg.

575 3547 694 3603 vet.
738 3537 835 3618 bo,
882 3548 1038 3620 eopt.
1081 3540 1224 3623 βητ,
1269 3563 1324 3604 v.
1366 3545 1547 3606 Thes.
1593 3563 1638 3605 s.
1675 3564 1732 3604 v.
1779 3545 2211 3623 champollion,
2254 3564 2501 3622 gramm.
2545 3547 2747 3625 egypt-
2778 3547 2826 3626 1,

571 3664 633 3723 p.
679 3640 778 3706 59.
819 3644 1051 3723 Benfey
1096 3642 1156 3724 2,
1200 3642 1343 3707 369.

742 3740 1099 3821 βιδιατοι.
1186 3748 1358 3809 Haec
1413 3747 1634 3827 forma,
1691 3768 1848 3826 quae
1906 3750 2069 3829 apud
2129 3751 2309 3811 Paus.
2355 3747 2420 3829 3,
2468 3749 2536 3807 Π
2599 3751 2823 3813 tradita

574 3852 685 3928 est,
729 3848 938 3910 eadem
983 3850 1216 3910 ratione
1260 3850 1501 3910 videtur
1544 3855 1829 3929 corrupta
1873 3870 2005 3912 esse
2049 3872 2170 3930 qua
2213 3847 2531 3932 πεδιαῖοι,
2575 3854 2652 3914 de
2696 3873 2821 3932 quo

570 3967 758 4029 supra
816 3971 877 4030 p.
929 3947 1045 4010 183
1111 3951 1382 4013 diximus.
1486 3954 1767 4032 „Duplex
1832 3955 2088 4015 nominis
2148 3955 2449 4033 scriptura
2507 3957 2567 4018 in
2627 3957 2822 4017 titulis

569 4053 884 4114 Laeoniois
927 4057 1148 4136 exstat,
1208 4049 1477 4127 βίδεος
1536 4059 1598 4116 et
1649 4055 1692 4132 β
1708 4050 1886 4115 [dvo
1903 4076 1971 4136 ς,
2027 4075 2322 4135 nusquam
2377 4052 2660 4130 βιδιαϊος
2703 4077 2819 4120 nee

569 4150 903 4229 βειδιατος.
944 4185 1029 4196 ——
1073 4157 1140 4217 In
1199 4158 1500 4234 scriptura
1553 4151 1786 4231 βίόύος
1844 4159 1990 4219 latet
2041 4164 2301 4235 etymon.
2387 4161 2819 4222 Grammaticos

567 4258 621 4317 si
662 4258 964 4339 audimus,
1019 4253 1270 4333 βεὶδιος
1329 4265 1420 4321 est
1478 4260 1574 4320 vel
1631 4251 1934 4336 ἔνδοξος,
1998 4266 2063 4322 ut
2105 4260 2322 4324 Suidas
2382 4263 2654 4343 exponit,
2713 4265 2819 4325 vel
