3166 4871
463 269 651 369 ‘50

1641 477 1741 540 68.

737 589 812 659 οἳ
846 584 904 658 τ’
949 586 1084 660 άπὸ
1128 585 1471 680 Μεσσήνης
1512 588 1800 679 πατάγῳ
1841 602 2160 678 κρουνοῖς
2201 615 2276 658 τε
2322 592 2627 679 δαμείσης

1629 886 1729 950 69.

610 1008 668 1082 a)
733 999 1078 1070 Μύσκελλε
1124 998 1529 1088 βραχύνωτε,
1575 1007 1760 1085 φιλεῖ
1801 993 1857 1067 σ’
1902 998 2216 1087 ἑκάεργος
2262 993 2625 1081 Ἁπόλλων,

738 1107 852 1172 καὶ
895 1103 1134 1192 γενεὴν
1180 1102 1378 1171 δώσει
1424 1123 1566 1172 τοι·
1614 1099 1650 1169 ὁ
1698 1105 1769 1171 δὲ
1815 1101 2152 1191 πρότερόν
2197 1130 2269 1190 γε
2314 1100 2570 1172 κελεύει

737 1209 1029 1275 οἰκίσσαι
1073 1227 1140 1274 σε
1187 1203 1517 1294 Κρότωνα
1561 1208 1771 1293 μέγαν
1816 1212 2052 1285 καλαῖς
2099 1206 2172 1272 ἐν
2218 1199 2551 1294 ἀρούραις.

610 1351 675 1426 b)
737 1336 960 1423 Αύτός
1005 1363 1112 1412 σοι
1157 1341 1393 1430 φράζει
1438 1341 1876 1432 ἑκατηβόλος·
1926 1336 2100 1410 ἀλλὰ
2144 1346 2371 1410 συνίει.

735 1438 933 1525 οὗτος
974 1449 1098 1532 μὲν
1151 1443 1392 1529 Τάφιός
1435 1471 1542 1514 τοι
1590 1441 1938 1535 άνήροτος,
1982 1439 2095 1534 ἣδε
2143 1449 2214 1513 δὲ
2265 1449 2540 1526 Χαλκίς,

734 1545 851 1639 ἥδε
897 1551 968 1616 δὲ
1015 1547 1387 1637 Κουρήτων
1434 1547 1575 1637 ἱερὴ
1616 1549 1814 1634 χθών
1855 1547 2220 1636 αἰπήεσσα,’

738 1651 880 1719 αἵδε
926 1644 985 1718 ‹5'
1027 1644 1345 1738 Ἐχινάδες
1389 1652 1543 1719 εἰσί·
1592 1650 1806 1730 πολὺς
1852 1644 1913 1718 δ’
1956 1645 2062 1718 ἐπ’
2106 1643 2421 1737 άριστερὰ
2460 1647 2733 1729 πόντος.

608 1763 646 1821 5
737 1750 923 1822 οὕτω
968 1746 1026 1821 d'
1072 1748 1196 1821 οὐκ
1244 1749 1329 1820 ἄν
1374 1780 1540 1842 φημι
1583 1755 1913 1822 Λακινίου
1960 1748 2176 1839 ἄκρου
2220 1748 2535 1840 ἁμαρτεῖν

736 1849 885 1924 οὐδ’
911 1856 1110 1944 -ἶερῆς
1154 1860 1482 1944 Κρεμίσης
1525 1849 1670 1924 οὐδ’
1713 1855 2020 1942 Αἰσάρου
2060 1869 2416 1941 ποταμοῖο.

609 2000 666 2074 c)
732 1991 1088 2062 Μύσκελλε
1132 1991 1544 2079 βραχύνοοτε,
1593 1995 1811 2080 παρὲκ
1855 1991 2027 2060 θεὸν
2076 1986 2247 2059 ἄλλα
2287 1989 2597 2076 ματεύων

737 2094 1082 2182 κλαύματα
1124 2094 1504 2181 μαστεύεις·
1552 2098 1780 2184 δῶρον
1825 2087 1884 2162 δ’
1928 2090 2036 2163 ὅτι
2083 2098 2179 2182 δῷ
2226 2092 2390 2173 θεὸς
2435 2095 2619 2161 αἴνει.

736 2322 841 2399 68)
887 2327 1155 2387 Paus.11
1184 2322 1285 2404 27,
1318 2326 1382 2383 4:
1436 2315 1569 2403 ἐγώ
1625 2319 1697 2385 δὲ
1756 2319 1870 2383 καὶ
1912 2318 2067 2403 περὶ
2113 2315 2316 2404 Εἴρας
2360 2309 2598 2383 ὅντινα
2640 2305 2813 2381 άλώ-

566 2442 753 2489 σοιτο
798 2418 1060 2509 τρόπον
1111 2418 1366 2490 Βάκιδα
1421 2417 1730 2508 ἐφώρασα
1790 2415 2141 2508 εἰρηκότα·
2203 2420 2316 2487 καί
2369 2416 2435 2485 οἱ
2491 2419 2605 2485 καὶ
2655 2414 2812 2484 τόδε

564 2525 705 2592 ἐστὶ
747 2527 891 2591 τῶν
933 2528 1281 2611 χρησμῶν·
1331 2521 1405 2590 οἵ
1440 2515 1499 2588 τ’
1542 2529 1684 2589 κτλ.

735 2631 841 2707 69)
888 2634 1062 2694 Diod.
1094 2629 1365 2710 V11117,
1404 2630 1623 2692 1—-22
1680 2615 1786 2691 ὅτι
1830 2622 2227 2717 Μύσκελλος
2270 2617 2521 2709 Ἀχαιὸς
2575 2618 2676 2691 ὢν
2726 2618 2810 2692 τὸ

562 2730 755 2816 γένος
798 2729 872 2795 ἐκ
906 2722 1143 2815 Ῥύπης
1186 2725 1597 2816 κατήντησεν
1641 2727 1733 2805 εἰς
1771 2725 2074 2809 Δελφούς
2117 2729 2231 2793 καὶ
2273 2725 2399 2794 τὸν
2443 2724 2615 2795 θεὸν
2655 2727 2812 2816 ἐπη-

563 2829 826 2919 ρώτησε
883 2832 1041 2917 περὶ
1100 2831 1365 2897 τέκνων
1416 2832 1766 2915 γενέσεως·
1810 2819 1851 2916 η
1887 2831 1959 2896 δὲ
1989 2832 2223 2897 Πυθία
2263 2822 2528 2896 ἀνεῖλεν
2558 2823 2806 2907 οὕτως·

572 2932 920 3001 maxons
965 2940 1109 3000 κτλ.
1170 2938 1295 3001 τοῦ
1351 2935 1424 3000 δὲ
1468 2930 1800 3018 Κρότωνα
1860 2924 2274 3018 ἀγνοοῦντος
2330 2931 2545 2998 εἰπεῖν
2601 2930 2808 2999 πάλιν

563 3034 691 3123 τὴν
720 3040 1031 3104 Πυθίαν·
1064 3028 1290 3115 Αύτός
1320 3054 1425 3103 σοι
1455 3041 1597 3103 κτλ.
1645 3030 1752 3102 ὅτι
1781 3039 1906 3101 τοῦ
1933 3039 2233 3122 χρησμοῦ
2257 3031 2811 3122 προστάσσοντος

563 3135 893 3226 Κρότωνα
938 3141 1193 3222 κτίζειν
1237 3164 1274 3205 ο
1306 3135 1706 3217 Μύσκελλος
1750 3135 1875 3226 τὴν
1912 3140 2066 3224 περὶ
2096 3130 2221 3225 τὴν
2250 3130 2555 3225 Σύβαριν
2579 3134 2810 3224 χώραν

562 3239 916 3327 θαυμάσας
960 3239 1275 3323 ἐβούλετο
1322 3242 1542 3307 κτίσαι
1587 3242 1698 3306 καὶ
1739 3239 2001 3322 ἐξέπεσε
2038 3233 2326 3328 χρησμὸς
2354 3233 2544 3326 αύτῷ
2573 3227 2807 3317 οὗτος·

561 3340 915 3411 Μύσκελλε
962 3348 1105 3409 κτλ.

733 3452 793 3527 a)
840 3473 895 3513 v.
926 3449 996 3511 2:
1042 3443 1281 3531 γενεάν
1326 3452 1456 3514 cod.
1501 3453 1573 3512 ef.
1618 3451 1807 3530 praef.
1836 3471 1895 3529 p.
1924 3449 2024 3512 20.
2057 3446 2079 3531 ΙΙ
2157 3441 2387 3511 δώσει·
2433 3441 2514 3511 τὸ
2540 3445 2616 3510 δέ
2641 3440 2807 3530 πρό-

559 3545 761 3635 τερόν
805 3568 874 3616 σε
921 3546 1178 3615 κελεύει
1223 3547 1485 3637 οἰκῆσαι
1531 3548 1605 3614 δέ
1648 3555 1779 3616 cod.
1811 3548 1833 3632 ΙΙ
1908 3575 1964 3614 v.
2002 3552 2066 3613 1:
2111 3544 2425 3635 ἑκάεργος
2460 3538 2808 3614 Ἀπόλλων

561 3658 733 3720 form.
779 3678 874 3737 ep.
905 3652 927 3737 ΙΙ

732 3759 795 3833 b)
839 3780 895 3821 v.
929 3757 999 3820 3:
1061 3744 1102 3841 ἢ
1147 3750 1293 3839 ἱερὰ
1343 3750 1543 3839 χθών
1603 3758 1734 3822 cod.
1781 3760 1854 3820 cf.
1897 3759 2088 3838 praef.
2144 3779 2204 3838 p.
2235 3756 2334 3817 20.
2366 3752 2389 3837 ΙΙ
2480 3748 2808 3838 αἰπήεσσα

563 3884 632 3926 ex
681 3866 836 3926 coni.
881 3864 1149 3924 additum
1195 3867 1303 3925 est.
1335 3857 1356 3940 ΙΙ
1435 3862 1505 3921 5:
1550 3847 1737 3922 οὕτω
1770 3845 1828 3920 σ>
1859 3861 2134 3923 Dindorf.
2167 3855 2188 3939 ΙΙ
2267 3865 2336 3922 6:
2381 3852 2560 3941 ἱερᾶς
2590 3860 2720 3922 cod.
2753 3855 2775 3938 ΙΙ

558 3986 616 4026 v.
652 3964 716 4026 1:
763 3955 1173 4045 ἑκατηβόλος
1218 3968 1367 4042 epic.
1401 3959 1423 4041 ΙΙ

735 4068 791 4142 c)
838 4069 992 4128 adde
1037 4068 1230 4129 Strab.
1263 4069 1345 4128 VI
1374 4088 1430 4144 p.
1462 4064 1587 4125 262
1635 4071 1695 4129 et
1738 4069 1955 4128 Zenob.
1984 4068 2073 4128 III
2104 4063 2203 4126 42.
2249 4066 2323 4127 cf.
2353 4065 2658 4128 Leutschii
2701 4066 2804 4126 illo

560 4173 695 4233 loeo
724 4172 987 4232 adnotat.
1015 4190 1072 4231 v.
1109 4168 1173 4230 1:
1209 4168 1428 4229 καλαν
1457 4182 1630 4231 ωστε
1662 4171 1839 4232 Diod.
1870 4170 2001 4230 cod.
2030 4157 2377 4230 κολόνωτε
2408 4169 2479 4231 Ο.
2510 4169 2807 4230 Mullorus

562 4275 850 4352 [thting.
895 4274 1166 4350 gelehrte
1211 4275 1502 4351 anzeigen
1542 4270 1705 4333 1832
1734 4292 1792 4351 p.
1831 4269 1991 4343 1391.
2081 4258 2513 4351 άγκυλόνωτε
2542 4271 2807 4332 Lobeok.
