3166 4871
2555 292 2673 352 155

440 466 707 542 tragicus
753 464 958 524 histrio
1005 463 1436 542 intelligendus
1482 469 1574 524 cst
1619 465 1759 540 quia
1803 463 1877 525 de
1933 461 2216 543 τραγικῇ
2259 463 2433 525 modo
2477 458 2676 541 τέχνῃ

319 559 330 568 ’
435 567 634 643 agitur
679 555 774 653 (ηἱ
833 553 959 646 ὅλη
1006 560 1200 644 τέχνη
1247 567 1422 644 -——“);
1468 567 1659 627 eidem
1707 568 1848 627 vitio
1895 566 2165 638 vertitur,
2211 566 2374 644 quod
2412 568 2675 643 Myuuis-

436 687 541 729 cus
587 669 646 729 in
695 669 1036 746 Callippide
1090 667 1510 747 reprehendit:
1573 661 1768 737 „Mav
1814 653 2332 745 ὕπερβάλλειν“;
2388 670 2678 746 sequitur,

436 774 503 831 ut
532 770 689 832 idem
719 769 902 832 fuerit
946 756 1261 849 „fioreoog
1291 756 1722 849 ὑποκριτής“,
1753 757 2034 848 ὕστερος
2064 771 2301 848 quidem
2334 773 2673 850 Myunisco;

432 874 746 952 aliquanto
806 875 1089 952 majorem
1153 892 1288 933 eum
1343 872 1528 934 fuisse
1587 874 1799 950 opinor
1856 873 2199 952 Aristotele,
2261 875 2364 951 qui
2425 893 2543 934 non
2611 881 2676 934 ut

434 977 748 1054 aequalem
781 995 914 1036 eum
947 982 1368 1036 commemoret
1398 975 1502 1035 scd
1550 976 1663 1053 ipsi
1711 995 1830 1036 non
1868 976 1994 1053 jam
2042 979 2265 1036 uotum.
2352 976 2674 1050 Quaeritur

434 1081 630 1139 autem
693 1079 836 1155 quid
896 1078 1276 1139 statuendum
1340 1080 1417 1139 sit
1475 1077 1552 1138 de
1606 1078 1870 1139 Pindaro
1931 1077 2377 1155 tragoediarum
2438 1084 2673 1150 actore;

432 1201 549 1240 vox
601 1169 1044 1258 „deoipov“‚
1101 1199 1255 1258 quae
1304 1181 1523 1260 legitur
1583 1183 1642 1241 in
1700 1180 1830 1241 cod.
1891 1181 2079 1241 Paris.
2124 1182 2229 1258 ΑΟ,
2289 1200 2326 1241 a
2371 1180 2673 1259 plerisque

431 1282 758 1344 editoribus
804 1289 1048 1361 recepta
1094 1290 1216 1362 est3
1291 1285 1350 1344 in
1414 1282 1720 1366 codicibus
1767 1282 1866 1361 qui
1913 1302 1947 1343 c
1991 1282 2265 1343 Parisino
2312 1301 2670 1344 emanavere

430 1390 490 1446 et
534 1386 889 1446 auctoritate
935 1391 1146 1446 carent
1192 1387 1414 1463 legitur
1457 1378 1807 1465 τινδαρίου
1853 1385 1949 1445 vel
1993 1370 2118 1465 τὴν
2162 1378 2463 1463 δαρείου,
2508 1385 2670 1447 unde

429 1490 808 1549 Hermannus
867 1493 1092 1549 temere
1154 1489 1394 1566 scripsit
1445 1482 1842 1566 Τυνδαρέου.
1950 1488 2219 1548 Ritterus
2273 1489 2538 1549 offensus
2582 1506 2672 1564 eo,

429 1591 590 1669 quod
637 1590 713 1651 de
756 1592 1041 1652 histrione
1072 1590 1337 1651 Pindaro
1383 1591 1534 1651 nihil
1579 1597 1673 1651 est
1717 1590 2019 1667 traditum,
2068 1578 2431 1668 Θεοδώρου
2476 1590 2668 1652 histri·

427 1695 557 1754 onis
589 1713 802 1754 nomen
850 1694 1169 1763 substituit,
1215 1694 1276 1753 id
1324 1693 1484 1771 quod
1535 1693 1993 1772 improbandum
2041 1694 2181 1754 mihi
2226 1692 2480 1765 videtur,
2526 1695 2670 1771 quia

425 1796 781 1858 Theodorus
824 1796 1156 1867 Aristoteli,
1222 1797 1394 1874 cujus
1457 1795 1570 1857 fuit
1627 1796 1895 1873 aequalis
1941 1795 2135 1869 (Dem.
2181 1795 2254 1855 de
2300 1794 2338 1856 f.
2383 1796 2494 1872 leg.
2544 1800 2665 1859 246

429 1895 643 1977 [418]),
686 1898 883 1959 notior
929 1898 1043 1958 fuit
1086 1897 1215 1971 (Ar.
1260 1900 1408 1959 rhet.
1456 1900 1561 1969 Ill,
1610 1902 1669 1976 2,
1711 1902 1783 1968 4;
1831 1897 1993 1974 polit.
2026 1898 2155 1973 Vll,
2190 1900 2284 1969 15,
2319 1897 2442 1975 10),
2486 1917 2665 1976 quam

426 2006 492 2061 ut
553 2000 763 2064 ‚verbis
836 1986 1150 2080 „vomitu
1218 1979 1555 2080 δόξα-ἦν“
1636 2000 1713 2060 ab
1786 2018 1856 2060 eo
1924 2000 2374 2059 commemorari
2445 2005 2666 2079 posset.

425 2103 786 2162 Histrionem
851 2102 965 2162 hoc
1020 2103 1150 2162 loco
1197 2105 1746 2179 commemoratum,
1806 2103 2085 2179 quoniam
2148 2119 2279 2162 cum
2337 2103 2665 2165 clarissimo

424 2204 864 2281 tragoediarum
912 2209 1131 2276 actore,
1178 2204 1526 2282 Callippide,
1574 2209 1985 2281 comparatur,
2044 2206 2104 2265 iu
2151 2205 2434 2265 nobilium
2481 2205 2665 2268 fuisse

421 2310 688 2366 actorum
735 2324 983 2367 numero
1028 2312 1293 2368 statuere
1337 2307 1636 2384 cogimur;
1699 2307 2063 2367 clarissimus
2122 2311 2320 2368 autem
2366 2307 2665 2370 Pindarus

424 2425 556 2470 esse
600 2410 797 2488 potuit
840 2409 1068 2488 histrio,
1113 2427 1469 2488 quamquam
1519 2409 1665 2472 nihil
1711 2410 1786 2471 de
1830 2428 1900 2471 eo
1933 2410 2215 2471 traditum
2248 2415 2357 2471 est.
2443 2411 2662 2486 Quare,

422 2513 470 2572 si
529 2513 750 2574 codicis
797 2513 985 2574 Paris.
1042 2514 1357 2574 lectionem
1411 2513 1819 2590 incorruptam
1884 2516 2193 2591 putamus,
2253 2532 2374 2574 nou
2420 2517 2511 2574 est
2555 2533 2663 2576 cur

421 2619 715 2676 mutemus
781 2634 930 2677 eam.
1038 2616 1146 2678 Cui
1213 2635 1333 2676 uon
1400 2617 1600 2693 placet
1659 2615 1880 2676 codicis
1954 2617 2155 2687 lectio,
2222 2616 2365 2694 quia
2417 2616 2660 2676 Pindari

419 2718 723 2779 histrionis
782 2738 998 2779 nomen
1054 2737 1351 2797 nusquam
1394 2719 1762 2796 inveniatur,
1821 2719 2187 2779 substituere
2231 2737 2503 2796 propono
2548 2738 2661 2797 pro

421 2808 764 2898 Πινδάρου
792 2850 878 2860 -
917 2814 1323 2898 Τιμοθέου
1367 2822 1576 2898 tragici
1626 2821 1931 2881 histrionis
1977 2838 2213 2898 nomen,
2257 2820 2420 2897 quod
2465 2824 2663 2882 exstat

419 2922 476 2981 in
499 2922 683 2982 schol.
703 2922 885 2999 Soph.
911 2923 1003 3000 Aj.
1023 2926 1179 2984 864:
1216 2917 1355 2990 „dcl
1381 2912 1713 3000 καρτερόν
1745 2938 1894 2982 τινα
1920 2911 2090 2980 εἶναι
2118 2912 2243 2981 τὸν
2265 2909 2661 3003 ὑποκριτὴν,

421 3009 513 3094 ὡς
558 3011 708 3099 ἄξαι
751 3013 914 3096 τούς
958 3013 1209 3094 θεατὰς
1254 3017 1346 3094 εἰς
1389 3013 1511 3104 τὴν
1539 3021 1666 3083 τοῦ
1696 3016 1991 3096 Αἴαντος
2020 3018 2412 3099 φαντασίαν,
2457 3012 2662 3084 ὁποῖα

418 3119 575 3203 περὶ
616 3122 744 3184 τοῦ
788 3120 1182 3185 Ζακυνθίου
1237 3120 1570 3203 Τιμοθέου
1615 3120 1851 3201 φασίν,
1898 3110 2004 3185 ὅτι
2048 3104 2163 3205 ἦγε
2208 3115 2365 3196 τοὺς
2410 3112 2662 3198 θεατὰς

420 3222 532 3288 καὶ
562 3217 977 3307 ἐψυχαγώγει
1007 3225 1088 3305 τῇ
1115 3215 1465 3306 ὑποκρίσει
1505 3215 1596 3299 ὡς
1640 3222 1979 3306 „away-‘fd‘
2025 3211 2232 3287 αὐτὸν
2262 3223 2654 3308 κληθῆναι.“

419 3328 677 3405 Quando
731 3331 1085 3391 Timotheus
1146 3331 1365 3392 vixerit
1428 3350 1545 3391 non
1608 3335 1848 3392 constat
1900 3348 2097 3408 neque
2141 3349 2174 3391 e
2219 3330 2444 3392 scholio
2489 3331 2659 3391 intel·

420 3432 639 3510 ligitur.
715 3433 1057 3511 Cognomen
1112 3423 1468 3512 Γ,σςιποιγεύιρ
1522 3434 1600 3493 ad
1634 3434 1936 3511 monologi
1968 3433 2126 3494 illius
2156 3434 2358 3511 Ajacis
2404 3434 2656 3511 primum

419 3553 658 3596 versum
689 3536 965 3613 pertinet,
1012 3555 1066 3595 v.
1097 3539 1241 3614 864,
1286 3555 1407 3613 quo
1439 3535 1597 3614 Ajax
1628 3535 1887 3613 gladium
1931 3536 2023 3595 his
2064 3535 2259 3596 verbis
2302 3535 2655 3614 alloquitur:

729 3625 823 3712 „‘O
865 3631 987 3717 μὲν
1031 3628 1322 3717 σφαγεῦς
1366 3628 1647 3718 ἕστηκεν
1690 3620 1730 3716 ᾗ
1772 3627 2165 3717 τομώτατος
2196 3684 2208 3697 .
2243 3683 2256 3696 .
2291 3637 2342 3698 .“

416 3739 476 3801 Si
535 3741 703 3801 vocis
766 3784 792 3815 „
821 3734 1202 3819 Τιμοθέου“
1269 3741 1627 3818 scripturam
1703 3741 1914 3802 litteris
1974 3741 2308 3802 uncialibus
2382 3743 2652 3802 effectam

414 3843 734 3922 intuemur,
777 3842 1048 3903 videmus
1093 3843 1392 3921 quomodo
1439 3861 1473 3904 e
1521 3861 1670 3904 voce

1235 3944 1334 4005 TI
1341 3944 1482 4006 Mo
1503 3944 1559 4006 Θ
1581 3940 1623 4009 f
1641 3944 1694 4006 O
1712 3942 1775 4006 Y

414 4049 792 4126 negligenter
837 4050 1058 4127 scripta
1227 4047 1297 4107 11
1323 4044 1478 4112 mo
1498 4044 1607 4114 ΗΕ
1631 4046 1684 4108 Ο
1701 4045 1763 4108 Y

414 4150 690 4210 facillime
722 4150 898 4211 lectio
928 4151 1151 4210 tradita
1224 4147 1294 4209 Π
1303 4149 1420 4210 ΙΝ
1429 4146 1479 4210 Δ
1490 4146 1549 4210 Α
1580 4149 1690 4211 ΡΟ
1710 4149 1767 4211 Y
1835 4152 2054 4213 exoriri
2090 4152 2365 4228 potuerit.
2399 4180 2481 4189 —-
2526 4151 2653 4212 Usi·

414 4256 596 4312 tatum
644 4252 854 4330 fuisse,
907 4253 1293 4313 histrionibus
1339 4271 1414 4313 cx
1459 4253 1725 4329 partibus
1772 4257 1875 4314 aut
1918 4253 2065 4313 scite
2111 4257 2216 4312 aut
2260 4252 2471 4312 inscite
2501 4253 2654 4313 actis
