3166 4871
272 4453 299 4492 ἱ

1045 295 1131 351 De
1167 297 1371 351 nomin.
1408 295 1464 350 iu
1502 314 1666 361 -αιος,
1727 299 1759 362 ἦ
1796 299 1875 350 71.
2292 304 2301 308 ’
2454 301 2569 364 193

320 479 381 538 in
428 476 707 554 -λοχος
750 464 1166 554 βωμολόχος,
1213 473 1372 553 quod
1421 473 1815 535 Pherecrates
1856 474 1986 552 ipse
2028 475 2189 553 apud
2237 476 2572 552 Harpocra-

325 579 553 640 tionem
600 597 648 639 s.
693 598 747 638 v.
793 598 828 637 a
877 575 1085 656 λοχᾶν
1129 577 1499 638 descendere
1542 580 1830 638 testatur:

635 667 917 754 κᾶπειτ’,
963 674 1075 739 ἵνα
1116 670 1205 759 μὴ
1251 670 1422 760 πρὸς
1465 686 1610 750 τοῖς
1651 676 1935 758 βωμοῖσι
1979 677 2333 758 πανταχοῦ

637 769 738 843 αἐὶ
787 780 1120 861 λοχῶντες
1161 772 1540 860 βωμολόχοι
1586 771 1952 863 καλώμεθα
1983 828 1996 841 .
2031 828 2043 841 .
2078 827 2092 841 .

322 893 384 948 et
429 887 730 964 permulta
773 888 911 966 alia,
954 886 1078 971 sed,
1107 887 1250 945 satis
1295 886 1564 946 existimo
1612 885 1924 963 probatum
1972 903 2124 966 esse,
2168 886 2326 963 quod
2360 905 2573 965 posue·

323 1010 481 1067 ram,
528 989 991 1067 compositorum
1039 994 1239 1066 partes
1281 989 1649 1066 posteriores
1694 988 1994 1066 verbales,
2053 989 2279 1048 etiamsi
2329 988 2575 1051 formam

323 1093 591 1152 habeant
647 1092 820 1169 quasi
876 1111 915 1152 a
966 1090 1283 1168 primitivis
1335 1091 1553 1152 ductae
1614 1092 1732 1151 sint
1774 1089 1999 1167 verbis,
2056 1096 2253 1153 tamen
2299 1110 2335 1151 a
2377 1094 2576 1154 verbis

315 1196 616 1256 derivatis
660 1212 792 1255 esse
837 1195 1138 1272 repetitas.
1263 1182 1272 1190 ⁹

504 1297 582 1357 Et
627 1315 785 1374 quae
831 1297 1313 1375 compositorum,
1358 1296 1566 1355 eadem
1613 1296 1790 1356 etiam
1836 1296 2189 1374 simplicium
2237 1315 2441 1358 eorum
2488 1302 2579 1358 est

327 1398 637 1475 condicio,
700 1418 857 1476 quae
902 1398 1121 1458 suffixo
1168 1398 1370 1475 aliquo
1414 1397 1834 1476 amplificativo
1880 1397 1953 1472 (si
1999 1397 2113 1459 hoe
2155 1399 2449 1461 vocabulo
2495 1402 2579 1461 uti

326 1500 498 1573 lieet)
558 1517 625 1560 ιο
690 1518 797 1559 aco
858 1517 969 1578 ιμο
1031 1495 1117 1559 αὐ·
1172 1501 1429 1561 formata
1486 1505 1642 1561 suut.
1730 1499 1888 1576 Quin
1949 1500 2126 1562 etiam
2182 1502 2241 1561 in
2299 1504 2493 1580 ipsum
2539 1519 2577 1562 ο

330 1603 673 1664 desinentia
729 1604 1025 1664 interdum
1087 1605 1201 1663 hae
1261 1604 1491 1663 ratione
1551 1602 1804 1664 formata
1847 1606 2005 1664 sunt.
2092 1603 2277 1665 Cuius
2320 1605 2406 1666 rei
2453 1623 2580 1666 oer-

327 1707 562 1767 tissima
622 1710 764 1766 sunt
820 1706 1161 1766 testimonia
1212 1724 1462 1792 quaen
1506 1706 1710 1767 verbis
1755 1708 1858 1784 qui
1901 1711 2196 1767 vocantur
2239 1709 2581 1786 compositis

329 1809 732 1888 descendunt,
774 1808 944 1868 velut
987 1799 1333 1888 ἴξαιτος,
1393 1808 1552 1886 quod
1604 1810 1949 1870 Duntzerus
1994 1809 2234 1886 quidem
2282 1811 2385 1873 KZ
2430 1812 2584 1886 XVI,

330 1908 369 1970 3
417 1931 456 1971 a
504 1912 745 1972 nomine
790 1912 993 1971 neseio
1039 1929 1159 1988 quo
1206 1899 1392 1980 αἱτος
1435 1912 1494 1971 in
1536 1912 1745 1989 lingua
1775 1911 2007 1973 Graeca
2050 1929 2345 1989 nusquam
2378 1931 2583 1974 oecur-

329 2020 500 2076 rente
547 2013 784 2093 repetit,
843 2014 951 2073 sed
997 2012 1073 2072 ab
1118 2005 1397 2089 ἐξαιτίω
1442 2018 1840 2091 propagatum
1886 2032 2020 2075 esse
2058 2018 2225 2090 patet
2268 2014 2368 2087 (ab
2414 2007 2581 2090 ἐξαί-

328 2133 523 2195 ρετος
569 2122 753 2195 certe,
797 2116 959 2194 quod
1003 2117 1106 2175 alii
1149 2115 1378 2193 volunt,
1422 2134 1531 2194 per
1574 2134 1884 2194 syncopen
1929 2122 2132 2178 natum
2180 2135 2312 2178 esse
2343 2118 2583 2178 omnino

334 2217 587 2298 nequit),
616 2204 968 2294 ἄπαρνος
993 2243 1072 2265 =
1099 2202 1633 2298 ἆπαρνούμενος,
1658 2210 2114 2293 ἐπίβουλος,
2145 2208 2585 2299 σύμβουλος

333 2347 416 2369 =
460 2310 949 2394 ἐπιβουλεύων,
995 2310 1496 2399 συμβουλεύων,
1542 2306 2126 2401 ἀπαράσκευος,
2183 2310 2586 2400 διασκευή,

334 2412 821 2504 κατασκευή,
892 2412 1358 2504 παρασκευή
1426 2422 1499 2484 ab
1565 2413 2013 2501 διασκευάζω,
2086 2413 2586 2501 κατασκευάζω,
2700 2435 2709 2444 ·

334 2516 829 2609 παρασκευάζει)
857 2527 934 2587 al.
1005 2527 1279 2588 Nominis
1324 2534 1521 2589 autem
1571 2529 1720 2604 eius,
1766 2528 1927 2590 unde
1972 2529 2217 2590 verbnm
2252 2528 2588 2590 derivatum

335 2631 694 2710 pullulabat,
723 2631 914 2691 forma
943 2635 1315 2708 quantopere
1348 2631 1775 2692 vocabulorum
1808 2630 1883 2692 ab
1916 2631 2030 2691 boe
2052 2631 2238 2692 verbo
2270 2630 2587 2692 ductorum

337 2735 590 2794 formam
639 2732 715 2793 ad
761 2751 828 2793 se
872 2732 1312 2810 quodammodo
1342 2732 1681 2811 adduxerit,
1724 2733 2195 2798 luculentissime
2226 2734 2591 2811 intellegitur
2692 2781 2701 2786 .

336 2856 412 2897 ex
456 2835 753 2897 vocabulo
797 2824 1248 2915 πρόσκυνες
1293 2835 1456 2913 quod
1504 2835 1802 2914 signifieat
1844 2831 2390 2915 προςκυνοῦντες
2420 2835 2590 2913 (Hip-

338 2939 472 3017 pias
518 2958 614 3017 ap.
659 2938 797 2998 Ath.
842 2938 944 3017 vl,
988 2935 1113 2996 259
1159 2930 1535 2997 ἐκαλοῦντο
1583 2927 1693 2997 διὰ
1736 2928 1816 2997 τό
1859 2932 2019 3018 περὶ
2063 2928 2181 3008 τὰς
2228 2932 2591 3016 θεραπείας

337 3030 510 3099 εἶναι
556 3037 701 3099 τῶν
745 3032 1101 3117 ἐπιφανῶν
1144 3029 1517 3119 πρόςκυνες
1570 3034 1685 3099 καὶ
1736 3029 2072 3118 κόλακες),
2132 3058 2327 3116 neque
2385 3038 2497 3100 nisi
2557 3057 2594 3098 a

338 3137 740 3223 προςκυνέω
802 3143 1134 3204 derivatum
1207 3162 1338 3204 esse
1401 3147 1630 3221 potest,
1697 3146 1896 3203 tamen
1956 3143 2043 3203 ita
2099 3141 2419 3202 formatum
2485 3145 2597 3219 est,

340 3247 512 3323 quasi
560 3245 636 3306 ab
683 3246 813 3324 ipso
857 3234 1048 3305 κύων
1090 3246 1338 3306 ductum
1383 3245 1478 3306 sit.

513 3350 635 3408 Iam
682 3348 916 3425 singula
959 3349 1199 3409 nomina
1241 3347 1301 3408 in
1348 3363 1493 3417 αιος
1537 3365 1697 3423 quae
1739 3365 1778 3406 a
1820 3346 2020 3406 verbis
2074 3345 2158 3406 ita
2202 3345 2594 3422 descendunt,

341 3455 410 3511 ut
451 3450 707 3529 simplex
764 3450 1011 3529 aliquod
1071 3451 1129 3511 in
1177 3467 1252 3516 oc:
1297 3450 1579 3510 desinens
1624 3450 1750 3510 sive
1794 3468 2011 3509 revera
2053 3448 2377 3526 aliquando
2425 3465 2594 3508 usur·

341 3557 550 3633 patum
599 3553 728 3614 sive
771 3557 972 3614 mente
1016 3556 1245 3613 tantum
1291 3552 1492 3613 fiotum
1538 3551 1918 3631 amplificent,
1961 3552 2343 3613 enumerabo.

515 3750 622 3818 71.
711 3715 1014 3816 &ababa
1071 3758 1302 3834 Thphr.
1348 3757 1547 3820 Diose.
1609 3756 1775 3834 quod
1833 3756 2190 3818 vocabulum
2242 3755 2368 3834 jam
2413 3774 2598 3833 supra

344 3880 405 3938 p.
440 3857 561 3917 173
621 3858 1029 3921 dubitavimus
1088 3864 1288 3921 utrum
1348 3859 1423 3920 ab
1479 3844 1803 3939 ἅλθήσκω
1858 3877 1934 3920 an
1981 3858 2056 3919 ab
2102 3844 2401 3935 ἄλθομαι
2446 3858 2596 3919 deri-
2714 3905 2719 3911 .

345 3967 549 4023 vatum
599 3962 690 4023 sit.

519 4049 807 4123 ἄλκαία
865 4064 1087 4144 cauda,
1145 4068 1328 4144 atque
1373 4065 1422 4124 si
1467 4064 1870 4142 grammaticis
1915 4063 2091 4124 fidem
2137 4062 2453 4138 habemus,
2513 4061 2599 4119 in·

347 4167 558 4245 primis
603 4168 812 4228 leonis.
899 4167 1095 4230 schol.
1137 4169 1267 4228 Nic.
1311 4167 1463 4230 ther.
1517 4163 1666 4225 122:
1729 4155 2049 4245 γράφεται
2097 4160 2203 4224 καὶ
2255 4149 2599 4241 ἄλκαίην

348 4268 555 4343 (immo
588 4270 738 4331 haee
769 4271 972 4347 optimi
1005 4271 1137 4331 libri
1173 4268 1242 4331 Π
1263 4277 1359 4330 est
1386 4270 1583 4347 lectio,
1627 4268 1954 4330 deteriores
1986 4267 2268 4328 exhibent
2297 4254 2601 4344 ὁλκαὶην)

2134 4382 2192 4433 13
