3166 4871
2471 309 2593 372 305

354 504 560 546 omnes
605 486 959 563 scriptores,
1021 486 1122 562 qni
1184 504 1515 546 sermonem
1578 485 1874 564 plebeium
1921 485 2020 545 vel
2068 485 2424 545 cotidianum
2474 487 2593 545 imi·

356 593 577 664 tantur,
622 589 964 666 saepissime
1012 589 1389 667 deminutivis
1436 589 1640 649 utitur.
1730 589 1826 647 hic
1855 606 2000 648 usus
2032 607 2105 648 ex
2140 594 2299 649 motu
2333 589 2591 667 quodam

354 691 532 751 animi
592 689 981 769 explicandus
1035 695 1126 750 est
1187 692 1341 768 eius,
1399 691 1501 769 qui
1557 691 1856 769 loquitur,
1913 708 2032 750 non
2079 690 2319 767 quidem
2363 709 2598 768 semper

357 795 557 869 hilari,
612 800 675 854 ut
729 794 879 854 falso
926 794 1235 854 contendit
1273 794 1604 853 Muellerus
1651 793 1751 867 (de
1796 794 1936 871 ling.
1983 794 2083 853 lat.
2127 794 2412 854 deminut.
2459 793 2598 854 diss.

358 898 583 974 Regim.
641 882 716 956 as
759 900 919 958 1865
976 918 1030 975 p.
1081 896 1214 969 19),
1270 895 1375 957 sed
1440 897 1616 956 etiam
1679 896 1840 955 hand
1901 915 2037 956 raro
2100 915 2133 957 e
2194 897 2599 958 misericordia

357 999 632 1076 quadam.

728 1186 764 1257 ἓ
797 1191 852 1248 5.
917 1187 1019 1242 De
1061 1186 1376 1255 parataxi
1417 1200 1543 1255 pro
1588 1186 1927 1255 hypotaxi
1970 1186 2215 1255 posita.

531 1307 817 1367 Homines
863 1307 1055 1366 minus
1099 1305 1333 1384 eruditi,
1377 1307 1534 1366 sicut
1580 1306 1866 1383 infantes,
1910 1307 1968 1366 in
2014 1305 2317 1383 loquendo
2363 1308 2598 1365 senten-

359 1408 472 1468 tias
515 1409 878 1486 paratactice
922 1409 1119 1468 solent
1165 1408 1508 1485 adnectere,
1553 1428 1673 1468 non
1721 1409 1968 1469 alteram
2015 1408 2186 1468 alteri
2218 1408 2599 1485 subiungere.

359 1510 710 1588 plerumque
770 1518 1100 1588 praeterea
1141 1510 1529 1588 temporalem
1583 1515 1847 1581 tantum,
1901 1529 2020 1569 non
2068 1511 2367 1570 causalem
2416 1511 2597 1587 respi-

361 1614 526 1672 ciunt
571 1614 893 1692 rationem,
952 1632 1105 1691 qnae
1157 1612 1477 1674 intercedit
1520 1614 1676 1674 inter
1722 1613 1874 1673 duas
1920 1615 2263 1673 sententias·
2353 1631 2473 1690 quo
2520 1613 2600 1684 fit,

362 1722 428 1776 ut
471 1716 654 1776 multo
702 1717 892 1776 rarius
935 1718 994 1776 iu
1044 1735 1248 1776 eorum
1294 1716 1667 1777 sermonibus
1713 1717 2050 1792 particulae
2095 1718 2423 1776 sententias
2466 1735 2601 1776 con·

361 1819 677 1895 iungentes
707 1821 1112 1897 inveniantur,
1151 1839 1326 1897 quam
1359 1820 1418 1879 in
1453 1820 1756 1879 hominum
1790 1818 2181 1879 eruditiorum
2215 1819 2603 1879 sermonibus.

361 1927 438 1998 et,
483 1941 639 1998 quae
683 1923 1099 2001 inveniuntur,
1144 1930 1284 1983 sunt
1329 1923 1622 1998 plurimae
1668 1927 1773 1981 aut
1817 1922 2196 2000 copulativae
2242 1927 2347 1981 aut
2392 1922 2601 1981 adver·

361 2023 608 2099 sativae,
653 2023 836 2083 multo
883 2025 1078 2084 rarius
1121 2028 1319 2084 autem
1367 2025 1645 2084 causales
1676 2042 1903 2100 eaeque
1937 2024 2292 2100 plerumque
2326 2023 2603 2084 liberiore

362 2125 535 2185 modo
581 2133 919 2204 usurpatae.

530 2227 600 2286 In
633 2230 904 2305 parataxi
937 2247 1115 2307 qnam
1149 2227 1267 2287 dixi
1303 2227 1741 2289 consideranda
1772 2229 2147 2306 Draegerum
2181 2228 2243 2302 (ἓ
2269 2232 2392 2290 368
2413 2232 2603 2306 seqq.)

360 2337 603 2390 secutus
645 2331 879 2390 initium
927 2331 1154 2407 capiam
1203 2329 1275 2389 ab
1320 2330 1392 2390 iis
1439 2330 1655 2401 verbis,
1702 2349 1878 2408 quae,
1923 2350 2054 2391 cum
2101 2330 2284 2407 vulgo
2323 2331 2406 2390 ita
2437 2349 2602 2390 usur-

363 2441 612 2510 pentur,
659 2440 725 2494 ut
769 2452 1031 2511 sequens
1077 2435 1377 2494 sententia
1421 2433 1495 2493 ab
1540 2433 1660 2494 illis
1704 2432 2002 2512 pendeat,
2047 2434 2208 2513 apud
2255 2435 2601 2495 Petronium

364 2538 708 2612 saepissime
754 2536 1045 2597 dissolute
1090 2537 1150 2595 in
1196 2538 1364 2596 initio
1412 2538 1704 2597 enuntiati
1748 2543 2072 2614 ponuntur.

541 2639 815 2699 Credere.
872 2658 921 2699 c.
953 2642 1060 2700 52:
1093 2640 1277 2699 credo
1311 2640 1564 2712 dixerit,
1610 2658 1659 2699 c.
1694 2643 1803 2700 63:
1851 2644 2090 2714 oportet
2135 2640 2426 2712 credatis,
2467 2647 2609 2698 sunt

361 2743 645 2801 mulieres
685 2743 1018 2816 plu-eseiae,
1080 2760 1128 2801 c.
1169 2745 1281 2803 92:
1338 2758 1519 2815 eques
1565 2741 1874 2800 Romanus
1927 2786 1940 2800 .
1976 2784 1989 2799 .
2038 2749 2343 2801 errantem
2391 2785 2405 2800 .
2442 2787 2455 2800 .
2503 2743 2607 2800 ab·

365 2846 575 2916 duxit,
624 2845 838 2916 crede,
887 2851 953 2902 ut
998 2888 1011 2901 .
1049 2890 1061 2902 .
1109 2851 1419 2916 uteretur,
1467 2863 1516 2904 c.
1552 2846 1704 2904 113:
1752 2844 2081 2903 accedebat
2126 2845 2279 2918 huc,
2338 2858 2497 2919 quoa
2541 2890 2554 2903 .
2591 2890 2606 2905 .

372 2947 546 3006 Giton
593 2991 606 3005 .
643 2991 656 3004 .
704 2944 973 3020 vocabat,
1019 2948 1223 3019 credo,
1271 2948 1497 3006 veritus
1541 2963 1636 3020 ne,
1684 2965 1735 3005 c.
1772 2951 1923 3009 138:
1963 2947 2243 3020 forsitan
2284 2948 2608 3022 resipisce-

364 3056 499 3107 rent
535 3054 756 3122 partes
786 3050 1095 3120 veneficia,
1143 3049 1351 3121 credo,
1398 3050 1654 3123 sopitae.
1743 3049 1983 3126 saepius
2014 3050 2190 3109 etiam
2222 3050 2608 3126 imperativus

363 3151 447 3210 ita
490 3151 753 3227 ponitur.
842 3150 917 3210 cf.
962 3168 1011 3209 c.
1041 3154 1154 3211 46:
1200 3152 1389 3210 crede
1431 3151 1950 3225 milti,·quidquid
1990 3151 2201 3222 discis,
2251 3149 2357 3209 tibi
2401 3151 2606 3223 discis,

365 3273 416 3312 c.
448 3257 560 3315 69:
605 3254 788 3313 crede
831 3253 995 3325 milti,
1040 3260 1096 3312 et
1140 3270 1242 3313 vos
1285 3255 1571 3325 novimuS,
1617 3272 1665 3312 c.
1711 3256 1864 3314 129:
1910 3253 2098 3312 crede
2140 3253 2303 3326 milti,
2350 3270 2470 3311 non
2516 3255 2607 3311 in·

368 3357 613 3430 telleqo,
661 3375 709 3415 c.
741 3359 853 3416 47:
899 3356 1132 3415 credite
1174 3356 1338 3427 mihi,
1386 3355 1826 3430 anathymiasis
1870 3358 1931 3413 in
1961 3353 2279 3414 cerebrum
2311 3356 2374 3430 it,
2420 3375 2467 3415 c.
2499 3360 2607 3416 52:

366 3459 599 3518 credite
641 3459 803 3531 milti,
851 3458 1174 3517 cordacem
1219 3474 1389 3517 nemo
1434 3458 1644 3517 melius
1687 3459 1880 3530 ducit,
1927 3476 1973 3516 c.
2011 3462 2117 3518 77:
2162 3458 2399 3516 credite
2440 3458 2606 3529 mihi,

365 3577 562 3619 assem
606 3560 865 3634 habear,
910 3577 1101 3620 assem
1145 3563 1388 3630 valeas;
1433 3560 1618 3619 habes
1662 3558 1993 3619 habeberis.
2085 3559 2186 3634 (cf.
2232 3562 2602 3636 Draegerum

365 3663 400 3731 ἓ
434 3667 583 3741 369,
628 3668 695 3740 1,
749 3664 848 3739 qui
908 3681 1117 3723 vereor
1177 3683 1251 3723 ne
1306 3663 1480 3722 nimis
1525 3668 1699 3722 acute
1745 3662 1899 3722 inter
1944 3663 2128 3721 crede
2170 3662 2318 3721 milti
2361 3666 2422 3721 et
2462 3663 2611 3721 milti

365 3764 551 3823 crede
594 3763 953 3842 distinxerit,
998 3784 1130 3824 nam
1180 3784 1215 3823 a
1245 3765 1524 3824 Petronio
1570 3764 1717 3822 milti
1761 3765 2002 3842 saepius
2048 3772 2207 3842 ante,
2251 3783 2429 3842 quam
2473 3771 2610 3841 post

366 3868 854 3944 crede-ponitur.
942 3868 1308 3927 Kuehnerus
1339 3867 1394 3926 11
1438 3866 1474 3937 ἓ
1510 3870 1660 3944 178,
1689 3871 1776 3926 4a
1820 3867 1897 3926 dc
1943 3866 2151 3927 eadem
2199 3887 2262 3926 re
2309 3885 2608 3944 quaerens

367 3971 680 4032 adnotavit
725 3971 1069 4031 Ciceronem
1118 3970 1429 4030 formulam
1476 3970 1624 4029 milti
1667 3970 1851 4029 crede
1896 3971 2083 4045 magis
2128 3988 2383 4045 amasse,
2430 3989 2606 4046 quam

368 4075 552 4133 crede
595 4075 741 4134 milae·
786 4075 860 4134 ad
909 4072 1244 4133 evitandam
1294 4073 1622 4133 clausulam
1685 4074 2060 4149 pentametri.
2148 4072 2253 4132 sed
2302 4092 2439 4131 num
2487 4073 2609 4132 tale

367 4178 684 4237 discrimen
747 4178 925 4236 statui
986 4178 1200 4254 possit,
1260 4175 1436 4235 valde
1484 4175 1721 4252 dubito,
1786 4176 2133 4252 praesertim
2183 4193 2316 4234 cum
2363 4175 2477 4234 loci
2523 4176 2606 4234 illi

275 4269 286 4280 ’
366 4280 423 4337 in
461 4280 651 4339 Cicer.
697 4285 846 4340 orat.
891 4280 947 4338 in
988 4282 1151 4340 Verr.
1183 4280 1265 4338 1v
1300 4281 1397 4350 59,
1434 4283 1551 4340 132
1599 4287 1658 4339 et
1707 4282 1826 4340 133
1873 4280 2242 4355 apertissime
2290 4279 2609 4339 videantur
