3166 4871
1088 312 1172 367 De
1210 312 1416 365 nomin.
1450 312 1511 366 in
1548 329 1711 376 -αιος.
1782 314 1816 378 S
1854 316 1900 365 3.
2574 318 2608 377 7

380 496 522 567 ajo),
587 494 644 552 in
692 493 970 570 genitivis
1014 485 1246 569 ἐμίως,
1312 486 1473 562 τέως
1539 496 1600 550 et
1655 493 1717 550 in
1778 491 1908 550 aliis
1953 489 2176 550 factum
2223 509 2350 550 esse
2395 494 2608 567 potest.

377 598 731 673 Quanquam
795 596 1082 655 eiusmodi
1143 594 1417 673 exempla
1477 613 1598 654 non
1663 595 1747 653 ita
1802 594 1988 653 multa
2047 595 2202 651 sunt.
2290 592 2404 652 Sed
2453 612 2607 668 quae

375 700 449 759 ad
496 703 761 763 nostram
808 699 1217 774 quaestionem
1267 698 1517 756 maxime
1562 696 1884 774 pertinent,
1930 695 2056 755 dor.
2100 688 2321 773 πέληα
2364 719 2447 740 =
2491 711 2606 752 πε-

372 800 529 874 issa,
577 789 842 878 Λύκηος
886 797 1291 872 τ-ΛυκεῙος,
1340 798 1477 858 lesb.
1522 786 1947 876 πεμπεβόηος
1991 821 2074 843 =
2120 793 2415 869 -βοεῙος,
2475 794 2607 855 Κυ-

374 898 585 982 ‚agona
628 927 710 948 =
757 899 1133 979 Κυθερε]”α,
1192 901 1310 960 ion.
1354 885 1828 979 ἄνθρωπήιος,
1884 888 2218 978 ἑταρήιος,
2267 888 2606 975 Καδμήιος

371 1007 447 1065 al.
506 1003 772 1081 (Brug‘m.
816 1023 875 1080 p.
927 998 1077 1081 180,
1124 1000 1220 1080 8),
1295 1002 1512 1061 deinde
1570 1002 1852 1062 feminina
1918 1002 2045 1062 dor.
2091 986 2288 1080 ὄξῆα,
2348 996 2604 1078 ταχῆαι,

371 1104 637 1186 βαρῆαι,
696 1106 1090 1181 comparativi
1157 1094 1436 1182 πλήων,
1499 1094 1690 1183 μὴων
1770 1104 1870 1173 (ib.
1918 1100 2013 1181 9);
2092 1092 2476 1182 Πασιχάρηα
2522 1127 2603 1148 ==

370 1208 689 1286 -xapfoja,
734 1193 939 1286 ὄρηος
981 1232 1064 1253 --
1109 1192 1407 1285 (inemec,
1453 1207 1568 1266 ion.
1614 1191 1944 1285 ἅληθηΐη,
1990 1190 2323 1284 ἄσφαληΐη
2367 1206 2444 1265 al.
2505 1203 2603 1275 (ib.
2672 1236 2680 1247 ·

378 1312 473 1381 10)
520 1341 602 1351 —
649 1329 845 1370 nonne
892 1309 1346 1386 productionem
1409 1307 1843 1386 suppletoriam
1906 1326 2085 1386 passa
2141 1309 2327 1369 sunt?
2400 1325 2602 1368 nonne

370 1416 425 1474 in
473 1415 564 1472 his
599 1414 626 1491 j
675 1431 749 1472 ex
796 1431 836 1489 ι,
880 1414 938 1471 ἱιι
984 1413 1181 1472 multis
1225 1412 1322 1471 vel
1364 1411 1524 1471 inter
1568 1411 1719 1470 duas
1766 1411 2039 1489 vocales,
2098 1414 2334 1487 natum,
2398 1428 2601 1470 nonne

371 1517 706 1576 recentiore
782 1515 1040 1592 quodam
1114 1520 1383 1591 tempore
1458 1514 1709 1572 natum?
1783 1514 1862 1572 At
1920 1512 2365 1574 animadvertas
2424 1512 2603 1571 huius

370 1617 781 1694 productionis
855 1616 1348 1693 inconstantiam,
1422 1634 1603 1691 quum
1679 1634 1752 1675 ex
1824 1615 2030 1691 iisdem
2111 1613 2313 1674 formis
2385 1614 2601 1690 prima-

369 1720 474 1780 riis
549 1719 878 1796 prodierint
959 1720 1077 1778 ion.
1162 1713 1420 1797 Λυκίη,
1507 1708 1699 1792 βόεος
1771 1702 2142 1796 οἷμοβόεος,
2214 1701 2600 1795 ἄνθρωπέη,

368 1808 557 1896 ὀξέα,
604 1815 873 1900 τρηχέα,
921 1815 1164 1897 &adim
1252 1821 1377 1881 dor.
1424 1808 1613 1879 ἁδέαι
1671 1821 1905 1897 Epich.‚
1971 1807 2172 1878 ἆδεᾶν
2218 1820 2408 1879 Alcm.
2453 1805 2596 1897 ἡμί-

365 1938 480 1982 σεα
540 1924 911 2001 Archimed.,
981 1928 1084 1983 att.
1136 1917 1398 1995 πλέων,
1473 1923 1620 1983 lesb.
1683 1908 1965 1982 ἀλάθεα.
2098 1922 2357 1999 Propter
2441 1922 2597 1981 hanc

364 2028 551 2104 ipsam
599 2027 1057 2086 inconstantiam
1106 2026 1345 2085 omnino
1380 2014 1523 2085 ‘non
1586 2025 1792 2085 debuit
1852 2026 1962 2084 hoc
2023 2028 2454 2111 argumentam—
2494 2023 2596 2083 ad-

363 2129 569 2189 hiberi.

515 2231 723 2307 Itaque
769 2249 923 2307 quae
955 2230 1223 2291 Cauerus
1269 2238 1479 2291 contra
1511 2231 1842 2291 Hartelium
1889 2230 2137 2307 profert,
2182 2229 2330 2288 nihil
2373 2229 2596 2289 valent.

362 2336 523 2394 Haec
569 2334 740 2392 etiam
788 2334 1036 2393 Joannis
1080 2333 1349 2394 Schmidt
1393 2316 1691 2393 sententia
1734 2338 1825 2392 est
1877 2333 1936 2392 in
1985 2349 2242 2392 censura
2286 2332 2415 2391 eius
2461 2331 2595 2391 Stu-

365 2437 595 2512 diorum
640 2437 1057 2497 Ourtianorum
1104 2434 1425 2496 voluminis
1470 2438 1530 2497 in
1576 2439 1707 2496 Jen.
1753 2437 2074 2512 Litt.-Ztg.
2131 2431 2305 2512 1876,
2349 2453 2405 2510 p.
2453 2430 2596 2511 367,

360 2538 666 2615 addentiS,
725 2539 976 2598 Hartelii
1037 2540 1493 2615 explicationem
1555 2539 1738 2599 solam
1802 2538 2128 2599 convenire
2184 2556 2318 2597 cum
2365 2536 2594 2613 legibus

359 2642 768 2718 physiologiae
815 2660 972 2718 quae
1016 2646 1270 2701 vocatur
1313 2659 1613 2702 sonorum.

526 2737 592 2803 3.
655 2743 962 2803 Hartelius
1006 2744 1044 2803 l.
1091 2744 1127 2802 l.
1170 2762 1291 2803 non
1338 2748 1589 2821 propter
1631 2763 1693 2804 se
1743 2746 1925 2822 ipsam
1983 2745 2137 2803 hanc
2197 2742 2593 2820 diphthongo-

359 2864 485 2905 rum
535 2848 741 2905 mutati
729 2864 919 2905 ·onem
966 2846 1203 2905 atticam
1249 2851 1499 2924 tractat,
1557 2846 1660 2906 sed
1722 2865 1795 2906 ea
1852 2847 2153 2922 explicare
2198 2845 2429 2920 studet,
2488 2846 2590 2921 qui

360 2947 578 3007 factum
625 2950 720 3025 sit,
765 2951 832 3006 ut
873 2948 1037 3025 apud
1069 2950 1389 3009 Homerum
1441 2949 1692 3008 maxime
1738 2954 1799 3009 et
1842 2949 2065 3026 lyricos
2110 2949 2346 3008 vocales
2375 2949 2591 3023 longae
2645 2932 2665 2939 ’

357 3067 426 3109 ac
492 3051 843 3125 praesertim
908 3049 1262 3127 diphthongi
1338 3050 1764 3111 vocabulorum
1839 3051 2049 3110 finales
2122 3054 2262 3110 ante
2324 3050 2590 3109 vocalem

356 3151 628 3211 vocabuli
673 3153 981 3228 sequentis
1023 3153 1300 3212 initialem
1350 3154 1765 3230 corripiantur.
1855 3153 2026 3212 Hanc
2069 3152 2222 3212 enim
2269 3152 2590 3226 correptio·

354 3271 481 3313 nem
526 3255 708 3331 longe
752 3255 1099 3329 saepissime
1142 3256 1453 3332 patiuntur
1510 3254 1868 3332 diphthongi
1927 3271 1994 3311 αι
2054 3270 2118 3312 οι
2179 3271 2236 3312 ει
2280 3271 2401 3327 ov,
2431 3258 2592 3332 'per-

353 3375 487 3416 raro
531 3374 644 3433 pro
689 3360 821 3414 rata
864 3360 1037 3432 parte
1083 3375 1139 3434 ῳ
1184 3375 1241 3415 ω
1286 3375 1325 3433 ῃ
1370 3376 1411 3437 η
1458 3374 1551 3428 ευ,
1598 3361 1664 3417 nt
1706 3374 1815 3417 suo
1852 3358 1992 3435 Jure
2021 3356 2297 3416 videatur
2327 3375 2590 3436 censere,

354 3459 513 3518 illius
560 3459 957 3543 correptionis
1003 3477 1239 3520 causam
1287 3478 1413 3520 esse
1460 3478 1482 3517 ι
1527 3458 1680 3533 (sive
1727 3457 1791 3532 v)
1851 3460 2161 3536 paullatim
2210 3459 2585 3520 debilitatum

352 3564 412 3618 et
468 3579 771 3621 consonae
832 3561 1045 3621 leniter
1104 3563 1357 3639 spiranti
1415 3562 1605 3622 simile
1665 3561 1903 3622 factum.
1991 3563 2108 3623 Sed
2171 3564 2286 3622 hoc
2350 3564 2582 3624 etiamsi

354 3664 477 3722 veri
524 3681 819 3739 perquam
865 3664 1055 3723 simile
1099 3664 1390 3742 ducimus,
1432 3669 1633 3725 tamen
1666 3684 1849 3741 quum
1881 3665 1958 3724 ad
1990 3670 2253 3725 nostram
2288 3667 2586 3742 quaestio-

354 3783 482 3823 nem
530 3784 648 3825 non
696 3766 990 3841 pertineat
1035 3768 1368 3844 mittamus,
1435 3767 1578 3826 illud
1646 3786 1789 3826 vero
1855 3770 2196 3827 accuratius
2242 3769 2411 3836 nobis
2457 3787 2587 3845 spe-

354 3867 629 3925 ctandum
676 3873 787 3943 est,
830 3868 991 3944 quod
1036 3871 1210 3928 etiam
1258 3870 1315 3927 in
1364 3870 1569 3928 mediis
1601 3870 1909 3929 vocabulis
1956 3888 2383 3946 nonnunquam
2419 3870 2586 3949 diph-

353 3968 613 4045 thongus
664 3975 805 4028 ante
849 3974 1196 4045 sequentem
1244 3972 1509 4030 vocalem
1556 3973 1895 4048 corripitur.
1983 3973 2254 4049 Egerunt
2297 3992 2369 4032 ea
2414 3973 2490 4032 de
2520 3990 2587 4032 re

353 4069 419 4129 G.
464 4071 845 4130 Hermannus
900 4072 972 4131 de
1019 4071 1156 4131 dial.
1200 4072 1370 4131 Pind.
1414 4091 1472 4148 p.
1516 4070 1555 4130 9
1600 4091 1689 4149 sq.
1775 4073 2018 4133 Boeckh
2078 4074 2151 4132 de
2206 4078 2371 4133 metr.
2415 4074 2587 4133 Pind.

350 4189 407 4246 p.
452 4167 593 4231 289.
638 4169 795 4230 424..
824 4170 965 4232 492.
1052 4175 1121 4234 T.
1166 4175 1495 4235 Mommsen
1542 4176 1696 4238 Anu.
1743 4177 1870 4235 crit.
1914 4176 2123 4253 Suppl.
2170 4177 2244 4234 ad
2277 4175 2449 4235 Pind.
2494 4176 2584 4235 Ol.

351 4271 513 4351 XIII,
560 4269 659 4346 78,
702 4293 758 4349 p.
798 4272 911 4330 174
960 4293 1089 4352 sqq.
1178 4277 1384 4336 Heinr.
1429 4276 1713 4356 Schmidt,
1756 4277 1857 4338 Gr.
1902 4279 2073 4337 Metr.
2124 4275 2260 4337 121.
2331 4275 2585 4336 Valcke-
