3166 4871
2493 275 2616 337 317

370 449 459 510 bis
521 449 783 527 positum
849 454 910 509 el
968 450 1029 510 in
1092 469 1212 511 una
1273 450 1571 512 sententia
1628 451 1960 529 reperitur,
2019 450 2221 528 priore
2279 450 2617 511 adnectitur

370 553 764 629 enuntiatum,
808 553 1108 629 posterior
1150 551 1447 629 signifieat
1489 553 1685 612 etiam.
1757 553 2122 614 Trimalchio
2152 553 2306 613 enim
2347 570 2618 630 narrans,

374 653 518 730 quid
565 653 1019 715 mathematicus
1064 655 1333 717 Graecus
1378 654 1624 733 dixerit,
1678 659 1997 733 postquam
2043 655 2332 717 nonnulla
2375 673 2614 715 enume-

371 756 549 834 ravit,
591 757 679 816 sic
721 757 946 835 pergit:
994 763 1072 830 el,
1118 758 1280 831 quod
1303 755 1465 817 vobis
1505 774 1629 817 non
1659 758 1943 830 dixerim,
1990 762 2050 817 et
2076 773 2239 817 nunc
2266 757 2349 817 mi
2375 762 2617 817 restare

369 860 527 919 vitae
582 875 776 919 annos
835 860 1091 935 triginta
1154 865 1215 920 et
1274 875 1507 921 mera-ees
1566 864 1857 934 quattuor
1918 866 1977 920 et
2041 862 2174 920 dies
2235 860 2402 920 duos.
2507 859 2612 919 sed

368 961 626 1039 primum
656 962 1088 1023 Trimalchioni
1134 961 1228 1023 bic
1273 962 1518 1023 liberior
1562 962 1802 1023 dicendi
1847 980 1993 1023 usus
2037 962 2460 1023 concedendus
2504 966 2614 1033 est,

369 1069 493 1124 tum
539 1064 790 1127 offensio
836 1066 1013 1126 etiam
1058 1064 1395 1126 intermissa
1437 1066 1735 1126 sententia
1778 1066 2033 1126 relativa
2077 1066 2465 1125 imminuitur.

538 1183 716 1245 Haud
763 1203 902 1245 raro
948 1188 1114 1245 totae
1157 1186 1492 1246 sententiae
1537 1186 1615 1245 ab
1661 1190 1724 1246 el
1767 1184 2090 1263 incipiunt,
2142 1203 2215 1244 ac
2262 1185 2614 1261 plerumque

369 1286 610 1364 quidem
672 1287 731 1347 in
795 1287 1202 1348 libertinorum
1272 1287 1687 1364 sermonibus,
1747 1287 1848 1365 qui
1912 1288 2024 1347 hac
2084 1286 2320 1347 dicendi
2385 1287 2613 1347 ratione

366 1388 537 1449 vario
600 1389 775 1449 modo
833 1393 1103 1450 utuntur.
1205 1388 1457 1466 primum
1520 1393 1581 1450 et
1639 1389 1986 1468 saepissime
2043 1389 2313 1465 ponitur,
2373 1389 2474 1448 ubi
2534 1388 2609 1449 ad

367 1509 491 1551 rem
538 1491 886 1567 diligentius
930 1491 1306 1552 tractandam
1350 1493 1670 1571 transitur,
1726 1494 1808 1553 ita
1870 1498 1935 1553 ut
1991 1491 2147 1552 idem
2204 1491 2282 1551 sit
2324 1496 2507 1569 atque
2554 1497 2612 1551 et

366 1592 606 1666 quidem
652 1591 749 1667 (cf.
795 1592 992 1654 Hand.
1038 1595 1093 1654 11
1138 1597 1299 1673 490,
1348 1592 1427 1666 7).
1515 1594 1591 1655 cf.
1635 1613 1686 1656 c.
1732 1599 1811 1657 39
1859 1594 1993 1673 (43,
2041 1590 2128 1672 1),
2178 1597 2260 1656 43
2307 1594 2442 1669 (47,
2489 1586 2613 1670 12).

369 1698 493 1754 tum
543 1696 738 1756 locum
783 1696 982 1775 habet,
1025 1697 1126 1758 ubi
1171 1698 1396 1776 aliquid
1445 1699 1636 1777 magis
1679 1697 2093 1759 affirmandum
2134 1702 2241 1758 est.
2329 1697 2403 1757 cf.
2448 1716 2498 1756 c.
2529 1701 2606 1758 41

368 1798 494 1875 (45,
528 1794 651 1876 19),
696 1802 774 1860 57
823 1797 960 1877 (67,
990 1797 1073 1872 3).
1161 1800 1571 1879 compluribus
1617 1800 1766 1861 loeis
1811 1799 1948 1860 talis
1993 1800 2256 1860 notionis
2301 1800 2392 1858 vis
2436 1798 2608 1858 etiam

366 1903 623 1976 augetur
681 1919 784 1978 eo,
847 1901 1009 1978 quod
1071 1902 1318 1962 verbum
1383 1902 1612 1962 finitum
1675 1902 2023 1979 particulam
2087 1906 2146 1961 et
2206 1901 2611 1978 subsequitur.

369 2001 442 2060 ef.
489 2021 539 2062 c.
569 2006 651 2064 45
698 2001 824 2080 (51,
859 2001 937 2075 1),
984 2009 1064 2065 52
1111 2002 1397 2083 (60,11),
1440 2008 1518 2066 57
1567 2003 1693 2079 (67,
1729 2003 1850 2083 19),
1896 2009 1976 2067 65
2023 2003 2148 2079 (78,
2192 2000 2313 2076 10),
2360 2007 2438 2064 67
2487 2001 2614 2081 (79,

372 2101 492 2176 16).
580 2104 710 2165 aliis
768 2106 917 2166 locis
974 2111 1143 2167 certe
1200 2107 1299 2166 vel
1356 2123 1568 2167 revera
1627 2107 1725 2168 vel
1767 2107 2145 2168 mehercules
2188 2105 2455 2165 additum
2504 2110 2613 2166 est.

367 2207 441 2267 cf.
487 2225 535 2266 c.
571 2211 648 2270 19
697 2206 820 2282 (21,
856 2205 977 2285 12),
1021 2212 1101 2270 45
1149 2207 1430 2288 (51,17)‚
1476 2214 1556 2271 65
1604 2210 1727 2279 (78,
1757 2207 1842 2287 8),
1862 2207 1936 2279 ¹⁶)
1992 2214 2072 2271 69
2118 2210 2242 2287 (81,
2275 2205 2399 2284 22),
2445 2213 2482 2269 2
2528 2207 2613 2285 (4,

368 2306 464 2386 9),
509 2314 589 2372 33
650 2309 783 2385 (35,
818 2308 900 2383 6).
989 2311 1060 2371 cf.
1108 2311 1412 2372 Kuehuer.
1445 2312 1503 2371 11
1546 2312 1582 2383 ἓ
1621 2317 1766 2383 151,
1823 2317 1877 2373 7.
1965 2312 2064 2372 hie
2109 2329 2254 2372 usus
2298 2311 2379 2370 ita
2424 2311 2608 2388 expli-

367 2411 595 2473 candus
640 2418 761 2486 est,
817 2417 884 2474 ut
927 2414 1010 2487 is,
1066 2416 1168 2494 qui
1214 2399 1510 2494 loquitur,
1563 2433 1636 2475 ea
1680 2418 1913 2475 tantum
1960 2418 2410 2491 commemoret,
2454 2431 2611 2491 quae

365 2516 604 2576 maximi
661 2523 803 2578 sunt
872 2519 1153 2578 momenti
1223 2537 1421 2597 neque
1483 2519 1826 2580 accuratius
1886 2519 2178 2596 explicet,
2244 2535 2400 2594 quae
2458 2518 2610 2577 ratio

364 2618 519 2679 inter
563 2619 714 2679 duas
744 2638 843 2679 res
874 2620 1224 2681 intercedat.
1284 2620 1384 2695 (cf.
1430 2622 1734 2699 egregiam
1767 2620 2244 2682 dissertationem
2275 2618 2385 2678 Ph.
2415 2618 2611 2696 Spitta

364 2719 440 2782 de
470 2723 665 2783 Taciti
698 2723 758 2782 in
790 2723 1221 2801 componendis
1266 2726 1590 2785 enuntiatis
1619 2725 1867 2785 ratione.
1929 2724 2193 2801 Gotting.
2229 2726 2390 2785 1869
2442 2742 2498 2799 p.
2528 2720 2609 2794 9.)

533 2824 785 2902 Saepius
836 2844 1017 2902 porro
1063 2828 1393 2887 sententiae
1439 2827 1736 2905 incipiunt
1780 2846 1816 2886 a
1860 2826 2118 2887 formula
2162 2833 2223 2885 et
2269 2870 2282 2883 .
2310 2869 2323 2884 .
2372 2825 2610 2898 quidem

363 2945 483 2985 uno
528 2927 823 2986 vocabulo
870 2929 1199 2989 interiecto.
1287 2947 1359 2988 ac
1405 2929 1762 3007 plerumque
1806 2928 2047 3005 quidem
2096 2928 2235 2987 huic
2279 2927 2608 2987 sententiae

361 3026 480 3085 alia
546 3028 822 3105 opposita
887 3033 979 3090 est
1041 3029 1334 3106 particula
1396 3035 1632 3104 autem,
1705 3032 1772 3090 ut
1834 3049 1881 3089 c.
1931 3034 2010 3091 74
2072 3027 2198 3105 (87,
2230 3033 2341 3096 203
2399 3034 2459 3088 et
2518 3029 2610 3088 illi

361 3130 598 3202 quidem
643 3161 725 3171 —
770 3131 835 3190 hi
877 3129 1134 3210 autem),
1201 3135 1279 3193 92
1328 3132 1495 3210 (111,
1529 3137 1638 3193 11:
1684 3139 1743 3192 et
1784 3148 1875 3192 me
1918 3149 1974 3206 q.
2020 3163 2105 3172 —
2151 3132 2318 3190 illum
2360 3124 2608 3209 autem),

366 3236 486 3293 114
531 3230 700 3310 (144,
734 3238 840 3295 13:
885 3238 944 3293 et
974 3235 1141 3293 illum
1171 3249 1226 3307 q.
1273 3263 1356 3275 -
1402 3233 1822 3311 Tryphaenam
1865 3231 2116 3311 autem),
2161 3238 2266 3294 aut
2311 3232 2607 3310 particula

360 3341 659 3413 celerum,
725 3341 791 3395 ut
850 3354 897 3396 c.
943 3340 1028 3398 40
1086 3338 1208 3408 (44,
1243 3341 1317 3399 93
1389 3343 1449 3396 et
1504 3336 1568 3396 hi
1612 3354 1669 3410 q.
1715 3366 1801 3376 -
1845 3341 2116 3396 ceterum
2168 3337 2458 3412 carpus),
2524 3338 2604 3396 72

360 3435 486 3510 (86,
517 3441 589 3498 43
632 3442 690 3496 et
741 3438 922 3497 Giton
966 3455 1022 3512 q.
1071 3468 1153 3478 -—
1198 3443 1459 3499 ceterum
1503 3440 1821 3516 alqenles),
1872 3442 1988 3500 105
2034 3438 2204 3514 (127,
2234 3441 2341 3500 203
2387 3443 2447 3497 el
2491 3453 2604 3511 eqo

360 3557 416 3612 q.
479 3568 562 3579 —
621 3548 733 3600 cet.
814 3540 1028 3605 Giton).
1145 3539 1472 3601 secundum
1550 3542 1697 3601 haec
1771 3541 2045 3617 exempla
2115 3540 2271 3601 bene
2344 3539 2608 3601 correxit

517 3806 580 3872 ¹⁰)
615 3804 997 3860 Buechelerus
1033 3806 1137 3860 hoe
1174 3808 1295 3862 loco
1331 3807 1545 3861 mavult
1577 3805 1683 3861 sed
1716 3822 1880 3875 quam
1918 3814 1987 3872 et,
2023 3807 2155 3875 quia
2186 3812 2306 3860 tota
2328 3805 2605 3861 sententia

357 3888 712 3958 praecedenti
758 3890 1165 3959 quodammodo
1211 3891 1472 3960 opposita
1519 3898 1625 3945 est.
1696 3891 1798 3946 sed
1835 3890 1938 3946 hac
1974 3890 2276 3945 mutatione
2314 3906 2424 3945 non
2460 3905 2603 3958 opus

357 3980 459 4028 est.
530 3974 679 4028 sicut
712 3974 857 4027 enim
904 3982 959 4029 et
1000 3992 1101 4045 pro
1150 3976 1424 4045 particula
1457 3976 1820 4032 adversativa
1853 3992 2246 4045 nonnunquam
2283 3982 2601 4044 usurpatur,

354 4060 435 4114 ita
478 4060 640 4115 etiam
690 4065 743 4115 el
790 4060 1136 4126 mehercules
1181 4077 1285 4130 pro
1330 4062 1436 4117 sed
1480 4061 1844 4126 mehercules,
1897 4063 1970 4118 ef.
2004 4081 2051 4117 c.
2078 4068 2142 4116 33
2195 4065 2315 4130 (35,
2349 4067 2406 4127 6)
2440 4069 2499 4118 et
2534 4068 2600 4116 69

355 4149 463 4213 (81,
500 4148 590 4212 22)
634 4152 692 4199 et
725 4162 827 4201 nec
861 4144 1202 4202 mehercules
1236 4162 1284 4201 c.
1321 4151 1386 4202 38
1419 4149 1530 4214 (42,
1566 4148 1639 4216 5),
1684 4148 1777 4202 nbi
1816 4147 1922 4203 sed
1961 4164 2075 4201 non
2125 4145 2464 4202 mehercules
2509 4163 2598 4202 ex·

355 4235 695 4298 spectamus.
