3166 4871
1152 301 1238 357 De
1272 302 1479 355 nomin.
1513 301 1571 356 in
1605 320 1770 367 ·αιος.
2453 308 2579 371 257

877 625 1298 709 Addenda
1351 628 1441 709 et
1493 627 2040 728 corrigenda.

501 759 839 828 conscripta
883 760 991 829 jam
1039 760 1145 815 hac
1192 763 1654 815 commentatione
1703 761 1911 831 prodiit
1955 762 2231 815 annalium
2268 778 2301 816 a
2335 763 2579 817 Bezzen-

318 828 561 895 bergero
597 828 872 882 editorum
907 829 1194 896 (Beitriige
1221 845 1321 883 zur
1347 829 1537 884 kunde
1563 829 1665 883 der
1686 829 2239 899 indegermaniscben
2279 831 2576 899 spi-seben)

317 895 632 950 fasciculus
656 898 814 963 alter,
853 912 965 964 qno
991 904 1312 951 continetur
1348 898 1576 951 Fickii
1617 897 1936 953 dissertatio
1976 915 2155 961 „zum
2192 915 2578 966 sogenann·

319 971 446 1017 ten
473 964 822 1034 ja·snffix
859 967 940 1018 im
977 964 1517 1032 griechischen‘·.
1590 966 1705 1019 Hae
1742 966 2139 1021 dissertatione
2175 969 2469 1035 quominus
2506 968 2576 1021 ad

316 1032 524 1085 librum
562 1047 744 1086 meum
782 1033 909 1086 dnm
950 1034 1102 1103 typis
1140 1034 1467 1102 exprimitur
1489 1035 1873 1102 corrigendum
1898 1035 2379 1105 utere1·ten1poris
2403 1050 2576 1104 angu-

317 1100 471 1154 stiae
532 1100 908 1155 rohibuerunt.
964 1103 1072 1156 Sed
1099 1102 1170 1155 ne
1198 1102 1244 1155 si
1270 1104 1383 1155 otio
1409 1103 1781 1157 abundassem
1808 1104 2032 1170 quidem
2053 1108 2191 1172 puto
2211 1119 2296 1158 me
2316 1120 2575 1171 magnum

316 1167 456 1222 inde
544 1176 730 1223 netum
770 1176 1058 1237 capturum
1098 1169 1289 1223 fuisse.
1363 1171 1496 1223 Nam
1536 1186 1705 1239 quum
1743 1171 2009 1224 nonnulla
2043 1180 2193 1226 recte
2219 1172 2335 1225 sint
2357 1173 2574 1241 excogi-

319 1242 462 1303 tata,
497 1237 669 1291 multo
706 1238 870 1306 plura
908 1254 1172 1306 perversa
1211 1244 1359 1305 sunt,
1399 1246 1470 1303 et,
1507 1248 1572 1291 ut
1608 1239 1777 1292 verbo
1814 1239 2008 1301 dicam,
2046 1247 2163 1292 tota
2187 1242 2576 1293 commentatio

364 1319 519 1358 arum
574 1314 831 1359 accurate
885 1305 1164 1371 confecta,
1225 1322 1330 1359 nec
1384 1314 1693 1375 temporum
1747 1322 1929 1375 neque
1987 1307 2410 1375 significationis
2464 1309 2575 1362 ulla

315 1321 519 1426 Habita
572 1374 809 1436 ratione,
865 1375 1222 1442 diversisque
1281 1375 1527 1429 eiusdem
1582 1373 1791 1429 formae
1846 1376 2065 1429 suffixis
2117 1392 2230 1429 non
2278 1376 2575 1430 distinctis.

320 1440 556 1495 Scilicet.
590 1441 684 1495 alii
721 1442 1091 1510 imperaturos
1127 1458 1187 1495 se
1227 1450 1442 1510 putant,
1479 1443 1524 1497 si
1563 1444 1871 1511 diviserint,
1910 1444 1995 1497 hic
2022 1443 2108 1497 vir
2132 1444 2335 1498 doctus
2373 1446 2575 1499 deletis

315 1509 537 1564 finibus
583 1526 765 1563 rerum
816 1526 875 1564 sc
924 1527 1047 1564 esse
1097 1512 1406 1579 potiturum
1458 1520 1665 1580 sperat.
1736 1512 1841 1565 Cui
1894 1512 2075 1566 fusius
2124 1513 2231 1567 alio
2280 1515 2428 1575 loce,
2487 1512 2576 1567 hic

320 1578 568 1632 breviter
613 1579 982 1648 respondebo.
1055 1579 1483 1633 Dissertationis
1520 1594 1733 1634 summa
1768 1586 1855 1633 est
1890 1579 2053 1634 baec:
2106 1581 2270 1637 ..dass
2307 1581 2469 1649 jeder
2515 1581 2574 1634 in

314 1647 426 1699 der
476 1646 677 1700 flexion
737 1646 838 1700 des
893 1648 1061 1700 verbs
1115 1647 1511 1701 erscbeiuende
1565 1650 1953 1702 verbalstamm
2007 1648 2154 1703 ohne
2208 1649 2409 1702 zutritt
2462 1664 2571 1702 von

316 1714 808 1768 nominslsuffixen
835 1714 976 1768 ohne
1003 1716 1256 1770 weiteres
1275 1715 1417 1769 auch
1436 1716 1519 1770 als
1537 1717 1985 1770 nominalstamm
2007 1718 2331 1771 vei-wendet
2349 1717 2573 1771 werden

315 1782 532 1843 kann⁰‚
568 1783 717 1836 unde
755 1783 858 1836 hoe
897 1784 1153 1851 sequitur
1204 1786 1366 1839 „dass
1403 1785 1523 1837 eine
1561 1786 1725 1852 lange
1764 1785 1913 1838 reihe
1950 1801 2057 1838 von
2096 1785 2438 1853 nominibus,
2484 1785 2574 1839 die

303 1850 462 1904 nach
501 1848 600 1904 der
635 1851 1017 1905 her-schenden
1058 1850 1269 1906 theoric
1306 1851 1482 1906 durch
1520 1854 1611 1905 eiu
1660 1854 1968 1907 nominales
2017 1852 2185 1907 suffix
2217 1854 2289 1923 ja
2327 1853 2576 1921 gebildet

315 1920 446 1973 sein
484 1918 687 1987 sollen,
758 1936 864 1973 nur
931 1921 1022 1973 die
1081 1920 1392 1974 nominalen
1451 1928 1729 1974 vei-treter
1786 1922 2261 1990 eutspreehender
2320 1922 2575 1977 verbaler

304 1989 647 2057 ja—stiimme
685 1988 845 2041 sind“
885 2028 897 2040 .
936 2031 947 2042 .
987 2030 999 2041 .
1053 1982 1330 2057 „dyysila
1364 1988 1441 2042 ist
1477 1988 1660 2042 niehts
1708 1991 1941 2043 anderes
1989 1991 2072 2042 als
2119 1991 2219 2042 das
2257 1990 2338 2044 als
2376 2004 2573 2043 nomen

311 2055 592 2109 flectierte
629 2048 892 2126 ἀγγελία,
928 2057 1029 2109 das
1066 2057 1122 2108 in
1159 2056 1409 2111 verb-aler
1443 2057 1701 2110 function
1737 2057 1793 2110 in
1832 2050 2210 2127 dyyfljo-mv
2245 2056 2573 2111 erscbeint·.

317 2123 449 2177 Non
485 2123 728 2178 debebat
765 2124 867 2178 boc
905 2126 1215 2193 exemplum
1253 2124 1533 2191 adhibere,
1570 2125 1833 2195 quoniam
1870 2134 1937 2178 st.
1967 2118 2002 2179 α’
2045 2128 2205 2197 yeijo
2243 2142 2350 2180 non
2371 2126 2575 2246 (potuit

313 2191 435 2244 nisi
471 2208 571 2259 pro
605 2193 828 2247 nomine
865 2193 1109 2261 agentis,
1158 2209 1270 2246 non
1307 2209 1410 2261 pro
1446 2195 1730 2246 abstracto
1765 2193 1997 2247 adhiber
2031 2213 2043 2246 ε
2102 2211 2152 2246 ν.
2191 2209 2333 2263 quae
2412 2209 2441 2246 c
2478 2194 2570 2247 ab·

315 2261 550 2313 sti-actis
576 2274 745 2328 supra
781 2260 1066 2329 disputavi
1105 2278 1159 2329 p.
1185 2266 1250 2315 90
1278 2278 1417 2343 sqq„
1457 2269 1515 2315 ct
1539 2263 1608 2315 de
1635 2260 1839 2315 suffixo
1876 2266 1937 2315 ιᾶ
1973 2262 2378 2315 abstractorum
2415 2267 2571 2331 pul.

316 2327 440 2381 Sed
476 2336 537 2381 nt
571 2329 856 2382 abstracta
891 2329 1192 2396 mittamus,
1231 2345 1453 2383 nomina
1487 2331 1710 2399 agentis
1748 2348 1813 2384 ex
1853 2330 2042 2383 verbis
2067 2332 2148 2384 ita
2173 2330 2423 2383 derivata
2447 2346 2573 2385 esse

313 2411 434 2450 non
473 2410 685 2466 negem,
729 2404 793 2451 ut
830 2418 846 2451 ι
884 2413 991 2451 non
1033 2395 1225 2452 suffixi
1263 2398 1556 2453 nominalis
1596 2398 1683 2467 sit,
1721 2399 1823 2454 sed
1858 2415 1925 2453 ex
1964 2398 2135 2454 verbo
2175 2415 2293 2453 sum
2344 2406 2474 2464 tum,
2512 2398 2571 2452 id

313 2464 476 2533 quod
501 2466 556 2518 in
581 2460 825 2532 ἔμπαιος
852 2462 1172 2534 πρόςπαιος
1195 2467 1400 2520 factum
1428 2483 1552 2521 esse
1579 2484 1749 2536 supra
1774 2486 1827 2538 p.
1854 2473 1937 2521 171
1968 2484 2048 2537 sq.
2087 2467 2220 2522 dixi.
2316 2467 2473 2522 {tiam
2499 2467 2571 2522 de

311 2533 526 2587 ceteris
549 2534 869 2588 nominibus
894 2537 952 2586 in
978 2553 1103 2597 αιος
1126 2551 1269 2602 quae
1295 2551 1327 2588 a
1351 2536 1520 2590 latere
1546 2535 1752 2589 habent
1774 2536 2008 2590 verbum
2049 2538 2105 2589 in
2143 2555 2230 2590 αω
2268 2544 2323 2590 et
2358 2536 2569 2590 verbali

311 2607 556 2654 utuntur
590 2601 1020 2670 significatione,
1058 2604 1128 2656 de
1164 2603 1368 2672 quibus
1404 2604 1520 2672 §67
1562 2606 1669 2670 egi,
1708 2604 1802 2658 diu
1841 2604 2106 2672 dubitavi,
2145 2613 2326 2658 utrum
2353 2623 2406 2657 ιο
2432 2604 2570 2658 illud

311 2669 564 2723 verbalis
600 2677 753 2724 esset
788 2670 1004 2738 stirpis,
1060 2678 1117 2725 et
1160 2670 1286 2724 hine
1332 2687 1560 2725 casuum
1611 2672 1828 2726 suffixis
1866 2681 2084 2726 tantum
2124 2672 2333 2727 additis
2369 2689 2573 2727 nomen

311 2737 655 2798 derivatum,
703 2754 771 2791 an
810 2755 1008 2793 nomeu
1050 2755 1118 2793 ex
1156 2742 1331 2808 stirpe
1367 2742 1649 2808 primitiva
1685 2742 1739 2794 in
1769 2759 1805 2793 α
1842 2742 2136 2796 desinente
2175 2739 2366 2795 suffixi
2402 2742 2570 2794 nomi·

317 2805 469 2859 nalis
496 2825 548 2858 ιο
573 2823 681 2875 ope
707 2807 935 2860 ductum
962 2817 1126 2862 esset.
1187 2810 1550 2872 Quamobrem
1592 2810 1661 2862 de
1699 2809 1809 2862 his:
1848 2808 2051 2879 βίαιος,
2090 2817 2243 2878 γαῖα,
2280 2805 2571 2879 βουγάιος,

308 2879 650 2946 βρονταῖος,
691 2871 903 2941 ἱμαῖος.
944 2869 1051 2929 ᾰκὲ
1094 2895 1219 2938 octog
1255 2877 1351 2942 al.,
1447 2892 1548 2930 uae
1594 2877 1727 2929 mihi
1773 2893 1997 2946 quoque
2034 2894 2065 2930 a
2100 2878 2284 2932 verbis
2322 2877 2574 2930 derivata

309 2943 608 3010 videntur,
661 2959 974 3013 quanquam
1031 2945 1138 2998 aia
1191 2960 1354 3013 quam
1421 2946 1633 2998 <iekius
1693 2953 1855 3013 putat
1908 2946 2147 3012 ratione,
2201 2945 2329 2998 ferri
2384 2952 2572 3013 potest

308 3010 503 3065 Fickii
541 3012 837 3066 sententia.
899 3014 1005 3066 Sed
1045 3013 1178 3082 quid
1219 3013 1370 3081 quod
1407 3013 1538 3066 talia
1571 3013 1824 3067 adhibet:
1866 3017 2109 3082 θνραῑος
2148 3010 2366 3082 eunden,
2403 3029 2571 3080 κορυ-

363 3086 495 3142 αῖος
529 3076 837 3150 κορυφόω,
876 3089 1152 3148 πετραῖυς
1193 3077 1444 3148 nervom,
1496 3084 1652 3149 quasi
1694 3087 1934 3151 θυραῖος
1982 3081 2265 3148 significet
2312 3097 2435 3134 cum
2474 3081 2571 3149 qui

335 3147 537 3201 oribus
572 3148 882 3202 instructus
921 3159 1033 3215 est,
1070 3156 1390 3218 κορυφαῖος
1426 3150 1520 3218 qui
1559 3151 1815 3216 erigitur,
1853 3159 2250 3216 exaggeratur,
2299 3157 2572 3217 πετραῐος

305 3218 414 3285 qui
469 3217 747 3284 lapidibus
795 3217 1078 3270 obruitur!
1142 3224 1492 3286 uponpczlog
1540 3213 1870 3286 προτερὲω.
1924 3234 2091 3285 quum
2146 3224 2494 3288 :rpotfpalog
2539 3233 2571 3270 a

306 3278 589 3352 neorz'pzl
629 3301 705 3338 sc.
745 3277 933 3354 ἡμέρα
971 3285 1277 3338 derivatum
1318 3286 1393 3338 sit
1427 3295 1621 3353 (supra
1658 3302 1711 3355 p.
1746 3289 1885 3350 155),
1942 3282 2243 3356 uponpiw
2295 3284 2575 3352 significet

306 3368 440 3407 enm
480 3353 573 3421 qui
625 3349 959 3424 πρότερΟΣ
990 3355 1103 3406 est!
1164 3351 1416 3406 πνκναιά
1464 3350 1703 3407 πυκνόω
1751 3369 1919 3422 quum
1968 3354 2219 3407 πυκναία
2266 3353 2403 3406 nihil
2449 3369 2572 3408 esse

307 3420 624 3475 viderimus
686 3422 792 3476 nisi
853 3421 1088 3475 ionicam
1150 3421 1640 3490 amplificationem
1694 3423 1957 3476 vocabuli
2014 3418 2160 3485 πνῦξ
2214 3424 2300 3476 vel
2356 3417 2571 3491 πῦκνηὶ

305 3496 563 3557 περαῖος
600 3495 659 3542 et
685 3485 906 3559 περάω,
944 3506 1110 3558 quum
1149 3496 1390 3560 περαῖος
1415 3506 1480 3544 ex
1508 3486 1662 3560 πέρα
1699 3486 1884 3560 πέραν
1921 3491 2149 3544 ductum
2188 3499 2386 3556 arguat
2423 3483 2572 3544 ἅντι-

307 3551 564 3626 πέραιος
613 3574 785 3627 supra
821 3575 872 3627 p.
908 3560 1028 3612 ¹69!
1085 3565 1339 3628 σειραῖος
1387 3554 1605 3628 ommim
1656 3575 1891 3628 quorum
1940 3560 2078 3612 illud
2130 3559 2571 3616 vetustissimum

307 3633 434 3688 est,
495 3624 594 3680 hoc
648 3641 682 3679 a
727 3626 926 3681 photio
981 3627 1156 3695 primo
1211 3625 1548 3679 adhibitum!
1613 3621 1887 3696 ἕρημαῖος
1936 3622 2164 3696 ἐρημέω
2212 3630 2574 3694 παλαμναῖος

311 3689 646 3759 naama-dm
685 3710 853 3763 quum
893 3701 1074 3762 noque
1114 3689 1341 3764 ἐρημέω
1369 3710 1549 3762 neque
1573 3691 1897 3762 παλαμνάω
1934 3696 2159 3748 omuino
2196 3696 2400 3750 tradita
2438 3697 2572 3751 sint!

308 3757 553 3831 yt'vmog
590 3763 808 3817 confert
845 3779 968 3817 cnm
1004 3758 1352 3832 μισογυνέω,
1388 3765 1538 3830 quod
1563 3781 1633 3816 ex
1669 3756 2030 3832 μισογιῑνΟΣ
2061 3781 2172 3817 non
2210 3763 2474 3818 suffixo
2502 3764 2572 3834 je

309 3831 420 3885 sed
471 3832 976 3886 terminatione
1028 3849 1105 3885 εω
1145 3838 1226 3894 εἰς
1273 3838 1330 3885 εἴ
1371 3841 1475 3886 etc.
1526 3833 1663 3886 satis
1709 3832 1923 3885 recenti
1969 3837 2217 3900 tempore
2262 3833 2571 3886 derivatum

310 3913 443 3952 esse
482 3906 718 3965 constat,
758 3898 928 3968 quum‘
965 3895 1198 3968 γύναιος
1236 3915 1302 3953 ex
1340 3909 1407 3952 st.
1447 3902 1602 3967 yva
1640 3903 1937 3954 remitum
1965 3916 2088 3955 esse
2110 3907 2317 3969 pateat.
2380 3901 2572 3970 Atque

309 3968 422 4020 hoe
460 3968 698 4020 maxima
720 3968 1138 4036 vituperatione
1165 3968 1394 4034 dignum
1423 3976 1524 4036 est,
1562 3984 1674 4038 quo
1742 3969 2070 4038 saepissime
2085 3976 2217 4023 ‘eom
2264 3977 2384 4023 arat
2403 3970 2573 4023 verba

307 4037 716 4116 decomposita,
755 4045 816 4089 ut
854 4028 1187 4107 α’ντιβολὲω.
1229 4030 1459 4100 α’δικὲω,
1499 4031 1824 4104 οἰκοδομέει)
1863 4054 1986 4090 eum
2022 4037 2227 4091 nomini
2270 4053 2336 4092 us
2364 4038 2573 4107 simpli-

305 4103 472 4158 cibus
517 4120 574 4157 m
614 4122 743 4167 αιος
777 4111 843 4157 ut
877 4107 1114 4175 βολαῖος
1151 4102 1371 4168 δίκαιος
1406 4107 1672 4172 ὁομαῖος.
1728 4121 1897 4174 quum
1934 4122 2219 4174 nunquam
2256 4105 2574 4160 exstiterint

306 4171 592 4241 simplicia
636 4167 829 4244 βαλέω
877 4168 1050 4226 (faxim
1088 4168 1341 4242 δρομέα),
1397 4179 1453 4227 et
1491 4167 1703 4228 ἅδικέω
1743 4175 1965 4255 quidem
2005 4191 2071 4228 ex
2112 4169 2310 4237 ἄδικος
2346 4174 2571 4227 ductum

308 4240 407 4302 sit,
444 4239 668 4305 δίκαιος
711 4247 893 4294 autem
934 4256 1001 4294 cx
1051 4238 1211 4296 δΙκΗ.
1293 4243 1380 4294 Ac
1431 4257 1576 4307 nego
1623 4259 1848 4296 omnino
1896 4257 1929 4295 a
1974 4242 2162 4295 vorbis
2212 4243 2267 4294 in
2320 4260 2396 4294 εω
2446 4240 2571 4293 duci

309 4310 571 4378 potuisse
607 4311 832 4362 nomina
871 4311 926 4362 in
960 4313 1100 4372 αιοζ.
1163 4310 1272 4363 Sed
1299 4311 1488 4364 taedet
1513 4313 1671 4378 plura
1696 4313 1871 4365 verba
1894 4310 2095 4370 faeere,
2136 4325 2303 4377 quum
2330 4317 2570 4361 nostram

2098 4415 2155 4464 17
