3166 4871
2453 314 2459 322 '
2490 306 2612 366 325

537 477 685 537 Aliis
728 477 874 537 locis
919 480 1044 537 tota
1089 477 1397 538 enuntiata
1442 495 1572 536 cum
1624 478 1845 537 maiore
1891 479 1947 537 vi
1995 477 2070 537 ad
2124 479 2327 555 priora
2371 478 2609 539 adnexa

368 600 404 639 a
446 581 742 657 particula
786 584 970 654 alque
1012 580 1322 657 incipiunt.
1409 580 1484 639 cf.
1531 598 1579 639 c.
1613 583 1692 640 52
1739 579 1864 658 (60,
1899 579 2018 656 10),
2068 586 2143 641 17
2192 580 2316 657 (19,
2347 579 2428 655 4),
2479 585 2599 643 123

366 681 532 755 (167,
569 678 687 755 13),
737 687 857 743 134
902 684 1068 759 (188,
1104 682 1224 757 12),
1272 685 1391 743 119
1433 680 1603 759 (154,
1637 682 1717 758 7),
1765 687 1880 743 131
1930 681 2097 761 (181,
2131 681 2253 761 13),
2303 689 2418 745 127
2453 683 2601 758 (175

369 783 450 859 9).
538 785 610 844 cf.
663 785 860 845 Hand.
906 785 934 844 1
983 788 1140 862 484,
1185 788 1241 846 9.
1338 787 1622 861 Draeger.
1685 784 1720 856 ξ
1768 790 1921 864 315,
1981 790 2018 845 3
2054 805 2102 845 c.
2201 787 2504 847 Kuehner.
2553 787 2611 847 lI

370 887 405 959 ἓ
444 892 578 960 153,
611 892 666 949 9.

539 991 763 1051 Eadem
809 989 1080 1066 gradatio
1122 1007 1545 1067 nonnunquam
1580 991 1931 1067 exprimitur
1963 993 2161 1051 verbis
2195 997 2375 1065 alque
2405 993 2608 1052 etiam.

368 1093 638 1153 Handius
698 1092 935 1170 quidem
984 1091 1036 1166 (Ι
1085 1095 1239 1170 506,
1291 1090 1394 1165 13)
1454 1093 1612 1152 hanc
1669 1095 1786 1152 vim
1852 1112 2087 1171 semper
2144 1096 2338 1154 inesse
2394 1096 2450 1154 in
2500 1096 2612 1154 hac

367 1194 623 1256 formula
691 1200 854 1255 reete
930 1199 1126 1272 negat.
1232 1194 1334 1254 sed
1400 1201 1597 1254 tamen
1657 1197 1837 1255 talem
1899 1195 2311 1273 gradationem
2379 1199 2612 1257 minime

367 1299 578 1357 abesse
639 1317 676 1357 a
729 1297 961 1358 ratione
1035 1298 1348 1373 utriusque
1414 1298 1746 1375 particulae
1811 1298 2187 1359 manifestum
2250 1304 2356 1359 est.
2462 1301 2611 1360 hacc

368 1401 458 1459 vis
516 1403 572 1460 in
632 1406 814 1474 alque
869 1401 1045 1459 ellam
1103 1399 1260 1459 inest
1319 1418 1368 1459 c.
1414 1404 1493 1461 35
1539 1398 1674 1476 (38,
1721 1398 1816 1478 7),
1878 1405 1996 1461 116
2057 1402 2238 1474 (148,
2290 1400 2428 1479 16),
2490 1406 2608 1462 134

370 1500 537 1580 (188,
589 1499 706 1575 14).
2380 1503 2383 1507 ’
2596 1534 2601 1539 ·

539 1606 755 1682 Neque
808 1608 1004 1664 tamen
1065 1621 1302 1680 semper
1360 1621 1486 1663 earn
1534 1605 1648 1663 vim
1698 1605 1895 1664 inesse
1940 1606 1998 1663 in
2047 1605 2156 1664 hac
2202 1607 2496 1683 particula
2541 1626 2612 1665 eo

368 1707 843 1784 demonstratur,
910 1705 1071 1784 quod
1142 1724 1568 1784 nonnunquam
1638 1707 1976 1783 complures
2037 1710 2368 1767 sentcntiae
2432 1709 2604 1767 modo

366 1828 474 1887 per
539 1826 641 1879 αο,
729 1808 904 1869 ιιιοᾱο
968 1809 1096 1868 aliis
1171 1809 1480 1885 particulis
1545 1808 1703 1868 inter
1767 1827 1834 1867 se
1902 1815 2376 1888 coniunguntur,
2443 1811 2609 1870 nullo

367 1912 776 1972 intercedente
822 1911 1174 1971 discrimine.
1262 1910 1336 1971 cs.
1382 1930 1431 1971 c.
1471 1914 1549 1972 59
1600 1912 1733 1986 (71,
1780 1916 1849 1971 3:
1896 1915 2299 1988 que-ac-que),
2361 1917 2442 1973 64
2487 1911 2610 1985 (76,

376 2019 483 2074 16:
530 2009 900 2087 que-alque),
951 2017 1071 2073 124
1118 2011 1287 2088 (168,
1322 2017 1431 2073 16:
1481 2011 1687 2084 εἱ-αε),
1739 2016 1856 2073 124
1905 2011 2175 2090 (170,1;
2222 2013 2431 2087 et-ac).

543 2116 732 2177 Etiam
791 2117 977 2176 verba
1035 2134 1373 2192 synonyma
1417 2118 1658 2193 saepius
1703 2134 1811 2192 per
1857 2122 2036 2191 atque
2079 2117 2450 2194 copulantur.
2538 2119 2613 2177 cs.

373 2240 420 2279 c.
454 2222 535 2280 54
566 2218 692 2296 (62,
723 2222 789 2279 9:
834 2219 1113 2277 miseram
1156 2224 1339 2293 alque
1382 2219 1730 2294 infelicem),
1775 2222 1856 2279 85
1890 2217 2057 2290 (101,
2095 2217 2175 2296 1),
2221 2224 2302 2281 89
2334 2218 2502 2298 (106,
2532 2225 2613 2299 8),

378 2326 493 2382 111
543 2320 707 2395 (138,
743 2318 864 2397 12),
913 2325 1032 2380 114
1078 2318 1245 2396 (145,
1280 2316 1400 2391 15),
1449 2324 1566 2381 124
1615 2317 1941 2397 (168,11),
1991 2326 2111 2382 134
2159 2323 2324 2400 (190,
2361 2319 2441 2395 6),
2493 2326 2610 2385 136

373 2422 539 2498 (195,
576 2422 695 2496 11).
784 2422 857 2483 cf.
905 2423 1186 2499 Draeger.
1230 2421 1266 2494 ἓ
1298 2426 1437 2500 315,
1472 2427 1524 2484 7.
1548 2419 1625 2494 ²³)

543 2529 697 2589 Tum
759 2545 867 2603 per
919 2531 1106 2600 atque
1158 2526 1330 2601 etiam
1380 2526 1656 2587 notiones
1702 2528 1859 2588 inter
1904 2547 1968 2588 se
2015 2531 2326 2607 oppositae
2372 2532 2611 2591 coniun-

374 2636 628 2708 guntur,
688 2634 755 2690 ut
795 2628 953 2688 albis
996 2644 1072 2687 ac
1115 2629 1315 2703 niyris
1361 2647 1410 2687 c.
1441 2634 1520 2690 33
1570 2628 1708 2703 (34.
1760 2626 1894 2706 15),
1950 2634 2148 2689 terras
2205 2636 2387 2706 atquc
2429 2634 2612 2692 lllora

374 2753 424 2794 c.
460 2737 578 2795 124
626 2731 806 2810 (170,
840 2728 968 2809 11),
1012 2732 1153 2790 hinc
1198 2735 1381 2805 atque
1426 2733 1593 2791 illinc
1639 2751 1686 2790 c.
1723 2735 1800 2792 32
1848 2731 1982 2809 (34,
2022 2731 2086 2805 5)
2134 2740 2193 2793 et
2236 2737 2316 2794 49
2347 2734 2500 2816 ,(57,
2530 2734 2615 2807 4),

376 2837 494 2895 lenc
538 2842 716 2908 alque
759 2835 907 2893 illue
952 2853 1000 2893 c.
1033 2838 1111 2894 37
1159 2832 1283 2907 (39,
1320 2831 1421 2906 16)
1468 2842 1528 2894 et
1577 2836 1692 2894 101
1737 2832 1904 2911 (122,
1940 2835 2057 2907 14).

372 3001 483 3062 (ῖ1,
522 3000 601 3062 14,
637 3009 947 3064 quanquam
986 2995 1055 3048 de
1090 2994 1195 3048 hoc
1235 2996 1358 3049 loco
1394 2994 1640 3048 dubitari
1690 3001 1880 3064 potest
1923 3001 2152 3065 propter
2186 2997 2611 3065 praecedentem

375 3082 650 3146 lacunam)
697 3081 845 3134 etin
882 3078 1232 3134 sermonibus
1285 3079 1672 3135 libertinorum
1729 3096 1775 3135 c.
1814 3086 1876 3134 44
1933 3087 2041 3147 (48,
2085 3084 2186 3148 12),
2242 3087 2304 3135 44
2362 3086 2469 3150 (49,
2513 3088 2614 3150 15),

375 3172 439 3220 45
474 3171 582 3233 (51,
618 3171 691 3234 4),
738 3171 804 3219 46
839 3167 945 3233 (52,
988 3167 1086 3232 14).
1158 3171 1401 3219 ceterum
1440 3181 1510 3220 ne
1547 3183 1676 3221 nam
1712 3166 1821 3220 iam
1858 3166 2081 3234 quidem
2118 3167 2361 3221 scribere
2397 3168 2452 3220 in
2492 3168 2615 3221 loco

374 3260 526 3308 certe
562 3257 825 3320 corrupto
861 3250 1024 3305 nimis
1060 3251 1245 3304 audax
1284 3256 1437 3305 esset
1472 3251 1712 3313 medela,
1749 3266 1871 3304 nam
1911 3251 2050 3306 hanc
2085 3252 2479 3321 cacophoniam
2517 3255 2614 3308 Pe·
2701 3303 2704 3306 ,

375 3338 616 3392 tronium
651 3351 764 3390 non
801 3350 1021 3404 semper
1054 3332 1269 3403 fugisse
1305 3334 1473 3390 docet
1507 3351 1552 3389 c.
1596 3341 1664 3390 31·
1695 3337 1803 3404 (33,
1845 3339 1931 3400 10)
1966 3342 2023 3390 et
2061 3341 2125 3390 39
2162 3340 2271 3406 (42,
2311 3342 2409 3404 15).

544 3425 616 3486 ²³)
661 3422 748 3476 Ita
783 3422 945 3476 ctiam
985 3421 1140 3474 locus
1176 3420 1398 3474 videtur
1434 3421 1802 3489 explicandus
1839 3436 1964 3475 csse
2001 3438 2046 3475 c.
2077 3426 2168 3475 137
2215 3424 2358 3488 (199,
2396 3427 2454 3475 6:
2514 3440 2617 3478 nec

376 3529 460 3564 me
490 3508 729 3580 fallebat
760 3508 959 3561 inanes
992 3505 1200 3559 scilieet
1233 3520 1303 3559 ae
1334 3506 1454 3560 sine
1488 3505 1731 3560 medulla
1766 3512 2029 3561 ventosas
2084 3523 2256 3561 nuces
2306 3509 2362 3561 in
2399 3524 2613 3562 summo

376 3595 610 3650 humore
644 3594 979 3654 consistere,
1034 3607 1239 3661 qraves
1298 3597 1481 3644 aulem
1532 3597 1587 3645 et
1625 3591 1828 3661 plenas
1881 3593 2099 3663 inteqro
2132 3593 2333 3661 fructu
2378 3594 2457 3648 ad
2502 3594 2613 3648 ima

377 3681 608 3750 deferri.
679 3679 787 3732 iam
823 3675 1080 3731 Buechel.
1121 3676 1220 3729 hac
1256 3682 1537 3729 structura
1573 3675 1841 3744 offendit,
1892 3677 1991 3730 sed
2030 3685 2209 3732 tamen
2250 3685 2465 3732 mutare
2501 3694 2609 3732 non

375 3766 516 3831 vult,
553 3781 676 3818 cum
716 3764 973 3817 adnotet:
1011 3761 1291 3832 tripertito
1330 3760 1593 3815 dividitur
1627 3761 1893 3827 inanitas,
1934 3762 2208 3832 tripertito
2234 3763 2417 3818 statim
2438 3763 2615 3835 pleni-

378 3851 528 3907 tudo.
599 3849 698 3904 sed
748 3849 952 3903 omissa
1002 3845 1367 3914 intolerabili,
1423 3851 1485 3900 ut
1531 3845 1659 3900 mihi
1715 3847 1939 3915 quidem
1994 3847 2247 3908 videtur.
2306 3849 2618 3916 tautologia

376 3941 659 3991 structura
706 3941 814 3988 tam
851 3933 1181 3987 inconcinna
1227 3937 1342 3996 cst,
1397 3938 1461 3985 ut
1517 3932 1626 3984 tale
1674 3932 2018 3985 enuntiatum
2057 3933 2320 3986 Petronio
2373 3934 2466 3988 vix
2521 3934 2612 3987 tri·

376 4022 607 4076 buerim.
679 4033 851 4089 quare
888 4017 1099 4072 seilicet
1132 4017 1255 4070 sine
1290 4015 1528 4070 medulla
1565 4022 1623 4070 ct
1657 4017 1873 4088 inleqro
1904 4018 2109 4088 fructu
2146 4034 2248 4086 pro
2273 4019 2614 4084 glossemati-

377 4108 481 4162 bus
519 4105 774 4159 habenda
808 4109 868 4156 et
903 4102 1155 4157 eicienda
1178 4115 1303 4155 csse
1328 4108 1481 4170 puto.
1527 4101 1735 4155 scilieet
1757 4103 1879 4156 sine
1902 4102 2142 4156 medulla
2170 4103 2614 4172 superscriptum

377 4199 495 4246 erat
529 4191 599 4245 ad
637 4189 1028 4259 explicandum
1063 4187 1294 4240 verbum
1332 4187 1533 4240 inanes
1564 4193 1623 4240 et
1644 4188 1862 4258 iviteqro
1884 4189 2080 4257 fructu
2116 4188 2184 4240 ad
2213 4188 2612 4257 explicandum

376 4278 608 4332 verbum
638 4278 863 4349 plenas.

2144 4378 2210 4430 22
